3016 3958
238 1798 508 1849 CXXXII.

204 3041 507 3089 CXXXIII.

517 620 629 678 200
1067 627 1358 684 CARTAE
1403 628 1901 684 ORIGINALES.

517 819 680 863 natum
726 817 938 880 magistri
988 819 1168 866 Thome
1217 819 1265 866 in
1312 819 1657 882 possessionem
1705 819 1881 867 realem
1926 847 1936 856 ·
1978 847 1987 857 ·
2028 847 2038 856 ·
2079 822 2457 867 tenementorum

518 908 727 952 ortorum
746 906 1017 954 horreorum
1040 923 1255 955 acrarum
1276 907 1550 955 atrabilium
1575 911 1624 956 et
1647 923 1909 956 annuorum
1937 908 2204 955 reddituum
2230 908 2461 971 prescrip-

519 997 675 1040 torum
717 1022 727 1032 ·
768 1021 780 1034 ·
825 1022 835 1032 ·
879 995 1068 1043 induxit
1113 1024 1123 1033 ·
1170 1024 1180 1034 ·
1226 1024 1236 1033 ·
1281 997 1409 1044 Acta
1458 1000 1594 1044 erant
1640 997 1729 1044 hec
1774 1025 1784 1034 ·
1830 1023 1843 1035 ··
1886 1024 1896 1035 ·
1940 996 2239 1060 presentibus
2284 997 2459 1044 ibidem

519 1083 731 1132 honestis
765 1083 878 1132 viris
915 1085 947 1131 J
952 1085 1136 1133 ohanne
1175 1085 1383 1134 Moreiss
1417 1085 1573 1133 incola
1609 1085 1835 1134 Ciuitatis
1870 1085 2205 1134 Brechinensis
2238 1086 2272 1132 J
2277 1085 2460 1133 ohanne

522 1172 732 1220 Baxstar
754 1173 984 1235 armigero
1005 1173 1250 1222 Willelmo
1273 1174 1559 1222 Wichttoun
1583 1174 1793 1223 eiusdem
1819 1174 2043 1223 Ciuitatis
2067 1173 2223 1221 incola
2247 1173 2461 1221 Roberto

523 1260 793 1310 Gudfallow
832 1261 1078 1310 Willelmo
1115 1263 1334 1326 Kynneir
1368 1263 1464 1311 filio
1501 1264 1738 1327 quondam
1775 1262 2007 1311 Willelmi
2045 1261 2263 1326 Kynneir
2308 1260 2461 1309 incole

523 1350 858 1399 Brechinensis
882 1366 986 1398 cum
1013 1351 1213 1401 diuersis
1236 1352 1343 1400 aliis
1367 1352 1572 1401 testibus
1610 1380 1620 1390 ·
1663 1380 1673 1390 ·
1713 1380 1723 1390 ·

594 1440 659 1486 Et
694 1456 780 1503 ego
817 1440 1161 1489 Archiebaldus
1186 1441 1353 1489 Stuart
1380 1440 1579 1490 clericus
1603 1440 1944 1490 Sanctiandree
1971 1440 2068 1489 (1ἰοὓ
2090 1439 2305 1503 publicus
2330 1455 2466 1488 sacra

527 1528 814 1576 auctoritate
839 1528 1103 1592 apostolica
1125 1530 1339 1579 notarius
1378 1558 1387 1567 ·
1427 1558 1437 1567 -
1478 1558 1487 1567 ·

541 1762 935 1846 Instrumentum
985 1814 1077 1862 quo
1124 1799 1367 1862 praefatus
1414 1798 1641 1861 magister
1687 1799 1896 1847 Thomas
1944 1798 2181 1846 Meldrum
2235 1798 2293 1844 de
2346 1796 2471 1859 Segy

532 1886 739 1949 resignat
763 1886 811 1934 in
836 1886 1053 1935 manibus
1086 1887 1120 1932 J
1125 1886 1261 1934 acobi
1297 1887 1507 1934 Araniae
1532 1887 1720 1936 comitis
1745 1887 1921 1936 domini
1947 1886 2275 1935 Hammiltoun
2298 1886 2472 1935 tutoris

532 1976 781 2023 Scotorum
820 1975 1034 2037 Reginae
1066 1991 1124 2023 ac
1146 1975 1476 2039 gubernatoris
1517 1976 1728 2038 ejusdem
1766 1976 1896 2039 regni
1935 1976 2282 2040 suprascriptas
2318 1979 2473 2023 terras

529 2068 803 2112 tenementa
837 2069 967 2113 ortos
1001 2065 1172 2112 horrea
1206 2080 1344 2113 acras
1378 2069 1611 2113 terrarum
1650 2069 1698 2113 et
1734 2081 1915 2114 annuos
1950 2065 2167 2113 redditus
2190 2065 2237 2112 in
2262 2064 2470 2112 favorem

530 2153 776 2217 perdilecti
800 2153 883 2200 filii
907 2155 979 2202 sui
1004 2154 1236 2202 antedicti
1260 2154 1473 2217 magistri
1500 2154 1692 2218 Georgii
1720 2154 1957 2202 Meldrum
1978 2172 1990 2212 3
2015 2159 2270 2210 reservato,
2294 2158 2469 2209 tamen,

530 2244 776 2291 usufructu
800 2244 1055 2291 eorundem
1091 2243 1220 2291 dicto
1245 2243 1470 2306 magistro
1497 2243 1707 2291 Thomae
1734 2242 1972 2291 Meldrum
1997 2259 2083 2307 pro
2106 2247 2320 2306 tempore
2344 2242 2471 2290 vitae

529 2348 641 2379 suae
679 2359 689 2369 ·
728 2332 1042 2380 Procuratore
1079 2332 1322 2380 nominato
1363 2331 1548 2395 Nigello
1588 2332 1755 2396 Layng
1792 2361 1802 2371 ·
1839 2333 2168 2382 Instrumento
2208 2333 2339 2380 facto
2381 2332 2468 2380 sub

529 2437 615 2469 suo
639 2420 791 2483 sigillo
815 2437 1051 2468 armorum
1077 2424 1126 2468 et
1150 2420 1494 2484 subscriptione
1512 2421 1718 2468 manuali
1739 2437 1897 2470 coram
1916 2421 1990 2470 his
2013 2422 2218 2470 testibus
2242 2421 2468 2484 magistro

530 2509 774 2558 Willelmo
816 2509 1055 2558 Meldrum
1094 2510 1288 2557 Andrea
1331 2509 1663 2558 Hendrisounc
1704 2510 1738 2556 J
1744 2526 1894 2558 oanne
1942 2510 2151 2574 Vydhall
2192 2510 2469 2558 Alexandro

531 2599 695 2647 Dunse
721 2614 825 2646 cum
852 2599 1048 2647 diversis
1071 2597 1177 2647 aliis
1215 2626 1225 2637 ·
1264 2599 1325 2646 13
1355 2598 1474 2645 Maii
1502 2599 1631 2647 1549
1673 2628 1682 2638 ·

533 2798 678 2846 Carta
722 2799 980 2847 feodifirme
1027 2814 1252 2849 concessa
1291 2816 1376 2864 per
1420 2800 1618 2849 vicarios
1658 2800 1929 2865 capellanos
1970 2805 2019 2849 et
2060 2801 2292 2850 choristas
2339 2800 2469 2847 chori

533 2887 866 2937 Brechinensis
888 2888 922 2935 J
927 2889 1099 2936 ohanni
1126 2889 1397 2938 Thomsoun
1422 2893 1471 2937 et
1496 2889 1597 2937 eius
1621 2905 1791 2953 sponse
1830 2918 1840 2927 -

543 3009 813 3091 Omnibus
849 3071 858 3081 ·
898 3071 908 3081 ·
947 3071 957 3081 ·
994 3044 1157 3091 vicarii
1192 3044 1426 3108 capellani
1462 3049 1511 3093 et
1548 3044 1753 3093 choriste
1790 3044 1920 3091 chori
1946 3042 2147 3091 ecclesie
2184 3043 2471 3092 cathedralis

535 3132 868 3181 Brechinensis
904 3131 1117 3180 Salutem
1161 3161 1171 3170 ·
1215 3159 1228 3172 ·
1271 3161 1283 3171 ·
1326 3132 1570 3182 Noueritis
1612 3148 1699 3181 nos
1743 3131 1954 3179 unanimi
1992 3147 2222 3180 consensu
2262 3159 2274 3171 .
2313 3160 2323 3170 ·
2362 3160 2373 3170 ·
2409 3134 2469 3179 ad

533 3221 833 3283 infrascripta
850 3220 1179 3283 capitulariter
1196 3225 1504 3285 congregatos
1541 3249 1552 3259 ·
1592 3249 1602 3259 ·
1640 3248 1650 3258 ·
1688 3236 1774 3283 pro
1798 3219 2095 3283 expositione
2120 3235 2299 3268 summe
2325 3221 2471 3283 quad-

533 3312 717 3374 raginta
756 3309 980 3356 librarum
1021 3310 1177 3357 fienda
1217 3326 1359 3374 super
1397 3309 1697 3374 reparatione
1735 3313 1784 3357 et
1831 3308 2159 3357 melioratione
2205 3310 2465 3357 tenementi

533 3400 682 3448 nostri
718 3397 1004 3460 infrascripti
1042 3396 1163 3445 infra
1203 3399 1321 3448 duos
1361 3414 1510 3447 annos
1548 3426 1557 3436 ·
1596 3425 1607 3437 ·
1647 3425 1657 3436 ·
1693 3413 1874 3445 necnon
1914 3426 1923 3435 ·
1964 3425 1974 3435 ·
2013 3426 2022 3435 ·
2061 3397 2273 3446 redditus
2313 3398 2461 3446 nostri
