3016 3958
501 648 610 702 142
1053 647 1344 703 CARTAE
1390 646 1889 703 ORIGINALES.

501 838 630 883 facto
653 837 825 899 prefati
851 841 1179 900 procuratores
1203 836 1511 901 solempniter
1533 837 1787 901 protestati
1810 841 1922 884 sunt
1947 837 2133 885 nomine
2169 852 2262 900 quo
2296 853 2438 901 supra

505 926 627 989 quod
654 926 875 989 quicquid
899 926 1077 974 factum
1118 925 1191 974 vel
1226 930 1410 990 gestum
1433 926 1577 975 fuerit
1615 926 1662 973 in
1701 925 1831 974 dicta
1853 925 2054 974 materia
2087 941 2172 989 per
2204 926 2439 990 prefatum

499 1015 706 1076 judicem
733 1019 816 1063 aut
840 1014 1027 1078 aliquos
1050 1014 1169 1064 alios
1192 1016 1252 1062 ad
1277 1015 1474 1064 assisam
1500 1014 1669 1064 missos
1691 1013 1765 1062 vel
1789 1013 1967 1062 electos
1999 1013 2198 1077 prefatis
2220 1014 2440 1078 episcopo

507 1108 556 1151 et
580 1103 789 1167 capitulo
825 1103 952 1152 dicte
986 1103 1186 1152 ecclesie
1222 1103 1556 1153 Brechinensis
1589 1119 1683 1152 non
1718 1104 1910 1152 cederet
1944 1103 1992 1151 in
2027 1102 2337 1167 preiudicium
2360 1109 2444 1151 aut

506 1209 760 1256 grauamen
784 1194 833 1240 in
857 1208 1017 1241 eorum
1040 1192 1238 1256 pacifica
1260 1192 1555 1256 possessione
1580 1192 1813 1241 dictarum
1835 1197 2067 1240 terrarum
2103 1195 2152 1240 et
2186 1192 2442 1240 officiorum

510 1298 615 1329 cum
650 1283 805 1330 dictus
841 1283 873 1328 J
878 1282 1088 1330 ohannes
1124 1297 1217 1329 non
1249 1282 1415 1330 habuit
1450 1297 1696 1346 personam
1721 1283 1887 1329 eadem
1922 1281 2143 1345 prosequi
2178 1297 2263 1345 pro
2298 1281 2445 1345 ipsius

511 1371 826 1433 resignatione
864 1399 874 1408 ·
913 1399 923 1408 ·
963 1399 972 1408 -
1009 1370 1262 1419 eorundem
1298 1370 1384 1419 sub
1419 1386 1505 1420 suo
1540 1386 1709 1434 magno
1738 1371 2011 1432 juramento
2057 1375 2196 1435 prout
2233 1371 2281 1418 in
2316 1371 2445 1419 dicto

511 1461 824 1508 instrumento
847 1458 1036 1523 publico
1059 1459 1230 1507 ibidem
1258 1459 1306 1507 in
1330 1459 1473 1522 plana
1496 1459 1629 1507 curia
1659 1458 1870 1523 perlecto
1893 1475 1998 1507 cum
2024 1460 2168 1508 certis
2190 1459 2298 1509 aliis
2319 1459 2447 1508 clau-

513 1549 628 1597 sulis
668 1549 729 1596 ad
770 1547 947 1596 dictam
987 1548 1234 1596 materiam
1275 1548 1555 1598 necessariis
1595 1547 1721 1596 clare
1762 1548 2026 1603 constabat,
2061 1553 2111 1596 et
2147 1550 2205 1596 de
2240 1549 2448 1598 remedio

507 1639 629 1699 juris
666 1663 677 1676 =
716 1666 726 1674 ·
765 1665 775 1674 ·
814 1636 968 1700 Super
986 1636 1156 1700 quibus
1193 1664 1203 1673 ·
1242 1665 1253 1673 -
1292 1664 1301 1673 ·
1338 1637 1579 1700 petierunt
1616 1664 1627 1674 ·
1666 1664 1677 1674 ·
1716 1664 1727 1674 ·
1763 1636 2127 1685 instrumentum
2164 1665 2174 1675 ·
2214 1666 2225 1676 ·
2263 1665 2273 1676 ·
2309 1639 2410 1686 fieri
2436 1667 2446 1676 -

518 1727 648 1775 Acta
686 1755 695 1764 ·
735 1755 745 1764 ·
784 1755 794 1764 ·
831 1726 879 1773 in
903 1726 1089 1790 prefato
1111 1726 1320 1789 pretorio
1359 1754 1368 1763 ·
1408 1754 1417 1764 ·
1457 1754 1467 1764 ·
1501 1727 1619 1774 hora
1641 1725 1775 1790 quasi
1799 1725 2048 1774 undecima
2070 1730 2182 1775 ante
2206 1727 2447 1775 meridiem

519 1845 529 1854 ·
569 1845 579 1854 ·
618 1845 627 1853 ·
666 1815 972 1864 Presentibus
996 1814 1172 1862 ibidem
1195 1814 1549 1863 honorabilibus
1572 1818 1622 1863 et
1646 1815 1863 1864 discretis
1886 1815 1998 1863 viris
2021 1815 2054 1862 J
2059 1815 2243 1864 ohanne
2267 1815 2451 1880 Demp—

518 1910 645 1954 stare
692 1906 750 1952 de
804 1902 1148 1952 Karaldistoun
1186 1902 1460 1951 Alexandro
1495 1903 1760 1951 Cravmond
1801 1904 1860 1951 de
1896 1903 2137 1952 Auldbare
2175 1903 2451 1954 Alexandro

520 1993 662 2055 Rynd
687 1993 745 2040 de
773 1991 1068 2039 Broxmonth
1095 1991 1305 2039 Henrico
1342 1991 1575 2040 Petcarne
1611 1993 1670 2040 de
1706 1992 1910 2040 Forther
1937 1992 2180 2056 Magistris
2207 1992 2451 2042 Willelmo

520 2082 756 2131 Meldrum
782 2081 1010 2130 canonico
1035 2081 1345 2130 Brechinensi
1367 2082 1400 2129 J
1404 2082 1554 2130 acobo
1578 2081 1750 2145 Ogiluy
1772 2082 1918 2130 fratre
1941 2098 2164 2145 germano
2187 2083 2368 2131 domini
2391 2085 2450 2132 de

520 2170 691 2234 Ogiluy
714 2174 764 2218 et
794 2169 958 2218 Dauid
984 2168 1127 2232 Crayl
1150 2170 1338 2218 notario
1360 2169 1549 2234 publico
1583 2187 1640 2219 ac
1676 2170 1848 2219 clerico
1874 2171 2230 2221 vicecomitatus
2253 2173 2311 2220 de
2337 2173 2453 2221 For-

518 2262 618 2308 fare
643 2276 748 2308 cum
774 2259 974 2308 diuersis
996 2258 1104 2307 aliis
1141 2287 1151 2297 ·
1190 2287 1200 2296 -

589 2349 654 2396 Et
680 2348 783 2411 Ego
807 2347 966 2395 Dauid
1006 2346 1112 2395 Bell
1150 2348 1391 2396 Presbiter
1423 2348 1763 2397 Sanctiandree
1789 2349 1923 2397 dioc·-
1957 2348 2170 2412 pnblicus
2193 2350 2455 2413 apostolica

522 2441 570 2485 et
595 2435 827 2499 imperiali
850 2436 1188 2486 autoritatibus
1213 2438 1426 2487 notarius
1464 2465 1474 2475 ·
1511 2437 1635 2493 Quia
1672 2465 1682 2475 ·
1721 2465 1731 2475 ·
1771 2466 1780 2476 ·

526 2638 898 2686 Instrumentum
923 2636 1107 2686 Saisine
1145 2665 1155 2675 ·

259 2795 500 2841 LXXXI.
534 2760 615 2842 In
649 2795 836 2842 nomine
872 2794 1066 2842 Domini
1104 2822 1115 2831 ·
1153 2822 1162 2831 ·
1203 2821 1212 2830 ·
1248 2798 1413 2857 pateat
1447 2794 1694 2843 euidenter
1726 2795 1854 2858 quod
1889 2810 2013 2844 anno
2035 2795 2096 2844 ab
2120 2796 2456 2848 Incarnatione

527 2884 720 2932 Domini
752 2883 1001 2932 millesimo
1024 2883 1488 2946 quadringentesimo
1530 2883 1832 2946 nonogesimo
1867 2883 2070 2948 septimo
2109 2886 2284 2934 mensis
2304 2887 2339 2933 J
2341 2903 2457 2935 anu-

525 2973 612 3020 arii
637 2973 712 3020 die
747 2971 1007 3035 penultimo
1047 2971 1317 3020 Indictione
1357 2971 1510 3036 prima
1550 2972 1860 3021 Pontificatus
1897 2999 1908 3009 ·
1945 2999 1956 3009 ·
1999 3000 2010 3010 ·
2045 2971 2307 3021 Alexandri
2343 3002 2356 3014 ·
2393 3002 2405 3012 -
2441 3002 2454 3014 -

526 3078 646 3125 pape
670 3061 796 3110 sexti
819 3052 943 3109 anno
966 3065 1105 3110 sexto
1142 3089 1155 3098 ·
1191 3088 1201 3098 ·
1240 3087 1251 3100 ·
1286 3058 1598 3124 personaliter
1632 3059 1918 3108 constitutus
1950 3060 2237 3111 honorabilis
2262 3063 2331 3110 vir
2356 3063 2455 3112 Ro-

527 3153 690 3200 bertus
716 3151 898 3199 Litstar
920 3151 1040 3199 ciuis
1064 3149 1289 3198 Ciuitatis
1314 3148 1648 3197 Brechinensis
1684 3176 1694 3186 ·
1733 3176 1743 3185 ·
1782 3176 1792 3186 ·
1828 3164 1968 3196 vnum
1992 3164 2196 3198 annuum
2219 3152 2455 3200 redditum

527 3240 692 3303 viginti
714 3240 857 3287 trium
881 3238 1136 3287 solidorum
1159 3241 1209 3286 et
1233 3241 1436 3300 quatuor
1458 3236 1756 3284 denariorum
1779 3237 1839 3284 de
1855 3252 1947 3284 vno
1969 3240 2242 3288 tenemento
2259 3239 2453 3302 jacente

528 3329 649 3376 infra
683 3327 939 3375 Ciuitatem
966 3327 1330 3375 Brechinensem
1367 3341 1428 3373 ex
1463 3330 1598 3388 parte
1633 3325 1851 3374 orientali
1885 3325 2099 3375 eiusdem
2139 3328 2266 3377 inter
2303 3332 2456 3378 terras
