3016 3958
1009 635 1442 714 LITERAE
1507 637 1968 692 PAPALES.
2348 637 2458 691 405

512 814 642 855 etiam
667 814 700 855 si
725 828 909 869 persona
930 814 1026 870 ipsa
1046 815 1159 857 dicte
1181 815 1295 857 sedis
1309 815 1505 858 officialis
1524 815 1652 867 foret,
1676 819 1827 859 tenore
1848 830 2039 866 suarum,
2057 816 2095 858 si
2109 830 2239 873 super
2255 818 2335 859 hoc
2357 831 2456 859 con·
2492 817 2496 820 ’

512 893 623 935 fecte
644 893 843 944 fuissent,
865 893 1089 936 literarum
1110 894 1329 937 licentiam
1351 895 1566 938 concessit
1584 895 1769 939 acetiam
1794 895 2048 939 facultatem
2080 927 2090 938 .
2122 895 2277 939 Voluit
2307 900 2453 938 autem

510 972 651 1014 dictus
669 972 714 1014 N
716 973 909 1016 icholaus
930 974 1220 1030 predecessor,
1238 974 1353 1030 quod
1369 975 1614 1018 ordinarius
1634 975 1830 1032 prelatus
1853 990 1929 1018 seu
1950 976 2184 1019 canonicus
2208 976 2453 1019 antedictus

511 1052 563 1094 de
599 1054 797 1108 personis
837 1053 993 1109 quibus
1029 1054 1238 1096 beneficia
1272 1055 1521 1110 hujusmodi
1555 1069 1634 1111 per
1668 1056 1842 1098 easdem
1881 1056 2099 1112 simplices
2134 1056 2452 1113 resignationes

511 1133 710 1175 vacantia
730 1133 990 1183 conferrent,
1013 1148 1063 1176 ac
1083 1133 1257 1176 illarum
1278 1134 1523 1177 nominibus
1555 1139 1600 1178 et
1629 1136 1972 1192 cognominibus,
2005 1150 2171 1178 necnon
2192 1136 2344 1178 diebus
2366 1137 2452 1179 col-

507 1210 720 1254 lationum
751 1212 1012 1267 hujusmodi,
1045 1216 1200 1269 gentes
1232 1213 1414 1257 Camere
1444 1215 1681 1271 apostolice
1714 1230 1790 1258 seu
1821 1215 2096 1259 collectorem
2119 1219 2198 1259 aut
2219 1216 2453 1258 subcollec-

507 1294 648 1333 torem
670 1291 888 1334 fructuum
919 1296 964 1334 et
994 1297 1281 1348 proventuum
1304 1294 1442 1336 eidem
1463 1308 1631 1337 camere
1662 1295 1920 1346 debitorum,
1953 1297 1998 1338 in
2027 1297 2226 1352 partibus
2256 1296 2344 1339 illis
2374 1311 2452 1353 pro

508 1374 702 1427 tempore
751 1371 1021 1427 deputatum,
1062 1373 1317 1427 quantotius
1356 1374 1595 1416 certificare
1635 1380 1922 1430 procurarent
1957 1407 1967 1418 .
2012 1375 2214 1418 Ceterum
2256 1377 2452 1432 prefatus

510 1450 753 1493 Nicholaus
773 1451 1053 1506 predecessor
1074 1452 1213 1493 eidem
1236 1451 1447 1503 Gilberto,
1461 1456 1511 1495 ut
1530 1453 1576 1494 in
1597 1453 1796 1496 Romana
1816 1454 1937 1496 curia
1958 1468 2034 1496 seu
2050 1454 2144 1497 loco
2165 1456 2240 1498 ubi
2262 1456 2453 1498 studium

507 1529 677 1586 vigeret
721 1530 925 1586 generale
966 1531 1207 1582 residendo,
1252 1546 1329 1574 seu
1369 1532 1507 1588 ipsius
1553 1532 1757 1575 Nicholai
1807 1534 2126 1590 predecessoris
2171 1538 2215 1578 et
2259 1535 2453 1578 Romane

506 1609 686 1651 ecclesie
718 1609 909 1652 servitiis
943 1640 954 1651 .
990 1643 998 1651 .
1030 1641 1039 1651 .
1074 1611 1119 1652 in
1149 1611 1266 1654 dicta
1301 1612 1422 1654 curia
1452 1611 1521 1654 vel
1553 1616 1677 1655 extra
1709 1628 1818 1664 eam,
1851 1619 1930 1656 aut
1959 1615 2171 1657 carissimi
2202 1615 2247 1657 in
2280 1607 2453 1658 Christo

506 1689 585 1730 filii
608 1689 747 1731 nostri
774 1689 927 1732 Jacobi
953 1690 1090 1746 Regis
1114 1690 1340 1734 Scotorum
1363 1691 1549 1734 illustris
1570 1693 1789 1748 obsequiis
1810 1694 2066 1745 insistendo,
2090 1695 2145 1737 ad
2166 1695 2386 1738 residuum
2407 1696 2451 1737 in

506 1769 592 1812 alio
628 1769 697 1811 vel
734 1769 833 1811 aliis
867 1770 1089 1812 beneficiis
1125 1770 1483 1827 quibuscumque,
1520 1773 1651 1814 etiam
1689 1773 1725 1814 si
1761 1787 1815 1815 ex
1849 1773 2105 1816 fundatione
2141 1775 2451 1817 consuetudine

506 1853 673 1892 statuto
697 1849 763 1891 vel
784 1851 836 1892 dc
862 1850 962 1905 jure
984 1850 1125 1893 dictus
1156 1850 1377 1893 Gilbertus
1398 1852 1452 1893 ad
1475 1852 1555 1894 hoc
1576 1855 1812 1903 teneretur,
1834 1867 1912 1909 per
1932 1853 2120 1909 aliquem
2143 1869 2195 1896 ex
2221 1855 2451 1897 ordinariis

505 1929 698 1971 locorum
726 1929 795 1970 vel
823 1929 921 1972 aliis
942 1930 1282 1986 quibuscumque
1308 1931 1471 1973 invitus
1501 1933 1713 1974 coarctari
1741 1947 1816 1974 seu
1841 1933 2040 1989 compelli
2060 1949 2145 1976 non
2168 1939 2329 1990 posset,
2351 1950 2452 1977 auc-

504 2010 685 2052 toritate
715 2009 957 2066 apostolica
987 2014 1136 2052 tenore
1179 2024 1370 2061 suarum,
1410 2010 1446 2053 si
1484 2025 1615 2067 super
1649 2013 1730 2054 hoc
1763 2012 1956 2055 confecte
1988 2013 2189 2063 fuissent,
2224 2014 2448 2056 literarum
2482 2030 2486 2033 “

505 2088 687 2131 indulsit
719 2120 726 2131 .
763 2120 772 2130 .
803 2122 812 2131 .
845 2089 1095 2145 apostolicis
1118 2090 1297 2132 statutis
1328 2094 1371 2132 et
1402 2091 1787 2134 consuetudinibus
1809 2093 2068 2151 supradictis
2089 2095 2330 2150 ceterisque
2352 2110 2451 2137 con-

503 2169 653 2211 trariis
675 2183 762 2211 non
784 2169 1060 2211 obstantibus
1091 2170 1433 2226 quibuscumque
1466 2201 1477 2212 .
1510 2201 1520 2213 .
1554 2204 1563 2212 .
1596 2171 1655 2213 Et
1675 2172 1853 2228 insuper
1874 2172 2069 2228 prefatus
2092 2172 2332 2215 Nicholaus
2354 2188 2450 2230 pre-

503 2249 719 2299 decessor,
743 2263 797 2290 ne
811 2248 952 2291 dictus
976 2248 1198 2292 Gilbertus
1220 2254 1371 2292 contra
1392 2250 1700 2306 predictarum,
1725 2251 1761 2294 si
1779 2266 1909 2307 super
1929 2253 2010 2295 hoc
2034 2254 2227 2296 confecte
2247 2253 2446 2303 fuissent,

502 2315 728 2371 literarum
745 2342 795 2370 ac
808 2328 911 2371 dicti
928 2329 1116 2385 Eugenii
1131 2329 1358 2372 literarum
1377 2334 1550 2372 tenores
1579 2363 1587 2373 .
1615 2362 1626 2373 .
1657 2363 1665 2371 .
1690 2345 1768 2387 per
1788 2331 1960 2387 aliquos
1976 2336 2171 2389 tempore
2192 2335 2449 2390 procedente

504 2408 813 2451 molestaretur
844 2441 853 2451 .
884 2441 894 2452 .
928 2439 938 2450 .
971 2409 1208 2451 venerabili
1229 2410 1354 2452 fratri
1375 2414 1525 2453 nostro
1547 2414 1652 2453 tunc
1673 2411 1874 2467 episcopo
1896 2412 2194 2456 Alexandrino
2216 2417 2260 2456 et
2280 2413 2452 2456 dilectis

504 2488 604 2530 filiis
627 2487 789 2530 Abbati
811 2488 1071 2531 Monasterii
1099 2489 1247 2531 Sancti
1270 2489 1435 2532 Thomo
1458 2490 1658 2532 Martiris
1688 2491 1740 2533 de
1775 2492 2074 2535 Aberbrothoe
2099 2492 2249 2537 Sancti
2277 2493 2448 2536 Andree

501 2568 685 2610 diocesis
706 2582 757 2610 ac
779 2568 1096 2611 Archidiacono
1119 2569 1312 2611 Ecclesie
1334 2569 1659 2613 Dunkeldensis
1679 2585 1758 2626 per
1778 2586 1895 2622 suas,
1930 2572 1967 2614 si
1999 2587 2128 2628 super
2150 2573 2230 2615 hoc
2252 2573 2446 2615 confectc

501 2647 701 2697 fuissent,
738 2647 890 2690 literas
920 2648 1156 2698 mandavit,
1196 2663 1305 2704 quos
1338 2649 1470 2691 etiam
1503 2654 1756 2693 executores
1788 2683 1797 2693 .
1830 2683 1840 2692 .
1874 2683 1883 2693 .
1915 2651 2057 2694 dictus
2093 2652 2317 2708 Eugenius
2353 2669 2449 2709 pre-

503 2728 706 2769 decessor
738 2727 783 2768 in
817 2727 957 2770 literis
993 2728 1357 2771 executorialibus
1394 2743 1524 2785 super
1559 2730 1801 2786 priuilegiis
1836 2762 1844 2772 .
1878 2762 1888 2773 .
1923 2761 1933 2772 .
1964 2732 2170 2787 predictis
2206 2732 2446 2788 deputauit,

502 2807 708 2862 quatinus
741 2839 749 2849 .
783 2839 792 2848 .
828 2839 836 2849 .
869 2807 953 2863 ipsi
984 2821 1059 2849 seu
1081 2807 1194 2850 alter
1223 2822 1373 2850 eorum
1406 2838 1417 2849 .
1452 2840 1461 2850 .
1495 2841 1504 2850 .
1535 2813 1627 2851 tam
1648 2810 1752 2852 dicti
1772 2810 1959 2867 Eugenii
1983 2812 2300 2868 predecessoris
2321 2828 2450 2869 quam

502 2886 669 2937 literas,
694 2886 731 2928 si
754 2901 885 2942 super
907 2886 992 2929 hiis
1022 2887 1216 2930 confecte
1247 2888 1446 2939 fuissent,
1476 2890 1719 2932 executioni
1748 2890 1892 2932 debite
1922 2891 2251 2942 demandarent,
2282 2892 2450 2949 ipsique

502 2965 698 3009 Gilberto
722 2971 874 3009 contra
894 2981 1188 3023 quoscumque
1210 2968 1459 3010 turbatores
1485 2999 1494 3011 .
1522 3001 1531 3011 .
1563 2999 1571 3010 .
1599 2969 1874 3020 assisterent,
1896 2971 2180 3027 eumdemque
2207 2972 2447 3016 Gilbertum

480 3037 623 3102 'juxta
643 3046 816 3088 illarum
839 3047 1151 3090 continentiam
1185 3080 1193 3088 .
1226 3080 1235 3089 .
1269 3080 1279 3090 .
1310 3048 1353 3089 in
1377 3047 1538 3090 eisdem
1572 3080 1582 3091 .
1615 3080 1624 3091 .
1657 3080 1667 3091 .
1699 3049 1981 3092 defenderent
2012 3083 2023 3093 ,
2055 3081 2066 3092 .
2098 3083 2106 3093 .
2143 3051 2372 3103 Volumus,
2403 3059 2446 3096 et

501 3126 615 3169 dicto
642 3125 842 3170 Gilberto
871 3127 1114 3183 apostolica
1143 3128 1403 3170 auctoritate
1431 3128 1719 3179 concedimus,
1743 3129 1858 3184 quod
1879 3133 2105 3185 presentes
2126 3130 2251 3174 litere
2273 3133 2326 3174 ad
2349 3149 2447 3189 pro-

500 3206 689 3248 bandum
726 3206 852 3263 plene
893 3207 1262 3250 confirmationem
1296 3240 1304 3249 .
1341 3239 1349 3248 .
1382 3238 1390 3250 .
1423 3208 1671 3263 hujusmodi
1712 3208 1885 3251 omnino
1927 3209 2157 3261 sufficiant,
2198 3226 2276 3254 nec
2313 3213 2366 3254 ad
2402 3214 2445 3254 id

500 3286 768 3342 probationis
798 3285 980 3329 alterius
1011 3286 1319 3328 adminiculum
1340 3287 1588 3342 requiratur
1622 3319 1630 3328 .
1663 3287 1880 3339 Ceterum,
1915 3291 1964 3331 ut
1994 3289 2190 3345 prefatus
2223 3291 2444 3334 Gilbertus

499 3366 765 3424 presentium
805 3366 1031 3409 literarum
1076 3367 1270 3409 nativum
1317 3366 1526 3409 sortiatur
1569 3367 1769 3409 effectum
1807 3400 1816 3410 .
1855 3397 1864 3409 .
1901 3399 1910 3410 .
1948 3367 2164 3426 Episcopo
2196 3371 2355 3413 Abbati
2398 3378 2442 3415 et
