3022 3964
538 630 612 684 20
1122 629 1412 685 CARTAE
1457 629 1952 684 ORIGINALES.
2050 711 2053 713 Α

537 818 571 865 J
575 819 773 866 acobum
801 818 912 882 Myr
936 819 1034 882 xiij.
1060 835 1095 868 s.
1121 819 1214 881 viij.
1242 820 1286 866 d.
1324 818 1398 866 De
1434 819 1574 867 terris
1608 818 1779 881 prefati
1819 817 2047 865 Richardi
2071 817 2248 880 Turing
2270 833 2469 881 occupa-

538 907 603 955 tis
641 923 727 971 per
761 907 996 956 Jacobum
1038 907 1206 956 Potter
1243 924 1315 954 xv.
1355 923 1389 955 s.
1428 907 1503 955 De
1528 907 1668 954 terris
1689 906 1862 954 Jacobi
1889 905 2056 954 Cutlar
2091 906 2192 968 xiij.
2229 922 2266 954 s.
2303 906 2386 968 iiij.
2425 907 2468 953 d.

540 995 617 1044 De
640 996 782 1044 terris
818 997 875 1044 de
911 995 956 1044 le
994 996 1190 1045 Fetheis
1214 1012 1355 1059 super
1378 996 1421 1042 le
1450 995 1663 1042 Melehill
1689 995 1788 1058 xiij.
1814 1011 1848 1044 s.
1876 995 1958 1058 iiij.
1984 996 2027 1042 d.
2054 995 2130 1043 De
2153 995 2294 1044 terris
2315 994 2471 1058 capel-

538 1084 751 1133 lanorum
799 1085 930 1133 chori
961 1084 1102 1132 -dicte
1144 1084 1341 1133 ecclesie
1384 1083 1684 1132 Cathedralis
1727 1083 2059 1132 Brechinensis
2105 1084 2268 1131 decem
2309 1099 2345 1131 s.
2394 1083 2470 1129 De

538 1173 680 1222 terris
717 1174 776 1221 de
813 1173 858 1221 le
897 1173 1092 1221 Fetheis
1130 1174 1373 1236 occupatis
1410 1189 1494 1236 per
1516 1173 1769 1220 'Jacobum
1810 1173 1977 1221 Potter
2011 1172 2105 1235 xvj.
2141 1188 2177 1221 s.
2215 1172 2291 1220 De
2330 1172 2471 1221 terris

542 1261 743 1310 Roberti
781 1261 1034 1311 Thowlace
1074 1261 1174 1323 xiij.
1213 1278 1248 1310 s.
1288 1261 1369 1323 iiij.
1410 1262 1453 1308 d.
1495 1261 1571 1309 De
1595 1262 1736 1310 terris
1759 1262 1793 1308 J
1797 1261 1996 1311 ohannis
2021 1261 2204 1310 Guthre
2228 1261 2472 1325 occupatis

539 1366 624 1413 per
649 1349 901 1398 Matildam
926 1349 1091 1397 Cabell
1116 1350 1172 1411 vj.
1209 1366 1244 1398 s.
1281 1350 1375 1412 viij.
1412 1351 1455 1397 d.
1494 1350 1568 1397 De
1604 1350 1743 1399 terris
1766 1351 2004 1414 quondam
2026 1350 2060 1398 J
2065 1351 2262 1399 ohannis
2286 1350 2474 1399 Saidlar

542 1454 663 1486 unus
699 1439 743 1486 d.
782 1438 858 1486 De
895 1438 1036 1487 terris
1077 1437 1322 1486 Malcolmi
1362 1438 1450 1486 Tib
1491 1455 1610 1487 unus
1648 1440 1695 1486 d.
1733 1439 1809 1486 De
1843 1439 1985 1489 terris
2020 1440 2198 1488 domini
2235 1441 2268 1487 J
2273 1440 2470 1488 ohannis

542 1527 739 1575 Walcar
761 1526 993 1591 capellani
1032 1528 1125 1575 duo
1164 1528 1208 1574 d.
1245 1527 1280 1574 J
1282 1527 1529 1576 acentibus
1563 1528 1686 1575 infra
1708 1527 1952 1576 ciuitatem
1975 1528 2237 1592 predictam
2261 1534 2400 1593 prout
2424 1529 2472 1576 in

540 1621 674 1664 carta
715 1621 879 1665 nostra
920 1615 1296 1665 mortificationis
1343 1615 1483 1665 dictis
1529 1615 1785 1680 capellanis
1825 1620 1874 1664 et
1920 1633 2080 1665 eorum
2127 1618 2473 1666 successoribus

541 1707 742 1769 desuper
775 1704 992 1754 confecta
1019 1703 1203 1767 plenius
1237 1704 1509 1752 continetur
1545 1732 1555 1741 ·
1594 1704 1744 1753 Vobis
1777 1704 2061 1768 precipimus
2101 1709 2151 1754 et
2197 1707 2472 1755 mandamus

541 1798 774 1858 quatenus
808 1793 935 1841 dicte
972 1791 1187 1842 Ecclesie
1230 1792 1532 1841 Cathedralis
1573 1792 1907 1842 Brechinensis
1952 1793 2209 1857 capellanis
2255 1794 2329 1842 vel
2375 1796 2472 1844 suis

451 1947 455 1951 .
543 1883 688 1931 certis
726 1882 988 1930 actornatis
1024 1881 1255 1930 latoribus
1291 1882 1579 1945 presentium
1617 1881 1821 1930 sasinam
1853 1881 2059 1930 omnium
2096 1886 2145 1930 et
2183 1883 2470 1950 singulorum

405 2859 514 2905 XV.

539 1971 857 2035 predictorum
893 1986 1151 2018 annuorum
1187 1970 1452 2018 reddituum
1491 1986 1595 2018 cum
1630 1971 1935 2034 pertinenciis
1968 1972 2223 2020 secundum
2258 1976 2469 2021 tenorem

540 2064 671 2109 carte
708 2063 868 2108 nostre
907 2074 1045 2122 quam
1085 2059 1142 2106 de
1180 2058 1316 2107 nobis
1353 2059 1461 2106 inde
1498 2059 1673 2106 habent
1711 2087 1720 2096 ·
1755 2058 1789 2105 J
1794 2063 1898 2107 uste
1922 2059 2187 2108 huiusmodi
2209 2061 2398 2110 faciatis
2422 2066 2471 2110 et

541 2150 641 2198 sine
666 2148 892 2196 dilatione
922 2150 971 2195 et
1007 2147 1097 2194 hoc
1135 2146 1405 2194 nullomodo
1448 2147 1682 2195 omittatis
1720 2175 1729 2184 ·
1768 2146 1850 2194 Ad
1889 2148 2011 2211 quod
2050 2147 2315 2197 faciendum
2341 2151 2472 2199 vobis

542 2243 590 2286 et
614 2241 819 2286 vestrum
845 2234 1041 2283 cuilibet
1066 2234 1352 2283 coniunctim
1392 2239 1441 2282 et
1480 2235 1666 2283 diuisim
1703 2234 1892 2283 balliuis
1930 2236 2104 2285 nostris
2138 2237 2186 2284 in
2221 2238 2311 2286 hac
2334 2245 2469 2303 parte

542 2325 880 2375 committimus
916 2327 1202 2387 potestatem
1243 2352 1253 2361 ·
1291 2322 1469 2371 Datum
1509 2323 1594 2371 sub
1632 2324 1904 2372 testimonio
1946 2325 2107 2388 Magni
2144 2325 2295 2389 Sigilli
2320 2329 2468 2377 nostri

541 2416 683 2479 Apud
709 2412 915 2473 Brechin
940 2412 1125 2461 Octauo
1155 2412 1230 2459 die
1266 2412 1439 2460 mensis
1475 2413 1676 2475 Augusti
1714 2415 1852 2461 Anno
1879 2413 2031 2476 Regni
2055 2415 2205 2463 nostri
2230 2415 2471 2464 vicesimo-

540 2519 691 2567 prnno
724 2531 732 2539 -

540 2701 815 2766 Capellania
839 2703 896 2749 de
925 2702 1123 2764 Brichty
1162 2730 1171 2739 ·

547 2828 780 2906 Jacobus
827 2859 919 2905 Dei
971 2859 1124 2921 gratia
1171 2858 1279 2905 Rex
1327 2857 1598 2906 Scottorum
1649 2886 1660 2895 ·
1711 2857 1940 2908 Omnibus
1989 2860 2148 2923 probis
2199 2861 2464 2913 hominibus

539 2947 688 2995 totius
731 2946 883 3008 Regni
924 2946 996 2994 sui
1037 2946 1234 2994 Clericis
1275 2951 1323 2994 et
1370 2946 1529 2995 Laicis
1570 2946 1784 2996 Salutem
1821 2975 1831 2985 ·
1869 2947 2045 2997 Sciatis
2085 2965 2171 2998 nos
2203 2953 2465 3018 'quamdam

541 3035 734 3082 Cartam
771 3034 1001 3082 carissimi
1038 3035 1370 3097 consanguinei
1408 3035 1559 3083 nostri
1597 3034 1860 3083 Alexandri
1901 3036 2137 3100 Lindesay
2174 3037 2373 3088 Comitis
2408 3043 2466 3089 de

539 3123 813 3171 Crawfurde
852 3151 861 3160 ·
901 3151 910 3159 ·
950 3151 960 3159 ·
997 3122 1278 3172 intellixisse
1315 3124 1363 3171 in
1400 3124 1488 3171 hec
1525 3123 1668 3172 verba
1706 3151 1715 3161 ·
1754 3123 1982 3172 Omnibus
2018 3124 2107 3172 hoc
2142 3126 2365 3189 scriptum
2404 3130 2468 3175 vi-

539 3211 660 3260 suris
682 3211 757 3259 vel
779 3211 1011 3259 audituris
1035 3210 1308 3259 Alexander
1334 3212 1571 3274 Lindesay
1607 3211 1777 3260 Comes
1801 3212 1860 3259 de
1885 3211 2159 3261 Crawfurde
2183 3213 2395 3263 Salutem
2420 3218 2467 3264 in

540 3300 746 3348 Domino
767 3300 1100 3363 sempiternam
1139 3327 1149 3338 ·
1188 3299 1429 3349 Noueritis
1465 3315 1540 3348 me
1581 3315 1666 3362 pro
1703 3296 1879 3375 salubri
1903 3303 2032 3349 statu
2057 3300 2149 3349 mei
2173 3306 2221 3350 et
2248 3303 2472 3354 Mariorie
