3016 3958
549 632 659 688 268
1085 630 1401 688 CARTAE
1453 631 1555 686 DE
1607 627 2006 684 ECCLESIIS

548 827 662 854 nunc
683 813 934 862 existentes,
958 813 1038 854 bac
1060 812 1334 855 ordinacione
1354 814 1508 853 nostra
1527 823 1614 852 non
1644 810 1861 858 obsta-nte,
1883 808 2160 865 porcionibus
2180 824 2294 853 nunc
2314 811 2490 861 habitis,

547 894 815 949 temporibus
851 894 941 935 suis
978 893 1067 935 sint
1105 892 1298 935 contenti
1334 924 1343 934 .
1382 891 1588 933 Preterea
1623 889 1860 932 ordinando
1897 889 2131 933 diffinimus
2166 894 2211 934 et
2232 891 2493 934 'diffiniendo

548 973 811 1029 ordinamus,
833 973 947 1029 quod
967 973 1100 1015 abbas
1127 976 1172 1014 et
1202 975 1442 1014 conuentus
1473 969 1726 1012 monasterii
1755 969 1808 1011 de
1839 969 2140 1012 Aberbrothoc
2161 971 2343 1026 predicti
2362 972 2495 1014 habe-

551 1056 631 1095 ant
661 1056 841 1095 teneant
870 1058 915 1095 et
945 1053 1209 1109 possideant,
1239 1051 1374 1094 libere
1405 1051 1549 1106 quiete
1579 1054 1625 1092 et
1658 1049 1849 1106 pacifice,
1881 1049 2089 1091 rectorias
2124 1063 2202 1092 seu
2233 1054 2493 1106 personatus

550 1132 827 1176 ecclesiarum
849 1132 1141 1188 predictarum
1162 1131 1214 1173 de
1231 1131 1447 1187 Panbryd,
1463 1130 1684 1185 Monieky,
1707 1128 2026 1185 Kyngoldrum‚
2049 1131 2094 1171 et
2113 1129 2166 1171 de
2187 1128 2494 1186 Dunnechtyn‚

548 1213 593 1254 in
614 1216 869 1268 perpetuum
891 1213 1053 1267 absque
1074 1211 1219 1267 aliquo
1240 1211 1457 1253 ordinario
1478 1223 1622 1260 onere,
1645 1208 1769 1251 salua
1795 1212 1943 1251 tamen
1973 1209 2175 1266 episcopo
2198 1209 2494 1266 Brechynensi

550 1293 623 1347 qui
644 1306 722 1348 pro
743 1296 936 1348 tempore
957 1291 1088 1333 fuerit
1108 1290 1403 1333 iurisdictione
1423 1290 1595 1332 racione
1626 1289 1840 1331 dictarum
1869 1289 2152 1332 rectoriarum
2176 1289 2268 1332 siue
2288 1304 2494 1346 persona-

552 1376 674 1413 tuum
709 1371 790 1413 sibi
822 1371 875 1413 de
907 1372 1000 1413 iure
1035 1373 1305 1426 competente
1342 1372 1508 1412 statuto
1543 1368 1610 1411 vel
1644 1369 1955 1411 consuetudine
1985 1401 1995 1412 .
2031 1368 2143 1412 Item
2174 1370 2426 1413 ordinamus
2448 1373 2494 1413 et

551 1451 787 1493 ordinando
817 1450 1064 1500 diffinimus,
1097 1450 1211 1506 quod
1241 1463 1391 1492 omnes
1420 1453 1539 1491 carte
1570 1452 1615 1491 et
1643 1448 1949 1499 instrumenta,
1975 1447 2013 1491 si
2034 1462 2143 1504 quas
2163 1449 2233 1491 vel
2258 1463 2341 1506 que
2361 1450 2495 1493 habet

552 1530 734 1573 ecclesia
754 1530 1072 1586 Brechynensis
1087 1532 1339 1579 memorata,
1357 1542 1440 1584 que
1462 1528 1543 1570 sibi
1564 1527 1663 1584 plus
1683 1527 1791 1570 iuris
1811 1528 2010 1571 tribuunt
2029 1528 2075 1570 in
2096 1532 2283 1585 quatuor
2297 1530 2495 1572 rectoriis

551 1610 750 1666 superius
771 1610 1004 1652 nominatis
1025 1622 1155 1665 quam
1186 1609 1232 1650 in
1261 1607 1508 1650 huiusmodi
1538 1607 1813 1649 ordinacione
1840 1612 1993 1650 nostra
2012 1609 2281 1665 exprimitur,
2302 1613 2347 1652 et
2366 1624 2494 1652 versa

549 1692 655 1741 vice,
686 1690 723 1732 si
753 1690 934 1746 predicti
965 1690 1099 1731 abbas
1134 1693 1178 1731 et
1209 1690 1448 1730 conuentus
1479 1687 1627 1743 aliqua
1659 1688 1851 1730 habeant
1879 1687 2183 1745 instrumenta,
2204 1703 2288 1745 que
2309 1690 2373 1732 eis
2393 1689 2492 1746 plus

547 1770 654 1811 iuris
686 1769 885 1812 tribuunt
918 1769 964 1811 in
1000 1768 1194 1811 ecclesiis
1225 1768 1278 1810 de
1313 1767 1544 1823 Katerlyn,
1576 1771 1622 1810 et
1651 1767 1704 1809 de
1735 1767 1990 1824 Marigtona
2018 1781 2069 1810 ac
2099 1768 2230 1812 terris
2251 1772 2296 1812 et
2315 1769 2493 1812 decimis

548 1850 780 1891 earundem
813 1849 1011 1904 superius
1042 1850 1272 1904 expressis,
1305 1862 1435 1904 quam
1470 1847 1518 1889 in
1551 1846 1800 1889 huiusmodi
1831 1847 2107 1891 ordinacione
2127 1848 2403 1898 continetur;
2439 1849 2492 1891 de

546 1934 688 1971 cetero
710 1928 872 1970 nullius
893 1928 982 1970 sint
1002 1927 1170 1970 roboris
1190 1931 1267 1970 aut
1286 1926 1509 1970 firmitatis
1543 1958 1552 1968 .
1586 1926 1772 1982 Insuper
1792 1926 2043 1969 ordinamus
2073 1931 2119 1970 et
2148 1929 2388 1972 ordinando
2409 1929 2488 1971 dif-

546 2008 734 2057 finimus,
755 2008 868 2063 quod
890 2011 1037 2063 partes
1059 2010 1295 2050 memorate
1326 2010 1478 2049 contra
1507 2006 1754 2049 huiusmodi
1775 2006 2095 2049 ordinacionem
2125 2010 2335 2058 nostram,
2358 2008 2491 2051 nullis

546 2088 705 2130 futuris
725 2087 991 2143 temporibus
1019 2087 1179 2130 directe
1210 2087 1279 2129 vel
1309 2087 1517 2130 indirecte
1545 2086 1694 2129 venire
1724 2089 1995 2143 presumant,
2029 2086 2106 2129 sed
2135 2101 2230 2130 eam
2261 2087 2493 2144 diligenter

548 2168 727 2210 firmiter
747 2182 797 2209 ac
818 2167 1004 2210 fideliter
1033 2181 1111 2223 pro
1142 2171 1236 2210 toto
1266 2181 1394 2223 posse
1421 2181 1499 2209 suo
1529 2167 1575 2208 in
1605 2166 1766 2209 virtute
1786 2165 2018 2209 iuramenti
2050 2167 2223 2223 prestiti
2245 2168 2491 2218 obseruent,

550 2248 629 2289 sub
654 2262 765 2303 pena
787 2246 905 2289 mille
926 2247 1133 2288 librarum
1163 2246 1471 2302 sterlingorum
1502 2259 1672 2288 camere
1701 2245 1862 2287 domini
1894 2259 2004 2302 pape
2033 2259 2062 2288 a
2080 2249 2205 2302 parte
2226 2250 2377 2290 contra
2396 2261 2492 2303 pre-

548 2330 712 2369 sentem
754 2326 1070 2368 ordinacionem
1112 2340 1187 2368 seu
1227 2326 1530 2368 diffinicionem
1570 2325 1785 2376 veniente,
1828 2326 1873 2367 in
1915 2325 2154 2368 subsidium
2189 2330 2305 2370 terre
2341 2332 2491 2370 sancte

547 2407 850 2449 soluendarum
884 2437 895 2447 .
925 2406 985 2448 Et
1005 2405 1311 2448 nichilominus
1333 2406 1370 2448 si
1391 2405 1550 2461 aliquis
1574 2405 1802 2461 episcopus
1832 2405 2148 2461 Brechynensis
2178 2406 2252 2462 qui
2281 2421 2361 2463 pro
2381 2411 2493 2450 tem-

546 2500 649 2542 pore
669 2486 813 2536 fuerit,
837 2490 988 2528 contra
1009 2485 1148 2541 ipsam
1170 2485 1490 2527 ordinacionem
1512 2498 1589 2526 seu
1609 2484 1913 2527 diffinicionem
1929 2485 2111 2536 venerit,
2129 2499 2207 2528 seu
2226 2486 2282 2528 ad
2302 2486 2491 2543 aliquem

548 2569 690 2608 actum
712 2565 768 2607 ad
798 2565 878 2607 hoc
901 2564 1160 2614 ordinatum,
1193 2579 1289 2606 cum
1319 2565 1478 2606 effectu
1498 2563 1781 2620 procedendo,
1811 2565 1958 2606 venire
1978 2566 2332 2622 attemptauerit3
2362 2566 2492 2610 liceat

546 2645 692 2687 abbati
712 2644 964 2687 monasterii
994 2643 1047 2686 de
1078 2644 1379 2686 Aberbrothoc
1410 2643 1608 2699 predicti,
1637 2657 1787 2686 omnes
1816 2644 2114 2699 possessiones
2143 2645 2339 2689 redditus
2358 2650 2490 2703 atque

547 2725 654 2773 iura,
676 2738 753 2780 per
772 2725 883 2765 hanc
904 2723 1221 2765 ordinacionem
1243 2737 1321 2766 seu
1340 2722 1641 2765 diffinicionem
1671 2726 1867 2766 nostram
1897 2723 2077 2766 ecclesie
2099 2724 2414 2781 Brechynensis
2435 2726 2488 2768 de

547 2818 659 2845 nouo
681 2804 919 2859 assignata,
939 2816 1018 2858 per
1039 2816 1085 2844 se
1106 2802 1174 2844 vel
1196 2802 1329 2844 alium
1351 2816 1650 2858 quemcunque
1670 2802 1932 2845 auctoritate
1953 2803 2142 2859 propria,
2164 2803 2297 2846 libere
2328 2808 2373 2847 et
2393 2805 2487 2848 sine

548 2883 854 2938 impedimento
868 2897 1121 2938 quocunque
1138 2882 1306 2939 ingredi
1323 2896 1374 2924 ac
1396 2896 1620 2938 occupare,
1637 2886 1682 2925 et
1696 2883 1828 2925 etiam
1844 2883 1897 2924 de
1914 2883 2075 2925 eisdem
2095 2883 2228 2926 libere
2244 2884 2487 2941 disponere,

547 2965 677 3017 prout
698 2965 800 3002 ante
829 2961 940 3003 hanc
971 2961 1289 3004 ordinacionem
1319 2965 1514 3004 nostram
1548 2975 1624 3003 seu
1655 2961 1972 3012 diffinicionem,
1995 2962 2223 3019 disponere
2248 2965 2487 3015 consueuit,

549 3040 712 3082 nullius
732 3040 906 3096 penitus
926 3040 1109 3083 licencia
1137 3042 1277 3097 petita
1306 3041 1376 3083 vel
1407 3044 1587 3097 optenta
1616 3071 1627 3083 .
1659 3041 1864 3083 Preterea
1888 3040 2134 3084 diffiniendo
2155 3042 2419 3095 ordinamus,
2442 3050 2488 3087 et

550 3118 786 3161 ordinando
818 3118 1064 3169 diffinimus,
1100 3120 1215 3175 quod
1247 3124 1397 3176 partes
1435 3119 1641 3177 predicte,
1678 3120 1789 3162 hanc
1823 3123 2020 3163 nostram
2054 3120 2374 3164 ordinacionem
2410 3137 2487 3165 seu

550 3198 852 3240 diffinicionem
871 3184 1113 3253 sumptibus
1134 3199 1432 3242 communibus
1453 3212 1584 3254 quam
1605 3199 1690 3241 cito
1711 3202 1930 3254 poterunt,
1951 3213 2031 3256 per
2044 3200 2189 3242 sedem
2202 3201 2487 3257 apostolicam

551 3277 796 3333 specialiter
816 3276 1058 3319 confirmari
1078 3282 1312 3333 procurent
1343 3309 1354 3321 .
1385 3278 1541 3321 Partes
1563 3291 1664 3320 vero
1679 3277 1870 3334 predicte
1885 3278 2110 3334 premissis
2126 3279 2325 3323 omnibus
2341 3294 2486 3323 coram

550 3358 656 3413 ipsis
677 3356 802 3400 lectis
823 3359 868 3399 et
887 3355 1118 3413 diligenter
1138 3358 1363 3408 recitatis;
1396 3371 1448 3400 ea
1477 3356 1623 3401 omnia
1652 3360 1697 3399 et
1728 3356 1900 3413 singula
1927 3361 2264 3414 acceptauerunt
2282 3358 2488 3403 laudaue-
