3016 3958
534 642 607 697 98
1089 643 1382 699 OARTAE
1427 645 1926 702 ORIGINALES.

539 829 588 877 in
612 830 828 879 manibus
850 830 1141 880 honorabilis
1176 833 1263 880 viri
1297 833 1331 880 J
1336 834 1536 883 ohannis
1571 836 1630 882 de
1666 835 1970 884 Schoriswod
1994 836 2159 884 balliui
2182 853 2240 885 ac
2263 853 2484 901 procura-

541 918 662 967 toris
697 918 978 968 venerabilis
1013 919 1098 967 viri
1135 921 1348 984 magistri
1388 922 1582 986 Georgii
1619 924 1677 971 de
1712 924 2014 973 Schoriswod
2049 925 2261 988 magistri
2299 926 2483 975 Domus

545 1007 640 1055 Dei
676 1009 734 1055 de
760 1007 966 1056 Brechin
1004 1037 1015 1046 ·
1054 1037 1065 1046 ·
1104 1036 1114 1047 ·
1150 1025 1334 1058 sursum
1359 1010 1570 1059 reddidit
1593 1028 1801 1076 pureque
1836 1016 1886 1060 et
1921 1012 2202 1077 simpliciter
2224 1014 2482 1078 resignauit

544 1124 555 1134 ·
595 1124 606 1134 ·
644 1125 655 1135 ·
692 1097 1023 1161 Quodquidem
1045 1102 1369 1148 tenementum
1407 1127 1418 1139 ι
1458 1129 1467 1138 ·
1507 1129 1518 1139 ·
1553 1102 1766 1165 prefatus
1787 1102 1822 1149 J
1826 1103 2036 1152 ohannes
2055 1103 2356 1152 Schoriswod
2375 1120 2483 1167 pro-

544 1185 656 1233 uido
679 1185 778 1234 viro
801 1186 835 1232 J
839 1186 1013 1234 ohanni
1038 1187 1196 1236 Smert
1221 1188 1315 1236 ciui
1340 1189 1651 1239 Brechinensi
1685 1207 1772 1254 per
1804 1192 2061 1240 eorundem
2096 1192 2236 1241 fustis
2264 1197 2314 1241 et
2338 1193 2494 1241 baculi

545 1274 851 1322 traditionem
886 1275 1086 1324 tradidit
1124 1279 1174 1324 et
1212 1277 1409 1325 donauit
1445 1279 1716 1327 mandando
1750 1286 1800 1328 et
1835 1281 2142 1344 precipiendo
2168 1281 2409 1330 Malcomo
2433 1283 2493 1329 de

547 1363 737 1426 Guthry
778 1362 956 1412 balliuo
998 1365 1127 1413 dicte
1168 1365 1382 1414 ciuitatis
1419 1371 1654 1430 quatenus
1687 1368 1903 1431 predicto
1939 1369 1974 1415 J
1978 1369 2151 1417 ohanni
2186 1370 2343 1418 Smert
2381 1398 2391 1408 ·
2432 1399 2441 1408 -
2482 1400 2491 1408 -

545 1452 784 1515 saysinam
822 1481 831 1491 ·
872 1481 881 1491 ·
921 1481 931 1491 ·
967 1454 1142 1516 prefati
1179 1456 1443 1503 tenementi
1482 1483 1491 1492 ·
1531 1483 1541 1494 ·
1580 1483 1591 1494 ·
1628 1457 1920 1506 ministraret
1959 1458 2040 1521 qui
2077 1474 2187 1506 vero
2226 1458 2492 1508 Malcomus

545 1542 606 1588 ad
630 1542 897 1606 predictum
932 1546 1259 1591 tenementum
1283 1543 1486 1592 accessit
1522 1559 1579 1592 ac
1610 1561 1697 1608 per
1717 1549 1896 1593 terram
1921 1551 1971 1594 et
1993 1545 2200 1610 lapidem
2240 1575 2249 1584 ·
2290 1575 2300 1584 ·
2338 1575 2348 1585 ·
2385 1563 2492 1610 say-

544 1630 698 1679 sinam
737 1658 747 1669 ·
785 1658 796 1669 ·
836 1658 846 1668 -
882 1631 1070 1694 prefato
1110 1631 1144 1678 J
1148 1632 1322 1680 ohanni
1364 1632 1523 1681 Smert
1568 1633 1769 1682 tradidit
1816 1637 1866 1682 et
1911 1634 2198 1683 manualiter
2242 1635 2488 1684 inuestiuit

543 1720 697 1783 ipsum
741 1720 788 1767 in
831 1720 1048 1770 domibus
1081 1721 1294 1770 eiusdem
1331 1725 1559 1785 tanquam
1593 1722 1643 1770 in
1678 1723 1922 1791 pacificam
1959 1724 2303 1786 possessionem
2342 1724 2489 1772 inclu-

546 1810 701 1857 dendo
739 1838 748 1847 -
787 1810 969 1865 Quibus
990 1810 1134 1859 factis
1156 1811 1427 1874 sepedictus
1461 1812 1496 1858 J
1499 1812 1709 1861 ohannes
1733 1813 1891 1861 Smert
1917 1813 1966 1861 in
1989 1829 2075 1862 sua
2096 1813 2309 1876 legitima
2331 1818 2491 1877 potes-

545 1901 650 1945 tate
687 1925 697 1935 ·
737 1926 746 1936 ·
787 1926 797 1936 ·
833 1898 1098 1961 predictum
1121 1903 1446 1947 tenementum
1485 1928 1495 1937 ·
1534 1929 1544 1938 ·
1584 1928 1594 1938 ·
1631 1901 1678 1948 in
1702 1901 1920 1950 manibus
1943 1902 2059 1950 dicti
2081 1902 2116 1950 J
2120 1901 2318 1951 ohannis
2342 1902 2489 1950 Scho-

549 1986 723 2034 riswod
747 2003 832 2050 per
852 1987 1026 2035 fustem
1051 1991 1101 2035 et
1123 1987 1343 2036 baculum
1369 1989 1542 2036 iterum
1561 2005 1677 2053 pure
1702 1994 1750 2038 et
1775 1989 2055 2054 simpliciter
2078 1991 2336 2055 resignauit
2376 2020 2385 2028 ·
2425 2020 2435 2029 ·
2476 2020 2485 2029 -

551 2075 835 2139 Quiquidem
858 2076 892 2123 J
896 2076 1106 2125 ohannes
1131 2076 1430 2125 Scheriswod
1454 2078 1720 2141 predictum
1756 2082 2080 2127 tenementum
2117 2107 2129 2117 ·
2168 2107 2178 2117 ·
2218 2107 2227 2116 ·
2263 2096 2349 2143 per
2382 2096 2487 2143 pre-

548 2163 651 2211 fata
671 2163 846 2212 fustem
870 2168 920 2213 et
942 2164 1162 2212 baculum
1186 2165 1506 2229 suprascripto
1531 2166 1721 2214 domino
1746 2166 1991 2216 Willelmo
2017 2168 2087 2215 Pa
2110 2167 2356 2231 capellano
2378 2185 2490 2232 pro-

551 2253 756 2301 curatori
791 2253 1028 2301 communi
1069 2253 1218 2301 totius
1257 2253 1455 2317 capituli
1491 2258 1541 2302 et
1581 2254 1934 2318 capellanorum
1977 2256 2108 2304 chori
2151 2256 2485 2306 Brechinensis

549 2341 749 2389 tradidit
787 2369 797 2379 -
837 2369 847 2379 ·
886 2370 896 2379 ·
933 2346 983 2389 et
1006 2341 1251 2389 mandauit
1275 2342 1431 2391 dictus
1452 2343 1487 2389 J
1491 2343 1700 2391 ohannes
1715 2343 2015 2393 Schoriswod
2039 2345 2224 2407 prefato
2246 2344 2484 2392 Malcomo

550 2444 607 2477 ac
630 2429 818 2493 plenam
842 2434 1130 2494 potestatem
1154 2431 1387 2479 concessit
1411 2435 1645 2495 quatenus
1687 2461 1696 2469 ·
1743 2461 1752 2470 ·
1797 2460 1807 2471 ·
1843 2433 2082 2496 saysinam
2125 2461 2136 2471 ·
2181 2461 2190 2470 ·
2236 2461 2246 2471 ·
2282 2434 2484 2497 predicti

551 2519 812 2567 tenementi
849 2547 858 2556 ·
897 2547 906 2556 ·
947 2547 958 2557 ·
994 2519 1180 2582 prefato
1217 2520 1406 2567 domino
1446 2519 1690 2568 Willelmo
1726 2521 2023 2584 procuratori
2059 2521 2248 2569 nomine
2289 2523 2486 2585 capituli

552 2611 602 2655 et
649 2607 998 2671 capellanorum
1044 2608 1175 2656 chori
1221 2607 1424 2671 predicti
1471 2609 1684 2657 traderet
1733 2637 1742 2646 -
1789 2637 1798 2647 ·
1843 2638 1854 2647 ·
1902 2610 2014 2673 Ipse
2062 2626 2175 2658 vero
2221 2610 2512 2662 Malcomus,

551 2695 755 2745 balliuus
776 2697 1047 2745 antedictus
1071 2697 1132 2745 ad
1156 2696 1393 2759 prefatum
1416 2700 1739 2746 tenementum
1764 2697 2078 2761 personaliter
2099 2699 2301 2748 accessit
2325 2703 2375 2747 et
2399 2699 2485 2746 ibi-

552 2785 658 2831 dem
695 2799 782 2847 per
815 2787 992 2831 terram
1031 2787 1080 2831 et
1116 2783 1301 2847 lapides
1336 2787 1388 2831 ut
1423 2784 1569 2833 moris
1602 2789 1676 2833 est
1715 2813 1724 2823 ·
1764 2814 1774 2823 ·
1814 2813 1824 2823 ·
1859 2785 2098 2848 saysinam
2137 2813 2147 2823 ·
2188 2814 2197 2824 ·
2237 2813 2247 2823 ·
2282 2785 2483 2849 predicti

550 2873 812 2920 tenementi
848 2867 1035 2935 prefato
1077 2872 1268 2921 domino
1309 2871 1554 2920 Willelmo
1690 2901 1702 2912 -
1736 2873 1938 2921 tradidit
1975 2901 1986 2911 ·
2025 2901 2035 2911 ·
2073 2902 2085 2912 ·
2122 2874 2396 2921 Tenendum
2432 2879 2482 2921 et

550 2961 818 3008 habendum
856 2960 1034 3009 dictum
1071 2965 1396 3009 tenementum
1435 2989 1445 2998 ·
1485 2989 1495 2999 ·
1537 2989 1548 2999 ·
1583 2961 1812 3025 predictis
1847 2961 2106 3025 capellanis
2142 2961 2272 3010 chori
2309 2989 2320 2999 -
2359 2989 2368 2999 ·
2409 2989 2418 2999 ·
2455 2978 2484 3008 a

550 3049 649 3097 suis
684 3049 1032 3098 successoribus
1068 3050 1412 3113 imperpetuum
1451 3077 1461 3087 ·
1500 3076 1512 3088 ·
1551 3077 1561 3087 ·
1597 3049 1721 3098 sicut
1759 3050 1808 3096 in
1846 3054 1980 3097 carta
2013 3049 2215 3112 predicti
2250 3049 2283 3096 J
2287 3050 2485 3097 ohannis

551 3137 710 3186 Smert
749 3166 759 3175 ·
798 3166 808 3175 ·
848 3166 858 3176 ·
894 3139 1165 3187 continetur
1202 3166 1212 3176 ·
1250 3139 1404 3201 Super
1443 3138 1612 3201 quibus
1651 3137 1868 3186 omnibus
1909 3142 1958 3185 et
2003 3137 2198 3202 singulis
2245 3138 2486 3200 predictus

552 3230 770 3279 dominus
795 3231 1065 3279 Willelmus
1089 3231 1160 3279 Pa
1182 3235 1232 3279 et
1256 3231 1413 3280 dictus
1435 3231 1470 3278 J
1473 3231 1682 3279 ohannes
1704 3230 1864 3278 Smert
1901 3246 1932 3278 a
1967 3246 2042 3278 me
2079 3230 2265 3278 notario
2298 3229 2484 3294 publico

550 3318 638 3367 sibi
676 3319 776 3366 fieri
814 3319 1053 3382 petierunt
1091 3347 1102 3357 ·
1141 3347 1151 3357 ·
1190 3347 1200 3357 ·
1237 3319 1602 3368 instrumentum
1641 3346 1652 3357 ·
1688 3320 1814 3366 Acta
1850 3319 2038 3366 fuerunt
2075 3319 2164 3366 hec
2201 3321 2248 3365 in
2286 3317 2482 3366 ciuitate
