3016 3958
541 627 652 682 382
1027 621 1346 678 OARTAE
1385 615 2012 674 MISCELLANEAE.

545 819 598 845 ex
624 817 711 845 vna
740 806 864 859 parte
896 802 951 843 ad
981 801 1246 843 occidentem
1278 802 1324 840 et
1352 802 1515 839 terram
1548 795 1718 838 Thome
1751 793 1856 836 dicti
1888 791 2066 848 Wyilde
2096 791 2149 833 de
2182 790 2399 847 Brechtyn
2431 804 2482 832 ex

546 883 686 926 altera
705 890 830 938 parte
850 881 906 923 ad
938 880 1148 923 orientem
1181 908 1192 919 .
1228 875 1461 919 Tenendas
1492 906 1502 917 .
1537 904 1547 915 .
1580 906 1590 916 .
1621 873 1816 929 predicto
1858 872 2029 914 Thome
2068 870 2253 927 Scheuyl
2289 874 2334 912 et
2363 871 2487 912 here-

548 963 673 1005 dibus
705 962 796 1003 suis
827 960 919 1002 siue
949 957 1185 1014 assignatis
1215 956 1267 997 de
1297 968 1366 996 me
1397 958 1442 996 et
1474 953 1705 995 heredibus
1737 952 1846 994 meis
1876 952 1920 993 in
1953 950 2081 993 feodo
2107 954 2151 992 et
2181 950 2421 992 hereditate
2443 950 2487 990 in

488 1079 490 1081 ,
548 1044 803 1098 perpetuum
833 1071 843 1081 .
879 1070 888 1080 .
920 1070 930 1080 .
962 1051 1058 1079 cum
1079 1035 1230 1078 officiis
1249 1033 1450 1090 pinsendi
1481 1045 1632 1088 panes,
1654 1031 1878 1074 brasiandi
1908 1030 2153 1080 ceruisiam,
2178 1043 2331 1071 carnes
2355 1030 2490 1071 inter-

343 2623 543 2666 CCGCV.

550 1119 734 1168 ficiendi‚
758 1122 802 1160 et
822 1131 919 1160 cum
949 1115 1149 1158 omnibus
1168 1114 1267 1156 aliis
1288 1111 1566 1168 pertinentiis
1587 1111 1864 1154 libertatibus
1885 1110 2265 1153 commoditatibus
2287 1113 2332 1151 et
2351 1109 2491 1164 aysia-

550 1198 708 1240 mentis
728 1200 817 1240 tam
847 1210 932 1237 non
962 1193 1196 1236 nominatis
1217 1206 1347 1247 quam
1370 1192 1604 1234 nominatis
1636 1191 1689 1233 ad
1719 1191 1879 1233 dictam
1903 1194 2067 1233 terram
2097 1189 2144 1231 in
2174 1189 2280 1231 villa
2301 1193 2346 1231 et
2366 1192 2492 1230 extra

551 1278 761 1319 iacentem
797 1274 1093 1331 spectantibus
1120 1305 1129 1314 .
1163 1305 1173 1314 .
1207 1302 1216 1313 .
1250 1271 1332 1326 Qui
1364 1270 1640 1326 supradictus
1681 1270 1878 1313 Thomas
1909 1274 1955 1312 et
1986 1269 2168 1312 heredes
2201 1269 2268 1310 sui
2301 1269 2392 1310 siue
2427 1268 2495 1310 sui

552 1355 764 1412 assignati
785 1354 956 1397 soluent
975 1351 1200 1395 annuatim
1221 1351 1328 1392 mihi
1349 1354 1394 1392 et
1414 1351 1646 1392 heredibus
1677 1351 1785 1392 meis
1806 1349 2037 1392 tresdecim
2059 1348 2222 1391 solidos
2243 1351 2288 1391 et
2308 1351 2497 1404 quatuor

553 1435 753 1477 denarios
774 1433 938 1476 vsualis
958 1435 1129 1474 monete
1162 1445 1240 1486 per
1270 1429 1446 1487 equales
1479 1430 1701 1485 portiones
1732 1429 1787 1471 ad
1817 1429 1934 1471 festa
1954 1429 2238 1471 Pentecostes
2269 1432 2314 1470 et
2346 1426 2498 1471 Sancti
2566 1458 2569 1461 -

556 1514 738 1558 Martini
772 1514 817 1555 in
851 1514 1002 1568 hyeme
1037 1525 1116 1567 pro
1152 1509 1409 1553 omnimodis
1446 1509 1640 1551 serviciis
1676 1508 1975 1551 exactionibus
2012 1508 2280 1550 secularibus
2313 1521 2390 1549 seu
2424 1507 2498 1549 de-

556 1594 726 1636 mandis
745 1606 827 1648 que
850 1606 927 1648 per
947 1606 1014 1632 me
1045 1590 1114 1632 vel
1141 1590 1323 1632 heredes
1353 1603 1473 1631 meos
1503 1588 1557 1630 de
1588 1588 1705 1630 dicta
1735 1592 1854 1630 terra
1883 1588 1973 1643 peti
2001 1592 2187 1643 possunt
2218 1587 2286 1629 vel
2317 1587 2433 1643 exigi
2453 1588 2499 1628 in

557 1673 751 1715 futurum
781 1703 791 1714 .
826 1671 956 1713 Saluo
988 1670 1203 1711 duntaxat
1233 1668 1449 1710 forinseco
1483 1667 1668 1710 seruicio
1705 1667 1868 1709 domini
1905 1666 2041 1723 Regis
2073 1699 2082 1708 .
2117 1699 2126 1708 .
2154 1699 2163 1708 .
2199 1667 2252 1708 In
2283 1667 2406 1709 cuius
2436 1668 2499 1708 rei

558 1751 852 1794 testimonium
873 1749 1063 1806 sigillum
1085 1762 1228 1791 meum
1248 1747 1442 1804 presenti
1463 1754 1582 1789 carte
1602 1760 1698 1788 mee
1725 1746 1909 1802 apposui
1938 1746 2025 1788 hiis
2055 1746 2243 1788 testibus
2264 1746 2500 1788 venerabili

558 1831 602 1872 in
642 1830 816 1873 Christo
852 1833 976 1886 patre
1017 1828 1191 1870 domino
1228 1827 1419 1869 Patricio
1454 1827 1605 1868 diuina
1639 1826 1926 1882 permissione
1961 1825 2164 1881 episcopo
2201 1825 2500 1876 Brechinensi‚

559 1909 746 1953 dominis
781 1908 1029 1951 Alexandro
1064 1907 1117 1949 de
1153 1907 1382 1962 Lyndesay
1423 1909 1468 1948 et
1508 1905 1651 1947 Dauid
1689 1905 1903 1961 Flemyng
1937 1904 2164 1955 militibus,
2207 1904 2409 1947 Waltero
2449 1907 2502 1947 de

563 1989 746 2046 Ogyluy,
770 1977 961 2030 Henrico
986 1987 1038 2029 de
1069 1986 1283 2042 Lychton,
1306 1985 1335 2027 J
1337 1986 1508 2028 ohanne
1534 1984 1661 2041 Lang
1690 1985 1744 2026 de
1771 1985 1986 2041 Brechyn,
2007 1984 2193 2027 Ricardo
2215 1983 2405 2041 Wyilde,
2427 1986 2456 2027 J
2459 2000 2504 2028 o·

563 2070 704 2110 hanne
726 2067 909 2123 (Ἠοῖ-ἰοῦ,
931 2067 1100 2109 Thoma
1119 2066 1296 2122 Wyilde
1330 2070 1375 2108 et
1405 2065 1556 2107 multis
1588 2064 1688 2107 aliis
1720 2064 1888 2107 clericis
1920 2068 1965 2107 et
1994 2064 2131 2107 laicis.
2194 2065 2328 2121 (A.D.
2365 2069 2504 2114 1351ss

570 2149 710 2203 1354.)

569 2387 753 2429 Charter
782 2385 830 2428 of
854 2385 927 2428 the
958 2384 1216 2440 Hermitage
1247 2383 1296 2426 of
1322 2383 1526 2440 Kilgerre
1550 2384 1605 2439 by
1635 2383 1786 2426 James
1809 2383 1870 2425 II.
1893 2387 1938 2425 to
1970 2383 2088 2425 John
2111 2383 2265 2439 Smyth
2286 2385 2442 2427 citizen
2463 2387 2512 2428 of

683 2465 882 2507 Brechin.

568 2611 768 2666 Jacobus
789 2622 871 2664 Dei
892 2623 1036 2679 gratia
1057 2622 1150 2664 Rex
1178 2621 1404 2664 Scotorum
1426 2622 1626 2664 omnibus
1659 2654 1668 2665 .
1701 2653 1711 2663 .
1744 2654 1754 2664 .
1788 2621 1984 2664 Salutem
2016 2652 2026 2664 .
2061 2621 2219 2664 Sciatis
2241 2637 2319 2665 nos
2339 2623 2509 2666 dedisse

572 2735 580 2744 .
614 2736 623 2744 .
656 2734 666 2744 .
698 2702 853 2744 dilecto
888 2706 1038 2744 nostro
1070 2701 1261 2744 Johanni
1299 2700 1450 2756 Smyth
1487 2701 1571 2742 ciui
1609 2699 1814 2743 Ciuitatis
1837 2701 2144 2744 Brechinensis
2175 2703 2507 2759 heremitagium

572 2782 734 2838 capelle
761 2783 886 2824 beate
918 2779 1058 2822 Marie
1088 2781 1251 2823 foreste
1282 2781 1334 2822 de
1366 2780 1571 2836 Kilgerre
1598 2781 1745 2823 iacens
1775 2781 1821 2823 in
1850 2781 2032 2824 baronia
2061 2781 2113 2823 de
2142 2780 2368 2824 Menmure
2395 2783 2511 2826 infra

572 2844 916 2903 vicecomitatum
938 2860 990 2901 de
1012 2859 1193 2902 Forfare
1215 2873 1312 2901 cum
1335 2860 1493 2915 [crofta
1520 2864 1565 2902 et
1594 2860 1635 2901 le
1656 2875 1790 2916 grene
1811 2875 1908 2902 cum
1930 2862 2204 2916 pertinentiis
2225 2876 2391 2904 necnon
2412 2878 2508 2905 cum

574 2940 713 2981 tribus
733 2939 845 2981 acris
865 2942 980 2981 terre
1001 2938 1179 2981 arabilis
1200 2937 1358 2995 eidem]
1394 2939 1678 2994 heremitagio
1699 2940 1881 2982 annexis
1909 2944 1954 2983 et
1981 2954 2034 2982 ex
2055 2941 2234 2996 antiquo
2256 2942 2512 2997 pertinenti-

575 3019 657 3060 bus
689 3050 699 3060 .
730 3017 1024 3073 Quodquidem
1044 3017 1494 3074 heremitagium-cum
1514 3018 1656 3061 tribus
1675 3019 1788 3061 acris
1813 3023 1930 3061 terre
1950 3019 2184 3062 antedictis
2203 3020 2287 3063 fuit
2307 3021 2508 3078 Hugonis

579 3096 817 3140 Cuminche
857 3096 1066 3139 heremite
1107 3097 1211 3139 dicti
1252 3097 1528 3154 heremitagii
1562 3098 1823 3141 hereditarie
1863 3102 1909 3141 et
1947 3099 2062 3155 quod
2095 3099 2209 3141 idem
2248 3099 2380 3157 Hugo
2412 3135 2422 3144 .
2458 3135 2467 3144 .
2499 3137 2508 3145 .

580 3190 656 3232 per
694 3174 963 3217 Willelmum
1002 3175 1054 3216 de
1096 3174 1250 3231 Nudry
1288 3180 1614 3231 procuratorem
1656 3191 1782 3219 suum
1813 3209 1823 3219 .
1857 3207 1868 3218 .
1898 3207 1911 3219 .
1941 3177 1986 3219 in
2026 3189 2181 3220 manus
2221 3184 2394 3224 nostras
2433 3197 2512 3238 per

579 3257 740 3297 fustem
760 3258 805 3297 et
824 3253 1024 3296 baculum
1044 3268 1188 3296 coram
1210 3254 1397 3297 testibus
1414 3255 1670 3311 subscriptis
1701 3286 1712 3298 .
1747 3287 1756 3297 .
1790 3287 1800 3298 .
1833 3256 2085 3312 simpliciter
2106 3258 2384 3314 [resignauit]
2416 3292 2426 3303 .
2459 3295 2468 3304 .
2501 3295 2513 3307 .

582 3333 831 3376 Tenendum
865 3364 875 3374 .
907 3366 916 3376 .
950 3365 959 3375 .
992 3347 1088 3375 curn
1105 3333 1357 3389 prescriptis
1378 3333 1520 3377 tribus
1540 3334 1654 3377 acris
1669 3337 1787 3377 terre
1807 3335 1986 3378 arabilis
2011 3367 2021 3380 .
2046 3366 2055 3378 .
2078 3367 2088 3378 .
2109 3337 2304 3392 predicto
2321 3338 2350 3380 J
2353 3340 2512 3383 ohanni
