3016 3958
367 2039 507 2095 ocu.

1146 572 1249 627 DE
1288 571 1892 629 ABERBROTHOC.
2381 573 2493 634 257

543 749 837 800 confirmasse,
862 749 956 793 Deo
979 753 1024 793 et
1045 751 1225 795 ecclesie
1247 754 1388 796 sancti
1410 754 1576 797 Thome
1597 754 1792 797 martiris
1813 753 1866 797 de
1888 753 2191 796 Aberbrothoc
2211 755 2256 796 et
2275 755 2499 797 monachis

541 829 701 872 ibidem
722 829 817 874 Deo
840 831 1133 875 seruientibus
1165 836 1211 876 et
1243 833 1489 884 seruituris,
1527 835 1572 876 in
1603 834 1784 877 liberam
1817 837 1863 877 et
1892 848 2048 890 puram
2069 837 2115 876 et
2133 836 2389 890 perpetuam
2410 835 2496 877 ele-

540 911 770 959 mosinam,
792 911 1019 955 ecclesiam
1054 913 1108 955 de
1143 913 1332 971 Cateryn
1354 929 1452 957 cum
1483 915 1613 957 terris
1646 918 1690 957 et
1723 914 1903 956 decimis
1935 918 1979 957 et
2011 913 2310 956 oblacionibus
2333 918 2377 956 et
2398 928 2494 956 cum

541 992 742 1034 omnibus
762 992 861 1035 aliis
882 992 1009 1036 iustis
1031 994 1310 1050 pertinenciis
1332 995 1423 1037 suis
1453 1026 1464 1037 .
1498 994 1804 1037 Concessimus
1832 994 1964 1037 etiam
1996 993 2180 1050 prefatis
2202 995 2428 1036 monachis
2449 999 2497 1037 vt

539 1073 732 1129 predicte
765 1073 944 1116 ecclesie
976 1074 1172 1117 redditus
1208 1078 1254 1117 et
1284 1077 1526 1131 prouentus
1555 1074 1800 1125 vniuersos,
1832 1074 1878 1116 in
1909 1089 2015 1117 vsus
2035 1074 2237 1131 proprios
2268 1078 2313 1117 et
2343 1089 2494 1117 eorum

539 1154 908 1197 sustentacionem
944 1158 1217 1206 conuertant‚
1255 1155 1320 1198 ita
1353 1155 1489 1198 libere
1525 1159 1571 1198 et
1600 1155 1745 1211 quiete
1775 1154 1971 1211 plenarie
2003 1158 2049 1197 et
2083 1154 2346 1205 honorifice3
2385 1156 2497 1199 sicut

538 1235 696 1291 aliquis
733 1235 815 1277 viri
835 1234 1030 1291 religiosi
1070 1235 1237 1291 aliquid
1271 1235 1613 1278 ecclesiasticum
1653 1234 1910 1278 beneficium
1949 1235 1996 1277 in
2036 1238 2131 1278 toto
2170 1250 2308 1292 regno
2351 1235 2495 1279 Scotie

537 1315 718 1357 liberius
750 1314 945 1370 quiecius
977 1314 1151 1371 plenius
1184 1318 1230 1358 et
1261 1315 1625 1358 honorificencius
1645 1318 1800 1358 tenent
1829 1318 1875 1358 et
1904 1315 2145 1372 possident,
2171 1316 2307 1359 saluis
2330 1317 2496 1373 episco-

535 1396 707 1453 palibus
738 1427 749 1439 .
780 1395 883 1437 Hiis
918 1395 1107 1438 testibus
1139 1426 1151 1437 .
1185 1394 1395 1452 Gregorio
1429 1395 1735 1438 archidiacono
1767 1399 1934 1446 nostro,
1967 1399 2012 1438 et
2044 1395 2227 1439 Matheo
2258 1397 2421 1440 decano
2442 1398 2494 1439 de

535 1476 736 1532 Brechyn
766 1508 776 1518 .
808 1475 987 1518 Andrea
1006 1475 1250 1532 presbitero
1272 1479 1319 1518 et
1338 1475 1551 1533 magistro
1568 1475 1718 1518 Ysaac
1738 1475 1793 1517 de
1815 1475 2031 1533 Brechyn‚
2047 1476 2241 1520 Roberto
2263 1478 2420 1520 abbate
2441 1479 2494 1520 de

537 1556 688 1606 Scone,
710 1555 914 1612 Wydone
934 1556 1092 1598 abbate
1112 1556 1166 1598 de
1193 1555 1395 1599 Lundors
1426 1588 1436 1599 .
1471 1556 1660 1612 Symone
1683 1556 1847 1598 decano
1869 1556 1922 1599 de
1944 1557 2080 1599 Perth
2113 1587 2125 1599 .
2155 1557 2210 1601 A.
2231 1572 2420 1614 persona
2440 1559 2492 1601 de

536 1636 782 1693 Forgrund,
808 1635 1025 1678 Michaele
1046 1635 1202 1679 clerico
1224 1636 1278 1679 de
1315 1636 1605 1687 Thanetheis‚
1629 1636 1658 1679 J
1661 1637 1834 1679 ohanne
1867 1637 1920 1679 de
1955 1637 2167 1696 Hasting,
2189 1639 2416 1683 Willelmo
2438 1641 2491 1683 de

535 1717 684 1774 Haya,
713 1716 786 1759 W.
807 1702 1116 1768 de'Montfort‚
1138 1716 1374 1760 Humfrido
1394 1717 1447 1760 de
1469 1717 1684 1774 Berkeley
1718 1751 1726 1760 .
1787 1717 1919 1775 (A.D.
1949 1719 2178 1775 1178-98.)

532 1892 598 1935 De
620 1892 804 1936 ecclesia
823 1892 876 1935 de
898 1891 1191 1950 Dunnechtyn
1224 1924 1233 1935 .

533 2029 804 2098 Radulphus
826 2040 910 2083 Dei
930 2041 1076 2098 gratia
1097 2041 1417 2097 Brechynensis
1438 2042 1668 2099 episcopus
1700 2042 1918 2085 vniuersis
1951 2046 2101 2087 sancte
2130 2046 2285 2088 matris
2307 2045 2486 2089 ecclesie

531 2121 634 2164 filiis
654 2126 700 2165 et
718 2122 934 2172 fidelibus,
957 2121 1143 2164 salutem
1159 2122 1204 2164 in
1221 2121 1411 2164 Domino
1427 2125 1685 2178 perpetuam
1720 2155 1729 2164 .
1763 2123 1914 2166 Sciant
1934 2127 2162 2180 presentes
2184 2129 2229 2168 et
2249 2125 2387 2168 futuri
2407 2140 2488 2168 nos

530 2202 701 2245 dedisse
741 2203 1008 2245 concessisse
1049 2205 1095 2245 et
1133 2203 1216 2245 hac
1258 2205 1382 2245 carta
1415 2206 1570 2246 nostra
1604 2204 1886 2247 confirmasse
1923 2203 2018 2247 Deo
2054 2208 2100 2248 et
2134 2205 2315 2248 ecclesie
2347 2207 2487 2249 sancti

531 2283 697 2325 Thome
729 2283 923 2326 martiris
944 2283 997 2325 de
1018 2282 1313 2325 Abirbrothoc
1344 2286 1390 2326 et
1418 2283 1644 2326 monachis
1665 2283 1828 2326 ibidem
1849 2283 1945 2326 Deo
1968 2285 2262 2328 seruientibus
2284 2290 2330 2329 et
2351 2287 2488 2329 serui-

529 2364 643 2406 turis
663 2363 709 2405 in
730 2363 910 2405 liberam
933 2365 978 2405 et
996 2376 1153 2419 puram
1174 2365 1219 2405 et
1238 2365 1496 2419 perpetuam
1529 2363 1815 2405 elemosinam
1847 2364 2077 2407 ecclesiam
2112 2365 2165 2406 de
2187 2365 2484 2422 Dunnechtyn

528 2458 626 2486 cum
648 2442 828 2499 capellis
848 2445 894 2485 et
913 2442 1044 2485 terris
1077 2445 1123 2484 et
1154 2442 1346 2493 decimis,
1371 2446 1416 2485 et
1437 2442 1735 2485 oblacionibus
1756 2446 1802 2485 et
1821 2443 2022 2486 omnibus
2054 2444 2153 2487 aliis
2174 2445 2229 2486 ad
2251 2459 2346 2487 eam
2367 2445 2482 2488 iuste

527 2524 863 2580 pertinentibus,
886 2536 1052 2578 nosque
1073 2523 1247 2565 eosdem
1267 2523 1505 2565 monachos
1526 2523 1571 2564 in
1593 2523 1746 2564 eadem
1762 2522 1946 2565 ecclesia
1966 2523 2171 2566 canonice
2192 2524 2437 2568 instituisse
2469 2559 2478 2569 .

529 2603 835 2647 Concessimus
867 2603 999 2645 etiam
1019 2602 1203 2659 prefatis
1223 2601 1448 2645 monachis
1469 2604 1518 2645 vt
1537 2602 1706 2658 prefate
1727 2602 1907 2645 ecclesie
1938 2603 2135 2647 redditus
2166 2607 2209 2647 et
2239 2609 2480 2661 prouentus

527 2684 757 2726 vniuersos
790 2683 847 2726 ad
879 2697 1005 2726 suam
1045 2682 1414 2725 sustentacionem
1446 2682 1491 2724 in
1526 2696 1632 2725 vsus
1667 2682 1867 2739 proprios
1903 2686 2176 2735 conuertant‚
2218 2688 2264 2727 et
2301 2686 2479 2741 pacifice

527 2766 662 2808 libere
683 2764 876 2822 plenarie
897 2769 944 2806 et
961 2763 1197 2806 honorifice
1213 2763 1468 2820 possideant
1488 2796 1498 2806 .
1521 2763 1580 2806 Et
1595 2766 1644 2805 vt
1665 2763 1796 2806 liceat
1815 2764 1879 2806 eis
1900 2764 2173 2821 capellanum
2188 2766 2257 2807 vel
2275 2765 2478 2809 clericum

525 2849 572 2890 in
605 2846 755 2889 eadem
791 2843 975 2887 ecelesia
1006 2843 1269 2887 constituere
1301 2843 1436 2887 saluis
1465 2843 1783 2900 episcopalibus
1815 2876 1824 2887 .
1859 2844 2065 2887 Testibus
2085 2844 2286 2902 Wydone
2321 2847 2479 2890 abbate

526 2929 579 2971 de
615 2927 831 2977 Lundors,
872 2924 1082 2982 Gregorio
1118 2925 1423 2968 archidiacono
1458 2927 1623 2975 nostro,
1653 2923 1880 2967 Willelmo
1915 2925 1968 2967 de
2005 2925 2176 2968 Boscho
2218 2926 2477 2970 cancellario

525 3007 688 3051 domini
710 3006 859 3064 Regis,
882 3006 1073 3062 Hugone
1098 3005 1151 3047 de
1179 3005 1337 3062 sigillo,
1360 3005 1492 3047 Petro
1525 3004 1751 3061 capellano
1773 3007 1938 3055 nostro,
1961 3004 2140 3048 Andrea
2171 3005 2224 3048 de
2259 3007 2473 3063 Brechyn,

528 3086 774 3143 Mallebryd
796 3086 946 3128 Priore
963 3086 1015 3128 de
1034 3086 1248 3142 Brechyn,
1268 3085 1519 3128 Alexandro
1536 3085 1589 3127 de
1617 3084 1847 3136 Mouhaut,
1867 3084 2060 3128 Roberto
2075 3085 2166 3129 filio
2187 3086 2352 3144 Edgari
2369 3091 2412 3131 et
2426 3088 2477 3130 T.

524 3167 614 3210 filio
637 3166 730 3209 eius
764 3198 772 3208 .
833 3165 967 3222 (A.D.
992 3165 1225 3222 1211-18.)

1448 3380 1550 3427 210
