3016 3958
145 1101 493 1150 LXXXVIII.

216 3153 510 3200 LXXXIX.

520 648 629 702 150
1126 646 1417 702 OARTAE
1462 646 1958 702 ORIGINALES.

520 926 892 974 Instrumentum
923 926 1276 987 Resignationis
1302 925 1452 972 Elene
1479 925 1790 972 Crukschank
1830 953 1839 961 -

528 1069 607 1152 In
647 1105 744 1152 Dei
781 1105 968 1153 nomine
1009 1104 1165 1152 Amen
1206 1133 1215 1142 -
1255 1132 1265 1142 ·
1303 1132 1313 1142 ·
1350 1108 1515 1169 pateat
1539 1104 1788 1153 euidenter
1821 1107 1870 1151 et
1905 1104 1970 1152 sit
1994 1107 2159 1152 notum
2184 1103 2307 1166 quod
2333 1118 2456 1150 anno

519 1194 870 1243 Incarnationis
887 1193 1138 1242 Dominice
1163 1193 1412 1242 millesimo
1431 1193 1805 1257 quingentesimo
1829 1197 1969 1242 sexto
1994 1193 2168 1241 mensis
2193 1208 2300 1240 vero
2323 1193 2357 1239 J
2361 1192 2459 1240 unii

520 1285 595 1331 die
621 1287 793 1347 quarta
830 1311 840 1320 ·
880 1311 890 1320 ·
930 1309 940 1320 ·
978 1282 1035 1329 In
1073 1281 1361 1330 honorabilis
1396 1282 1483 1329 viri
1519 1282 1751 1346 Stephani
1790 1283 1991 1330 Annand
2019 1282 2155 1330 unius
2178 1280 2458 1330 balliuorum

519 1372 743 1420 Ciuitatis
779 1371 1112 1420 Brechinensis
1148 1387 1232 1434 pro
1266 1370 1492 1419 tribunali
1522 1372 1734 1420 sedentis
1770 1371 1955 1435 meique
1989 1371 2163 1419 notarii
2199 1370 2375 1434 publici
2410 1375 2460 1418 et

517 1462 713 1510 testium
751 1460 1122 1524 subscriptorum
1160 1460 1402 1522 presentia
1438 1459 1750 1523 personaliter
1788 1461 2051 1508 constituta
2074 1460 2272 1523 prouida
2293 1458 2462 1507 mulier

523 1550 676 1598 Elena
713 1549 1026 1598 Crukschank
1062 1547 1231 1596 relicta
1278 1550 1514 1612 quondam
1555 1549 1751 1596 Ricardi
1802 1549 1988 1597 Purrok
2028 1548 2139 1597 olim
2177 1549 2296 1598 ciuis
2332 1549 2460 1596 dicte

521 1639 746 1687 Ciuitatis
771 1637 1105 1686 Brechinensis
1144 1665 1153 1676 ·
1193 1666 1203 1675 ·
1243 1666 1252 1675 ·
1290 1637 1580 1686 lacrimando
1613 1638 1736 1701 quod
1773 1653 1906 1686 suam
1930 1638 2230 1686 coniunctam
2255 1637 2463 1686 infeoda-

519 1729 699 1775 tionem
723 1726 985 1775 tenementi
1009 1726 1244 1789 quondam
1279 1725 1469 1773 Ricardi
1494 1725 1610 1773 dicti
1635 1726 1707 1774 sui
1731 1726 1892 1790 sponsi
1910 1725 2118 1788 jacentis
2141 1726 2265 1774 infra
2287 1726 2463 1774 dictam

523 1817 783 1866 Ciuitatem
819 1832 881 1864 ex
915 1819 1052 1880 parte
1088 1815 1309 1863 orientali
1333 1815 1540 1864 eiusdem
1569 1816 1694 1864 inter
1715 1819 1871 1864 terras
1893 1816 2130 1864 Johannis
2154 1816 2381 1864 Webster
2403 1817 2463 1864 ad

522 1909 712 1954 boream
753 1910 803 1954 et
841 1910 996 1954 terras
1019 1904 1231 1968 magistri
1269 1903 1478 1952 Walteri
1508 1903 1618 1951 Scal
1642 1905 1703 1951 ad
1727 1904 1958 1952 orientem
1983 1909 2032 1952 et
2055 1909 2209 1953 terras
2229 1905 2263 1952 J
2267 1905 2466 1953 ohannis

524 1994 663 2042 Avail
688 1995 749 2041 ad
774 1998 989 2043 austrum
1016 1997 1065 2040 et
1089 2008 1385 2040 communem
1421 1992 1543 2040 viam
1571 1993 1745 2055 regiam
1770 1994 1831 2040 ad
1855 1993 2150 2042 occidentem
2174 1993 2223 2041 in
2249 1994 2464 2042 manibus

526 2083 643 2130 dicti
687 2082 849 2130 balliui
895 2098 1013 2146 pure
1053 2086 1102 2129 et
1145 2081 1425 2144 simpliciter
1470 2081 1661 2144 reliquit
1700 2110 1709 2119 ·
1749 2109 1759 2119 ·
1799 2110 1810 2119 ·
1848 2082 1975 2131 Acta
2022 2088 2158 2131 erant
2205 2083 2294 2132 hec
2338 2084 2464 2147 apud

526 2170 731 2218 Meilhill
771 2170 1039 2218 Brechinefl
1078 2199 1088 2207 -
1127 2198 1137 2207 ·
1177 2198 1188 2207 ·
1223 2169 1525 2233 presentibus
1561 2170 1735 2218 ibidem
1773 2171 1983 2234 prouidis
2019 2175 2068 2219 et
2103 2172 2322 2222 discretis
2355 2173 2467 2221 viris

525 2259 715 2306 domino
753 2260 786 2306 J
791 2260 976 2307 ohanne
1017 2260 1225 2306 Ferrour
1261 2262 1427 2306 curato
1464 2259 1773 2307 Brechinensi
1800 2259 2016 2307 Roberto
2043 2260 2222 2308 Litster
2258 2261 2468 2308 Henrico

527 2348 791 2410 Steynsone
832 2348 1043 2395 Henrico
1085 2346 1324 2394 Meldrum
1362 2346 1584 2394 Johanne
1621 2347 1684 2391 W
1690 2347 1848 2395 ebster
1885 2347 2161 2396 Alexandro
2186 2348 2467 2397 Crawmond

529 2435 746 2484 Gilberto
767 2435 1024 2485 Merschell
1045 2436 1252 2483 Ricardo
1274 2436 1465 2498 Turyng
1482 2435 1516 2482 J
1520 2436 1704 2484 ohanne
1730 2436 1983 2484 Thowlace
2006 2438 2039 2484 J
2043 2438 2227 2485 ohanne
2252 2437 2470 2500 Cunyng-

528 2526 666 2572 hame
691 2524 873 2572 ciuibus
898 2525 1024 2571 dicte
1051 2524 1274 2571 Ciuitatis
1299 2527 1348 2571 et
1374 2524 1580 2586 Symone
1606 2524 1804 2572 Walcar
1837 2527 2095 2588 sergeando
2131 2541 2236 2574 cum
2272 2527 2470 2575 diuersis

532 2613 637 2662 aliis
675 2642 687 2651 ·
724 2642 734 2651 ·
775 2642 784 2651 -

604 2704 667 2750 Et
715 2719 801 2766 ego
850 2704 1066 2750 Andreas
1115 2703 1392 2765 Bryantoun
1445 2704 1680 2766 presbiter
1732 2704 2074 2751 Sanctiandree
2121 2705 2219 2752 dio⁰
2257 2705 2470 2769 publicus

535 2791 798 2854 apostolica
821 2796 869 2839 et
896 2792 1022 2854 regia
1046 2791 1414 2839 auctoritatibus
1438 2791 1650 2840 notarius
1688 2819 1698 2829 ·

539 2990 684 3038 Carta
712 2990 940 3038 Willelmi
968 2992 1191 3055 Episcopi
1216 2992 1249 3038 J
1253 2992 1426 3039 ohanni
1456 2992 1662 3039 Annand
1688 2996 1737 3039 et
1762 2992 1863 3040 eius
1886 3008 2056 3055 sponse
2095 3021 2104 3030 ·

549 3113 821 3194 Omnibus
844 3147 964 3194 hanc
988 3151 1168 3194 cartam
1204 3147 1374 3195 visuris
1405 3146 1481 3194 vel
1517 3147 1748 3194 audituris
1774 3145 2043 3194 Willelmus
2079 3145 2378 3194 miseratione
2403 3147 2472 3193 di-

537 3234 648 3281 uina
688 3235 951 3297 Episcopus
990 3235 1324 3283 Brechinensis
1360 3234 1573 3284 Salutem
1611 3234 1658 3280 in
1698 3234 1902 3282 omnium
1943 3233 2191 3281 Saluatore
2233 3233 2471 3283 Noueritis

536 3339 622 3372 nos
647 3339 753 3371 cum
778 3339 1007 3372 consensu
1044 3329 1092 3371 et
1128 3339 1321 3372 assensu
1357 3322 1554 3386 capituli
1583 3322 1730 3370 nostri
1756 3321 2081 3385 capitulariter
2104 3322 2372 3384 congregati
2395 3338 2470 3371 su-
