<?xml version="1.0" encoding="UTF-8"?>
<!DOCTYPE html PUBLIC "-//W3C//DTD XHTML 1.0 Transitional//EN"
    "http://www.w3.org/TR/xhtml1/DTD/xhtml1-transitional.dtd">
<html xmlns="http://www.w3.org/1999/xhtml" xml:lang="en" lang="en">
 <head>
  <title>
</title>
<meta http-equiv="Content-Type" content="text/html;charset=utf-8" />
  <meta name='ocr-system' content='tesseract 3.04.00' />
  <meta name='ocr-capabilities' content='ocr_page ocr_carea ocr_par ocr_line ocrx_word'/>
</head>
<body>
  <div class='ocr_page' id='page_1' title='image "./registrumepiscop02brecuoft_0100.png"; bbox 0 0 3016 3958; ppageno 0'>
   <div class='ocr_carea' id='block_1_1' title="bbox 567 626 1954 683">
    <p class='ocr_par' dir='ltr' id='par_1_1' title="bbox 567 626 1954 683">
     <span class='ocr_line' id='line_1_1' title="bbox 567 626 1954 683; baseline 0.001 -1"><span class='ocrx_word' id='word_1_1' title='bbox 567 628 640 682; x_wconf 86' lang='grc'><strong>86</strong></span> <span class='ocrx_word' id='word_1_2' title='bbox 1118 626 1413 682; x_wconf 82' lang='lat' dir='ltr'><strong>CARTAE</strong></span> <span class='ocrx_word' id='word_1_3' title='bbox 1457 627 1954 683; x_wconf 83' lang='lat' dir='ltr'><strong>ORIGINALES.</strong></span> 
     </span>
    </p>
   </div>
   <div class='ocr_carea' id='block_1_2' title="bbox 568 816 2572 2735">
    <p class='ocr_par' dir='ltr' id='par_1_2' title="bbox 568 816 2572 2566">
     <span class='ocr_line' id='line_1_2' title="bbox 568 816 2499 883; baseline 0 -18"><span class='ocrx_word' id='word_1_4' title='bbox 568 834 627 865; x_wconf 84' lang='lat' dir='ltr'><strong>an</strong></span> <span class='ocrx_word' id='word_1_5' title='bbox 663 818 756 880; x_wconf 88' lang='lat' dir='ltr'><strong>pck</strong></span> <span class='ocrx_word' id='word_1_6' title='bbox 794 818 918 865; x_wconf 95' lang='lat' dir='ltr'><strong>Item</strong></span> <span class='ocrx_word' id='word_1_7' title='bbox 956 825 1006 880; x_wconf 70' lang='lat' dir='ltr'><strong>ye</strong></span> <span class='ocrx_word' id='word_1_8' title='bbox 1042 817 1252 880; x_wconf 88' lang='lat' dir='ltr'><strong>bryngyn</strong></span> <span class='ocrx_word' id='word_1_9' title='bbox 1287 817 1428 878; x_wconf 85' lang='lat' dir='ltr'><strong>haym</strong></span> <span class='ocrx_word' id='word_1_10' title='bbox 1463 817 1518 864; x_wconf 91' lang='lat' dir='ltr'><strong>of</strong></span> <span class='ocrx_word' id='word_1_11' title='bbox 1547 825 1598 879; x_wconf 68' lang='lat' dir='ltr'><strong>ye</strong></span> <span class='ocrx_word' id='word_1_12' title='bbox 1632 816 1836 880; x_wconf 80' lang='lat' dir='ltr'><strong>mylstan</strong></span> <span class='ocrx_word' id='word_1_13' title='bbox 1873 818 2028 881; x_wconf 89' lang='lat' dir='ltr'><strong>quhen</strong></span> <span class='ocrx_word' id='word_1_14' title='bbox 2066 818 2104 866; x_wconf 88' lang='lat' dir='ltr'><strong>it</strong></span> <span class='ocrx_word' id='word_1_15' title='bbox 2141 818 2266 868; x_wconf 82' lang='lat' dir='ltr'><strong>fallis</strong></span> <span class='ocrx_word' id='word_1_16' title='bbox 2293 819 2366 883; x_wconf 79' lang='lat' dir='ltr'><strong>tyl</strong></span> <span class='ocrx_word' id='word_1_17' title='bbox 2389 819 2499 871; x_wconf 85' lang='lat' dir='ltr'>him,</span> 
     </span>
     <span class='ocr_line' id='line_1_3' title="bbox 569 904 2500 970; baseline 0 -16"><span class='ocrx_word' id='word_1_18' title='bbox 569 909 693 955; x_wconf 91' lang='lat' dir='ltr'><strong>Item</strong></span> <span class='ocrx_word' id='word_1_19' title='bbox 719 923 779 954; x_wconf 79' lang='lat' dir='ltr'><strong>an</strong></span> <span class='ocrx_word' id='word_1_20' title='bbox 804 904 901 954; x_wconf 90' lang='lat' dir='ltr'><strong>boll</strong></span> <span class='ocrx_word' id='word_1_21' title='bbox 925 906 978 954; x_wconf 92' lang='lat' dir='ltr'><strong>of</strong></span> <span class='ocrx_word' id='word_1_22' title='bbox 1011 922 1127 969; x_wconf 84' lang='lat' dir='ltr'><strong>ryng</strong></span> <span class='ocrx_word' id='word_1_23' title='bbox 1152 906 1235 953; x_wconf 86' lang='lat' dir='ltr'><strong>ber</strong></span> <span class='ocrx_word' id='word_1_24' title='bbox 1271 904 1325 952; x_wconf 88' lang='lat' dir='ltr'><strong>of</strong></span> <span class='ocrx_word' id='word_1_25' title='bbox 1355 904 1467 968; x_wconf 88' lang='lat' dir='ltr'><strong>ylke</strong></span> <span class='ocrx_word' id='word_1_26' title='bbox 1491 904 1633 968; x_wconf 91' lang='lat' dir='ltr'><strong>pluch</strong></span> <span class='ocrx_word' id='word_1_27' title='bbox 1659 906 1786 953; x_wconf 97' lang='lat' dir='ltr'><strong>Item</strong></span> <span class='ocrx_word' id='word_1_28' title='bbox 1809 905 1938 968; x_wconf 81' lang='lat' dir='ltr'><strong>thyrl</strong></span> <span class='ocrx_word' id='word_1_29' title='bbox 1972 910 2025 954; x_wconf 90' lang='lat' dir='ltr'><strong>to</strong></span> <span class='ocrx_word' id='word_1_30' title='bbox 2060 914 2111 969; x_wconf 70' lang='lat' dir='ltr'><strong>y⁹</strong></span> <span class='ocrx_word' id='word_1_31' title='bbox 2145 907 2333 970; x_wconf 86' lang='lat' dir='ltr'><strong>smethy</strong></span> <span class='ocrx_word' id='word_1_32' title='bbox 2367 909 2420 955; x_wconf 86' lang='lat' dir='ltr'><strong>of</strong></span> <span class='ocrx_word' id='word_1_33' title='bbox 2450 908 2500 954; x_wconf 88' lang='lat' dir='ltr'><strong>ix</strong></span> 
     </span>
     <span class='ocr_line' id='line_1_4' title="bbox 568 993 2502 1059; baseline -0.001 -16"><span class='ocrx_word' id='word_1_34' title='bbox 568 995 752 1044; x_wconf 78' lang='lat' dir='ltr'><strong>fer-lotis</strong></span> <span class='ocrx_word' id='word_1_35' title='bbox 776 996 829 1043; x_wconf 87' lang='lat' dir='ltr'><strong>of</strong></span> <span class='ocrx_word' id='word_1_36' title='bbox 860 994 971 1043; x_wconf 87' lang='lat' dir='ltr'><strong>meil</strong></span> <span class='ocrx_word' id='word_1_37' title='bbox 995 995 1048 1042; x_wconf 87' lang='lat' dir='ltr'><strong>of</strong></span> <span class='ocrx_word' id='word_1_38' title='bbox 1078 1002 1128 1057; x_wconf 66' lang='lat' dir='ltr'><strong>ye</strong></span> <span class='ocrx_word' id='word_1_39' title='bbox 1167 993 1306 1057; x_wconf 90' lang='lat' dir='ltr'><strong>pluch</strong></span> <span class='ocrx_word' id='word_1_40' title='bbox 1333 993 1459 1041; x_wconf 91' lang='lat' dir='ltr'><strong>Item</strong></span> <span class='ocrx_word' id='word_1_41' title='bbox 1497 1001 1548 1056; x_wconf 77' lang='lat' dir='ltr'><strong>y⁰</strong></span> <span class='ocrx_word' id='word_1_42' title='bbox 1584 994 1739 1057; x_wconf 82' lang='lat' dir='ltr'><strong>bygyn</strong></span> <span class='ocrx_word' id='word_1_43' title='bbox 1765 994 1818 1041; x_wconf 85' lang='lat' dir='ltr'><strong>of</strong></span> <span class='ocrx_word' id='word_1_44' title='bbox 1849 1001 1900 1057; x_wconf 75' lang='lat' dir='ltr'><strong>y⁹</strong></span> <span class='ocrx_word' id='word_1_45' title='bbox 1920 994 2108 1057; x_wconf 83' lang='lat' dir='ltr'><strong>smethy</strong></span> <span class='ocrx_word' id='word_1_46' title='bbox 2145 1023 2155 1033; x_wconf 94' lang='lat'><strong>·</strong></span> <span class='ocrx_word' id='word_1_47' title='bbox 2197 994 2302 1050; x_wconf 81' lang='lat' dir='ltr'><strong>Que</strong></span> <span class='ocrx_word' id='word_1_48' title='bbox 2325 1000 2502 1059; x_wconf 83' lang='lat' dir='ltr'><strong>puncta</strong></span> 
     </span>
     <span class='ocr_line' id='line_1_5' title="bbox 569 1082 2500 1148; baseline -0.001 -15"><span class='ocrx_word' id='word_1_49' title='bbox 569 1085 890 1148; x_wconf 86' lang='lat' dir='ltr'><strong>suprascripta</strong></span> <span class='ocrx_word' id='word_1_50' title='bbox 941 1087 1052 1132; x_wconf 91' lang='lat' dir='ltr'><strong>sunt</strong></span> <span class='ocrx_word' id='word_1_51' title='bbox 1100 1083 1351 1131; x_wconf 86' lang='lat' dir='ltr'><strong>obseruata</strong></span> <span class='ocrx_word' id='word_1_52' title='bbox 1398 1082 1689 1145; x_wconf 77' lang='lat' dir='ltr'><strong>temporibus</strong></span> <span class='ocrx_word' id='word_1_53' title='bbox 1735 1083 1965 1146; x_wconf 88' lang='lat' dir='ltr'><strong>Stephani</strong></span> <span class='ocrx_word' id='word_1_54' title='bbox 2015 1083 2221 1131; x_wconf 89' lang='lat' dir='ltr'><strong>Walteri</strong></span> <span class='ocrx_word' id='word_1_55' title='bbox 2267 1085 2500 1148; x_wconf 84' lang='lat' dir='ltr'><strong>quondam</strong></span> 
     </span>
     <span class='ocr_line' id='line_1_6' title="bbox 571 1170 2502 1237; baseline -0.001 -17"><span class='ocrx_word' id='word_1_56' title='bbox 571 1174 911 1237; x_wconf 90' lang='lat' dir='ltr'><strong>Episcoporum</strong></span> <span class='ocrx_word' id='word_1_57' title='bbox 948 1171 1228 1219; x_wconf 76' lang='lat' dir='ltr'><strong>Brechinefi.</strong></span> <span class='ocrx_word' id='word_1_58' title='bbox 1266 1175 1314 1218; x_wconf 90' lang='lat' dir='ltr'><strong>et</strong></span> <span class='ocrx_word' id='word_1_59' title='bbox 1348 1171 1382 1217; x_wconf 87' lang='lat' dir='ltr'>J</span> <span class='ocrx_word' id='word_1_60' title='bbox 1387 1171 1585 1220; x_wconf 88' lang='lat' dir='ltr'><strong>ohannis</strong></span> <span class='ocrx_word' id='word_1_61' title='bbox 1619 1171 1827 1235; x_wconf 81' lang='lat' dir='ltr'><strong>episcopi</strong></span> <span class='ocrx_word' id='word_1_62' title='bbox 1851 1170 2062 1218; x_wconf 89' lang='lat' dir='ltr'><strong>moderni</strong></span> <span class='ocrx_word' id='word_1_63' title='bbox 2087 1172 2372 1220; x_wconf 86' lang='lat' dir='ltr'><strong>successoris</strong></span> <span class='ocrx_word' id='word_1_64' title='bbox 2395 1177 2502 1235; x_wconf 88' lang='lat' dir='ltr'><strong>post</strong></span> 
     </span>
     <span class='ocr_line' id='line_1_7' title="bbox 570 1259 2502 1326; baseline -0.002 -15"><span class='ocrx_word' id='word_1_65' title='bbox 570 1279 663 1318; x_wconf 87' lang='lat' dir='ltr'><strong>eos,</strong></span> <span class='ocrx_word' id='word_1_66' title='bbox 701 1262 767 1311; x_wconf 92' lang='lat' dir='ltr'><strong>Et</strong></span> <span class='ocrx_word' id='word_1_67' title='bbox 803 1278 892 1326; x_wconf 88' lang='lat' dir='ltr'><strong>que</strong></span> <span class='ocrx_word' id='word_1_68' title='bbox 916 1265 1090 1325; x_wconf 87' lang='lat' dir='ltr'><strong>puncta</strong></span> <span class='ocrx_word' id='word_1_69' title='bbox 1127 1276 1253 1308; x_wconf 89' lang='lat' dir='ltr'><strong>nunc</strong></span> <span class='ocrx_word' id='word_1_70' title='bbox 1290 1264 1339 1308; x_wconf 93' lang='lat' dir='ltr'><strong>et</strong></span> <span class='ocrx_word' id='word_1_71' title='bbox 1378 1260 1426 1307; x_wconf 90' lang='lat' dir='ltr'><strong>in</strong></span> <span class='ocrx_word' id='word_1_72' title='bbox 1464 1260 1666 1323; x_wconf 85' lang='lat' dir='ltr'><strong>posteris</strong></span> <span class='ocrx_word' id='word_1_73' title='bbox 1702 1259 2037 1308; x_wconf 85' lang='lat' dir='ltr'><strong>inuiolabiliter</strong></span> <span class='ocrx_word' id='word_1_74' title='bbox 2060 1264 2173 1308; x_wconf 87' lang='lat' dir='ltr'><strong>sunt</strong></span> <span class='ocrx_word' id='word_1_75' title='bbox 2197 1260 2502 1313; x_wconf 80' lang='lat' dir='ltr'><strong>obseruanda,</strong></span> 
     </span>
     <span class='ocr_line' id='line_1_8' title="bbox 570 1349 2503 1415; baseline -0.003 -15"><span class='ocrx_word' id='word_1_76' title='bbox 570 1354 652 1401; x_wconf 86' lang='lat' dir='ltr'><strong>sed</strong></span> <span class='ocrx_word' id='word_1_77' title='bbox 695 1369 787 1415; x_wconf 90' lang='lat' dir='ltr'><strong>quo</strong></span> <span class='ocrx_word' id='word_1_78' title='bbox 827 1353 887 1399; x_wconf 89' lang='lat' dir='ltr'><strong>ad</strong></span> <span class='ocrx_word' id='word_1_79' title='bbox 929 1354 1154 1414; x_wconf 86' lang='lat' dir='ltr'><strong>punctum</strong></span> <span class='ocrx_word' id='word_1_80' title='bbox 1191 1350 1248 1397; x_wconf 89' lang='lat' dir='ltr'><strong>de</strong></span> <span class='ocrx_word' id='word_1_81' title='bbox 1289 1349 1431 1397; x_wconf 89' lang='lat' dir='ltr'><strong>blado</strong></span> <span class='ocrx_word' id='word_1_82' title='bbox 1471 1353 1520 1397; x_wconf 89' lang='lat' dir='ltr'><strong>et</strong></span> <span class='ocrx_word' id='word_1_83' title='bbox 1558 1349 1711 1396; x_wconf 88' lang='lat' dir='ltr'><strong>farina</strong></span> <span class='ocrx_word' id='word_1_84' title='bbox 1749 1364 1842 1412; x_wconf 91' lang='lat' dir='ltr'><strong>quo</strong></span> <span class='ocrx_word' id='word_1_85' title='bbox 1879 1349 1939 1396; x_wconf 90' lang='lat' dir='ltr'><strong>ad</strong></span> <span class='ocrx_word' id='word_1_86' title='bbox 1974 1349 2240 1397; x_wconf 88' lang='lat' dir='ltr'><strong>seriandum</strong></span> <span class='ocrx_word' id='word_1_87' title='bbox 2279 1349 2503 1413; x_wconf 81' lang='lat' dir='ltr'><strong>Episcopi</strong></span> 
     </span>
     <span class='ocr_line' id='line_1_9' title="bbox 572 1437 2572 1502; baseline -0.004 -13"><span class='ocrx_word' id='word_1_88' title='bbox 572 1442 700 1490; x_wconf 86' lang='lat' dir='ltr'><strong>dicta</strong></span> <span class='ocrx_word' id='word_1_89' title='bbox 723 1440 872 1489; x_wconf 87' lang='lat' dir='ltr'><strong>assisa</strong></span> <span class='ocrx_word' id='word_1_90' title='bbox 896 1439 1075 1487; x_wconf 76' lang='lat' dir='ltr'><strong>remisit</strong></span> <span class='ocrx_word' id='word_1_91' title='bbox 1102 1438 1507 1486; x_wconf 88' lang='lat' dir='ltr'><strong>determinandum</strong></span> <span class='ocrx_word' id='word_1_92' title='bbox 1547 1441 1596 1485; x_wconf 90' lang='lat' dir='ltr'><strong>et</strong></span> <span class='ocrx_word' id='word_1_93' title='bbox 1634 1437 2030 1501; x_wconf 89' lang='lat' dir='ltr'><strong>pronuntiandum</strong></span> <span class='ocrx_word' id='word_1_94' title='bbox 2069 1438 2115 1485; x_wconf 92' lang='lat' dir='ltr'><strong>in</strong></span> <span class='ocrx_word' id='word_1_95' title='bbox 2147 1438 2338 1502; x_wconf 86' lang='lat' dir='ltr'><strong>propria</strong></span> <span class='ocrx_word' id='word_1_96' title='bbox 2361 1438 2505 1486; x_wconf 89' lang='lat' dir='ltr'><strong>Curia</strong></span> <span class='ocrx_word' id='word_1_97' title='bbox 2568 1478 2572 1482; x_wconf 89' lang='lat'>.</span> 
     </span>
     <span class='ocr_line' id='line_1_10' title="bbox 571 1525 2504 1592; baseline -0.001 -16"><span class='ocrx_word' id='word_1_98' title='bbox 571 1528 765 1592; x_wconf 88' lang='lat' dir='ltr'><strong>capituli</strong></span> <span class='ocrx_word' id='word_1_99' title='bbox 789 1529 914 1591; x_wconf 88' lang='lat' dir='ltr'><strong>apud</strong></span> <span class='ocrx_word' id='word_1_100' title='bbox 942 1527 1110 1575; x_wconf 83' lang='lat' dir='ltr'><strong>Forfar</strong></span> <span class='ocrx_word' id='word_1_101' title='bbox 1133 1543 1217 1591; x_wconf 92' lang='lat' dir='ltr'><strong>per</strong></span> <span class='ocrx_word' id='word_1_102' title='bbox 1241 1527 1438 1575; x_wconf 83' lang='lat' dir='ltr'><strong>assisam</strong></span> <span class='ocrx_word' id='word_1_103' title='bbox 1461 1530 1576 1574; x_wconf 89' lang='lat' dir='ltr'><strong>tunc</strong></span> <span class='ocrx_word' id='word_1_104' title='bbox 1604 1526 1778 1574; x_wconf 91' lang='lat' dir='ltr'><strong>ibidem</strong></span> <span class='ocrx_word' id='word_1_105' title='bbox 1815 1525 2075 1589; x_wconf 83' lang='lat' dir='ltr'><strong>eligendam</strong></span> <span class='ocrx_word' id='word_1_106' title='bbox 2115 1554 2124 1563; x_wconf 93' lang='lat'><strong>·</strong></span> <span class='ocrx_word' id='word_1_107' title='bbox 2163 1526 2314 1589; x_wconf 87' lang='lat' dir='ltr'><strong>Super</strong></span> <span class='ocrx_word' id='word_1_108' title='bbox 2337 1526 2504 1589; x_wconf 88' lang='lat' dir='ltr'><strong>quibus</strong></span> 
     </span>
     <span class='ocr_line' id='line_1_11' title="bbox 570 1615 2505 1679; baseline -0.001 -15"><span class='ocrx_word' id='word_1_109' title='bbox 570 1619 617 1665; x_wconf 92' lang='lat' dir='ltr'><strong>in</strong></span> <span class='ocrx_word' id='word_1_110' title='bbox 643 1618 772 1665; x_wconf 87' lang='lat' dir='ltr'><strong>dicta</strong></span> <span class='ocrx_word' id='word_1_111' title='bbox 796 1616 940 1664; x_wconf 87' lang='lat' dir='ltr'><strong>Curia</strong></span> <span class='ocrx_word' id='word_1_112' title='bbox 963 1615 1084 1664; x_wconf 86' lang='lat' dir='ltr'><strong>actis</strong></span> <span class='ocrx_word' id='word_1_113' title='bbox 1123 1620 1171 1663; x_wconf 87' lang='lat' dir='ltr'><strong>et</strong></span> <span class='ocrx_word' id='word_1_114' title='bbox 1209 1616 1257 1662; x_wconf 90' lang='lat' dir='ltr'><strong>in</strong></span> <span class='ocrx_word' id='word_1_115' title='bbox 1294 1615 1558 1679; x_wconf 87' lang='lat' dir='ltr'><strong>prescripta</strong></span> <span class='ocrx_word' id='word_1_116' title='bbox 1595 1615 1763 1663; x_wconf 88' lang='lat' dir='ltr'><strong>cedula</strong></span> <span class='ocrx_word' id='word_1_117' title='bbox 1797 1615 2035 1663; x_wconf 87' lang='lat' dir='ltr'><strong>contentis</strong></span> <span class='ocrx_word' id='word_1_118' title='bbox 2059 1615 2195 1662; x_wconf 89' lang='lat' dir='ltr'><strong>Idem</strong></span> <span class='ocrx_word' id='word_1_119' title='bbox 2220 1616 2505 1662; x_wconf 87' lang='lat' dir='ltr'><strong>reuerendus</strong></span> 
     </span>
     <span class='ocr_line' id='line_1_12' title="bbox 570 1702 2506 1770; baseline -0.002 -16"><span class='ocrx_word' id='word_1_120' title='bbox 570 1711 706 1770; x_wconf 87' lang='lat' dir='ltr'><strong>pater</strong></span> <span class='ocrx_word' id='word_1_121' title='bbox 740 1723 769 1753; x_wconf 85' lang='lat' dir='ltr'><strong>a</strong></span> <span class='ocrx_word' id='word_1_122' title='bbox 803 1721 878 1752; x_wconf 89' lang='lat' dir='ltr'><strong>me</strong></span> <span class='ocrx_word' id='word_1_123' title='bbox 913 1704 1098 1753; x_wconf 87' lang='lat' dir='ltr'><strong>notario</strong></span> <span class='ocrx_word' id='word_1_124' title='bbox 1133 1703 1322 1767; x_wconf 88' lang='lat' dir='ltr'><strong>publico</strong></span> <span class='ocrx_word' id='word_1_125' title='bbox 1356 1704 1623 1767; x_wconf 87' lang='lat' dir='ltr'><strong>subscripto</strong></span> <span class='ocrx_word' id='word_1_126' title='bbox 1658 1703 1748 1751; x_wconf 92' lang='lat' dir='ltr'><strong>sibi</strong></span> <span class='ocrx_word' id='word_1_127' title='bbox 1783 1703 1884 1751; x_wconf 90' lang='lat' dir='ltr'><strong>fieri</strong></span> <span class='ocrx_word' id='word_1_128' title='bbox 1906 1703 2046 1767; x_wconf 88' lang='lat' dir='ltr'><strong>petiit</strong></span> <span class='ocrx_word' id='word_1_129' title='bbox 2070 1702 2306 1766; x_wconf 88' lang='lat' dir='ltr'><strong>publicum</strong></span> <span class='ocrx_word' id='word_1_130' title='bbox 2334 1703 2506 1751; x_wconf 87' lang='lat' dir='ltr'><strong>instru-</strong></span> 
     </span>
     <span class='ocr_line' id='line_1_13' title="bbox 570 1792 2503 1856; baseline -0.002 -13"><span class='ocrx_word' id='word_1_131' title='bbox 570 1800 779 1843; x_wconf 88' lang='lat' dir='ltr'><strong>mentum</strong></span> <span class='ocrx_word' id='word_1_132' title='bbox 818 1823 827 1831; x_wconf 93' lang='lat'><strong>·</strong></span> <span class='ocrx_word' id='word_1_133' title='bbox 867 1822 876 1831; x_wconf 93' lang='lat'><strong>·</strong></span> <span class='ocrx_word' id='word_1_134' title='bbox 916 1822 926 1831; x_wconf 91' lang='lat'><strong>·</strong></span> <span class='ocrx_word' id='word_1_135' title='bbox 963 1794 1023 1840; x_wconf 91' lang='lat' dir='ltr'><strong>ad</strong></span> <span class='ocrx_word' id='word_1_136' title='bbox 1047 1797 1326 1856; x_wconf 90' lang='lat' dir='ltr'><strong>perpetuam</strong></span> <span class='ocrx_word' id='word_1_137' title='bbox 1352 1792 1420 1840; x_wconf 89' lang='lat' dir='ltr'><strong>rei</strong></span> <span class='ocrx_word' id='word_1_138' title='bbox 1444 1792 1718 1840; x_wconf 86' lang='lat' dir='ltr'><strong>memoriam</strong></span> <span class='ocrx_word' id='word_1_139' title='bbox 1757 1820 1767 1830; x_wconf 89' lang='lat'><strong>·</strong></span> <span class='ocrx_word' id='word_1_140' title='bbox 1810 1820 1820 1830; x_wconf 90' lang='lat'><strong>·</strong></span> <span class='ocrx_word' id='word_1_141' title='bbox 1859 1820 1869 1829; x_wconf 90' lang='lat'><strong>·</strong></span> <span class='ocrx_word' id='word_1_142' title='bbox 1907 1794 2033 1840; x_wconf 86' lang='lat' dir='ltr'><strong>Acta</strong></span> <span class='ocrx_word' id='word_1_143' title='bbox 2055 1792 2245 1839; x_wconf 85' lang='lat' dir='ltr'><strong>fuerunt</strong></span> <span class='ocrx_word' id='word_1_144' title='bbox 2270 1793 2356 1840; x_wconf 88' lang='lat' dir='ltr'><strong>hec</strong></span> <span class='ocrx_word' id='word_1_145' title='bbox 2379 1809 2503 1840; x_wconf 86' lang='lat' dir='ltr'><strong>anno</strong></span> 
     </span>
     <span class='ocr_line' id='line_1_14' title="bbox 570 1879 2506 1946; baseline -0.002 -15"><span class='ocrx_word' id='word_1_146' title='bbox 570 1901 728 1933; x_wconf 88' lang='lat' dir='ltr'><strong>mense</strong></span> <span class='ocrx_word' id='word_1_147' title='bbox 767 1912 776 1921; x_wconf 88' lang='lat'><strong>·</strong></span> <span class='ocrx_word' id='word_1_148' title='bbox 816 1911 826 1920; x_wconf 88' lang='lat'><strong>·</strong></span> <span class='ocrx_word' id='word_1_149' title='bbox 866 1912 875 1920; x_wconf 93' lang='lat'>-</span> <span class='ocrx_word' id='word_1_150' title='bbox 913 1882 1082 1946; x_wconf 86' lang='lat' dir='ltr'><strong>quibus</strong></span> <span class='ocrx_word' id='word_1_151' title='bbox 1115 1897 1259 1945; x_wconf 84' lang='lat' dir='ltr'><strong>supra</strong></span> <span class='ocrx_word' id='word_1_152' title='bbox 1293 1881 1410 1929; x_wconf 89' lang='lat' dir='ltr'><strong>hora</strong></span> <span class='ocrx_word' id='word_1_153' title='bbox 1444 1881 1723 1928; x_wconf 88' lang='lat' dir='ltr'><strong>duodecima</strong></span> <span class='ocrx_word' id='word_1_154' title='bbox 1757 1881 1804 1928; x_wconf 92' lang='lat' dir='ltr'><strong>in</strong></span> <span class='ocrx_word' id='word_1_155' title='bbox 1841 1880 2034 1928; x_wconf 90' lang='lat' dir='ltr'><strong>meridie</strong></span> <span class='ocrx_word' id='word_1_156' title='bbox 2058 1879 2135 1928; x_wconf 89' lang='lat' dir='ltr'><strong>uel</strong></span> <span class='ocrx_word' id='word_1_157' title='bbox 2159 1881 2356 1936; x_wconf 87' lang='lat' dir='ltr'><strong>eocirca,</strong></span> <span class='ocrx_word' id='word_1_158' title='bbox 2394 1881 2506 1928; x_wconf 86' lang='lat' dir='ltr'><strong>Pre-</strong></span> 
     </span>
     <span class='ocr_line' id='line_1_15' title="bbox 570 1968 2502 2033; baseline -0.003 -12"><span class='ocrx_word' id='word_1_159' title='bbox 570 1973 781 2021; x_wconf 87' lang='lat' dir='ltr'><strong>sentibus</strong></span> <span class='ocrx_word' id='word_1_160' title='bbox 823 1970 1067 2019; x_wconf 91' lang='lat' dir='ltr'><strong>Willelmo</strong></span> <span class='ocrx_word' id='word_1_161' title='bbox 1108 1969 1445 2033; x_wconf 84' lang='lat' dir='ltr'><strong>Ochterlowny</strong></span> <span class='ocrx_word' id='word_1_162' title='bbox 1487 1971 1545 2018; x_wconf 90' lang='lat' dir='ltr'><strong>de</strong></span> <span class='ocrx_word' id='word_1_163' title='bbox 1583 1969 1730 2033; x_wconf 82' lang='lat' dir='ltr'><strong>Kelly</strong></span> <span class='ocrx_word' id='word_1_164' title='bbox 1763 1969 1984 2017; x_wconf 86' lang='lat' dir='ltr'><strong>Johanne</strong></span> <span class='ocrx_word' id='word_1_165' title='bbox 2027 1968 2208 2032; x_wconf 84' lang='lat' dir='ltr'><strong>Ogylvy</strong></span> <span class='ocrx_word' id='word_1_166' title='bbox 2246 1970 2304 2016; x_wconf 92' lang='lat' dir='ltr'><strong>de</strong></span> <span class='ocrx_word' id='word_1_167' title='bbox 2339 1971 2502 2017; x_wconf 86' lang='lat' dir='ltr'><strong>eodem</strong></span> 
     </span>
     <span class='ocr_line' id='line_1_16' title="bbox 570 2057 2570 2122; baseline -0.001 -14"><span class='ocrx_word' id='word_1_168' title='bbox 570 2061 753 2108; x_wconf 88' lang='lat' dir='ltr'><strong>Thoma</strong></span> <span class='ocrx_word' id='word_1_169' title='bbox 777 2060 994 2107; x_wconf 89' lang='lat' dir='ltr'><strong>Fentoun</strong></span> <span class='ocrx_word' id='word_1_170' title='bbox 1031 2059 1088 2105; x_wconf 92' lang='lat' dir='ltr'><strong>de</strong></span> <span class='ocrx_word' id='word_1_171' title='bbox 1126 2058 1247 2122; x_wconf 85' lang='lat' dir='ltr'><strong>Ogyl</strong></span> <span class='ocrx_word' id='word_1_172' title='bbox 1282 2058 1441 2105; x_wconf 90' lang='lat' dir='ltr'><strong>Dauid</strong></span> <span class='ocrx_word' id='word_1_173' title='bbox 1480 2057 1740 2122; x_wconf 87' lang='lat' dir='ltr'><strong>Dempstar</strong></span> <span class='ocrx_word' id='word_1_174' title='bbox 1774 2059 1832 2105; x_wconf 87' lang='lat' dir='ltr'><strong>de</strong></span> <span class='ocrx_word' id='word_1_175' title='bbox 1866 2057 2196 2106; x_wconf 88' lang='lat' dir='ltr'><strong>Caraldistoun</strong></span> <span class='ocrx_word' id='word_1_176' title='bbox 2226 2057 2505 2106; x_wconf 86' lang='lat' dir='ltr'><strong>Alexandro</strong></span> <span class='ocrx_word' id='word_1_177' title='bbox 2562 2062 2570 2068; x_wconf 83' lang='lat'>&#39;</span> 
     </span>
     <span class='ocr_line' id='line_1_17' title="bbox 570 2145 2504 2210; baseline -0.001 -14"><span class='ocrx_word' id='word_1_178' title='bbox 570 2149 842 2197; x_wconf 85' lang='lat' dir='ltr'><strong>Crawmont</strong></span> <span class='ocrx_word' id='word_1_179' title='bbox 878 2149 936 2196; x_wconf 90' lang='lat' dir='ltr'><strong>de</strong></span> <span class='ocrx_word' id='word_1_180' title='bbox 972 2148 1137 2195; x_wconf 87' lang='lat' dir='ltr'><strong>eodem</strong></span> <span class='ocrx_word' id='word_1_181' title='bbox 1165 2147 1385 2196; x_wconf 82' lang='lat' dir='ltr'><strong>Waltero</strong></span> <span class='ocrx_word' id='word_1_182' title='bbox 1422 2146 1601 2195; x_wconf 87' lang='lat' dir='ltr'><strong>Tulach</strong></span> <span class='ocrx_word' id='word_1_183' title='bbox 1638 2149 1696 2194; x_wconf 91' lang='lat' dir='ltr'><strong>de</strong></span> <span class='ocrx_word' id='word_1_184' title='bbox 1733 2147 2020 2210; x_wconf 87' lang='lat' dir='ltr'><strong>Bondynton</strong></span> <span class='ocrx_word' id='word_1_185' title='bbox 2046 2145 2264 2194; x_wconf 86' lang='lat' dir='ltr'><strong>Waltero</strong></span> <span class='ocrx_word' id='word_1_186' title='bbox 2290 2146 2504 2210; x_wconf 82' lang='lat' dir='ltr'><strong>Carnegy</strong></span> 
     </span>
     <span class='ocr_line' id='line_1_18' title="bbox 570 2235 2506 2301; baseline -0.002 -16"><span class='ocrx_word' id='word_1_187' title='bbox 570 2240 627 2285; x_wconf 90' lang='lat' dir='ltr'><strong>de</strong></span> <span class='ocrx_word' id='word_1_188' title='bbox 654 2237 885 2301; x_wconf 82' lang='lat' dir='ltr'><strong>Kynhard</strong></span> <span class='ocrx_word' id='word_1_189' title='bbox 910 2253 1017 2285; x_wconf 90' lang='lat' dir='ltr'><strong>cum</strong></span> <span class='ocrx_word' id='word_1_190' title='bbox 1039 2235 1202 2284; x_wconf 88' lang='lat' dir='ltr'><strong>multis</strong></span> <span class='ocrx_word' id='word_1_191' title='bbox 1224 2235 1331 2283; x_wconf 89' lang='lat' dir='ltr'><strong>aliis</strong></span> <span class='ocrx_word' id='word_1_192' title='bbox 1365 2235 1569 2284; x_wconf 90' lang='lat' dir='ltr'><strong>testibus</strong></span> <span class='ocrx_word' id='word_1_193' title='bbox 1606 2263 1616 2274; x_wconf 90' lang='lat'><strong>·</strong></span> <span class='ocrx_word' id='word_1_194' title='bbox 1656 2264 1666 2273; x_wconf 93' lang='lat'><strong>·</strong></span> <span class='ocrx_word' id='word_1_195' title='bbox 1705 2263 1715 2273; x_wconf 92' lang='lat'><strong>·</strong></span> <span class='ocrx_word' id='word_1_196' title='bbox 1755 2236 1820 2284; x_wconf 92' lang='lat' dir='ltr'><strong>Et</strong></span> <span class='ocrx_word' id='word_1_197' title='bbox 1858 2236 1918 2283; x_wconf 88' lang='lat' dir='ltr'><strong>ad</strong></span> <span class='ocrx_word' id='word_1_198' title='bbox 1955 2235 2178 2283; x_wconf 90' lang='lat' dir='ltr'><strong>maiorem</strong></span> <span class='ocrx_word' id='word_1_199' title='bbox 2214 2236 2506 2299; x_wconf 84' lang='lat' dir='ltr'><strong>suprascrip-</strong></span> 
     </span>
     <span class='ocr_line' id='line_1_19' title="bbox 568 2324 2503 2389; baseline -0.002 -15"><span class='ocrx_word' id='word_1_200' title='bbox 568 2333 723 2375; x_wconf 86' lang='lat' dir='ltr'><strong>torum</strong></span> <span class='ocrx_word' id='word_1_201' title='bbox 749 2326 1054 2375; x_wconf 87' lang='lat' dir='ltr'><strong>clarissimam</strong></span> <span class='ocrx_word' id='word_1_202' title='bbox 1091 2330 1140 2373; x_wconf 87' lang='lat' dir='ltr'><strong>et</strong></span> <span class='ocrx_word' id='word_1_203' title='bbox 1176 2325 1463 2373; x_wconf 88' lang='lat' dir='ltr'><strong>euidentiam</strong></span> <span class='ocrx_word' id='word_1_204' title='bbox 1488 2325 1729 2389; x_wconf 85' lang='lat' dir='ltr'><strong>predictus</strong></span> <span class='ocrx_word' id='word_1_205' title='bbox 1765 2326 2050 2373; x_wconf 90' lang='lat' dir='ltr'><strong>reuerendus</strong></span> <span class='ocrx_word' id='word_1_206' title='bbox 2084 2329 2223 2388; x_wconf 86' lang='lat' dir='ltr'><strong>pater</strong></span> <span class='ocrx_word' id='word_1_207' title='bbox 2259 2324 2503 2388; x_wconf 87' lang='lat' dir='ltr'><strong>requisiuit</strong></span> 
     </span>
     <span class='ocr_line' id='line_1_20' title="bbox 569 2413 2504 2479; baseline -0.002 -16"><span class='ocrx_word' id='word_1_208' title='bbox 569 2417 802 2479; x_wconf 85' lang='lat' dir='ltr'><strong>prefatum</strong></span> <span class='ocrx_word' id='word_1_209' title='bbox 850 2414 1141 2463; x_wconf 80' lang='lat' dir='ltr'><strong>vicecomitis</strong></span> <span class='ocrx_word' id='word_1_210' title='bbox 1188 2415 1466 2478; x_wconf 91' lang='lat' dir='ltr'><strong>deputatum</strong></span> <span class='ocrx_word' id='word_1_211' title='bbox 1518 2418 1750 2476; x_wconf 84' lang='lat' dir='ltr'><strong>quatenus</strong></span> <span class='ocrx_word' id='word_1_212' title='bbox 1795 2430 1989 2478; x_wconf 85' lang='lat' dir='ltr'><strong>presens</strong></span> <span class='ocrx_word' id='word_1_213' title='bbox 2027 2414 2389 2464; x_wconf 90' lang='lat' dir='ltr'><strong>instrumentum</strong></span> <span class='ocrx_word' id='word_1_214' title='bbox 2433 2413 2504 2462; x_wconf 90' lang='lat' dir='ltr'><strong>sui</strong></span> 
     </span>
     <span class='ocr_line' id='line_1_21' title="bbox 569 2501 2502 2566; baseline -0.002 -15"><span class='ocrx_word' id='word_1_215' title='bbox 569 2503 710 2566; x_wconf 83' lang='lat' dir='ltr'><strong>sigilli</strong></span> <span class='ocrx_word' id='word_1_216' title='bbox 736 2503 990 2551; x_wconf 89' lang='lat' dir='ltr'><strong>munimine</strong></span> <span class='ocrx_word' id='word_1_217' title='bbox 1015 2503 1274 2557; x_wconf 88' lang='lat' dir='ltr'><strong>roboraret,</strong></span> <span class='ocrx_word' id='word_1_218' title='bbox 1294 2503 1419 2566; x_wconf 90' lang='lat' dir='ltr'><strong>quod</strong></span> <span class='ocrx_word' id='word_1_219' title='bbox 1439 2507 1488 2551; x_wconf 91' lang='lat' dir='ltr'><strong>et</strong></span> <span class='ocrx_word' id='word_1_220' title='bbox 1508 2503 1664 2550; x_wconf 87' lang='lat' dir='ltr'><strong>dictus</strong></span> <span class='ocrx_word' id='word_1_221' title='bbox 1682 2503 1939 2566; x_wconf 84' lang='lat' dir='ltr'><strong>deputatus</strong></span> <span class='ocrx_word' id='word_1_222' title='bbox 1953 2505 2197 2565; x_wconf 84' lang='lat' dir='ltr'><strong>gratanter</strong></span> <span class='ocrx_word' id='word_1_223' title='bbox 2220 2501 2454 2549; x_wconf 86' lang='lat' dir='ltr'><strong>concessit</strong></span> <span class='ocrx_word' id='word_1_224' title='bbox 2493 2530 2502 2538; x_wconf 88' lang='lat'><em>—</em></span> 
     </span>
    </p>

    <p class='ocr_par' dir='ltr' id='par_1_3' title="bbox 570 2590 2505 2735">
     <span class='ocr_line' id='line_1_22' title="bbox 639 2590 2505 2655; baseline -0.001 -16"><span class='ocrx_word' id='word_1_225' title='bbox 639 2594 704 2640; x_wconf 90' lang='lat' dir='ltr'><strong>Et</strong></span> <span class='ocrx_word' id='word_1_226' title='bbox 743 2609 828 2655; x_wconf 85' lang='lat' dir='ltr'><strong>ego</strong></span> <span class='ocrx_word' id='word_1_227' title='bbox 869 2591 1011 2640; x_wconf 54' lang='lat' dir='ltr'><strong>Alex*</strong></span> <span class='ocrx_word' id='word_1_228' title='bbox 1048 2592 1228 2639; x_wconf 90' lang='lat' dir='ltr'><strong>Thome</strong></span> <span class='ocrx_word' id='word_1_229' title='bbox 1266 2591 1500 2655; x_wconf 89' lang='lat' dir='ltr'><strong>presbiter</strong></span> <span class='ocrx_word' id='word_1_230' title='bbox 1525 2591 1859 2639; x_wconf 89' lang='lat' dir='ltr'><strong>Brechinensis</strong></span> <span class='ocrx_word' id='word_1_231' title='bbox 1883 2591 2099 2639; x_wconf 87' lang='lat' dir='ltr'><strong>dioecesis</strong></span> <span class='ocrx_word' id='word_1_232' title='bbox 2121 2590 2335 2654; x_wconf 88' lang='lat' dir='ltr'><strong>publicus</strong></span> <span class='ocrx_word' id='word_1_233' title='bbox 2358 2591 2505 2654; x_wconf 88' lang='lat' dir='ltr'><strong>impe-</strong></span> 
     </span>
     <span class='ocr_line' id='line_1_23' title="bbox 570 2679 1532 2735; baseline -0.001 -6"><span class='ocrx_word' id='word_1_234' title='bbox 570 2681 674 2729; x_wconf 90' lang='lat' dir='ltr'><strong>riali</strong></span> <span class='ocrx_word' id='word_1_235' title='bbox 699 2681 985 2729; x_wconf 84' lang='lat' dir='ltr'><strong>auctoritate</strong></span> <span class='ocrx_word' id='word_1_236' title='bbox 1010 2679 1235 2732; x_wconf 73' lang='lat' dir='ltr'><strong>notarius.</strong></span> <span class='ocrx_word' id='word_1_237' title='bbox 1262 2680 1386 2735; x_wconf 81' lang='lat' dir='ltr'><strong>Quia</strong></span> <span class='ocrx_word' id='word_1_238' title='bbox 1423 2708 1433 2718; x_wconf 91' lang='lat'><strong>·</strong></span> <span class='ocrx_word' id='word_1_239' title='bbox 1473 2709 1482 2718; x_wconf 93' lang='lat'><strong>·</strong></span> <span class='ocrx_word' id='word_1_240' title='bbox 1523 2709 1532 2718; x_wconf 91' lang='lat'><em>-</em></span> 
     </span>
    </p>
   </div>
   <div class='ocr_carea' id='block_1_3' title="bbox 573 2878 2503 3034">
    <p class='ocr_par' dir='ltr' id='par_1_4' title="bbox 573 2878 2503 3034">
     <span class='ocr_line' id='line_1_24' title="bbox 574 2878 2503 2944; baseline -0.002 -15"><span class='ocrx_word' id='word_1_241' title='bbox 574 2884 961 2944; x_wconf 88' lang='lat' dir='ltr'><strong>Transsumptum</strong></span> <span class='ocrx_word' id='word_1_242' title='bbox 1000 2882 1056 2928; x_wconf 90' lang='lat' dir='ltr'><strong>de</strong></span> <span class='ocrx_word' id='word_1_243' title='bbox 1090 2880 1243 2929; x_wconf 88' lang='lat' dir='ltr'><strong>literis</strong></span> <span class='ocrx_word' id='word_1_244' title='bbox 1279 2881 1507 2929; x_wconf 85' lang='lat' dir='ltr'><strong>carissimi</strong></span> <span class='ocrx_word' id='word_1_245' title='bbox 1546 2880 1738 2929; x_wconf 90' lang='lat' dir='ltr'><strong>Domini</strong></span> <span class='ocrx_word' id='word_1_246' title='bbox 1776 2879 1924 2942; x_wconf 87' lang='lat' dir='ltr'><strong>Regis</strong></span> <span class='ocrx_word' id='word_1_247' title='bbox 1948 2878 2172 2942; x_wconf 82' lang='lat' dir='ltr'><strong>Capitulo</strong></span> <span class='ocrx_word' id='word_1_248' title='bbox 2196 2878 2503 2927; x_wconf 83' lang='lat' dir='ltr'><strong>Brechinensi</strong></span> 
     </span>
     <span class='ocr_line' id='line_1_25' title="bbox 573 2969 1419 3034; baseline -0.002 -16"><span class='ocrx_word' id='word_1_249' title='bbox 573 2987 659 3034; x_wconf 89' lang='lat' dir='ltr'><strong>pro</strong></span> <span class='ocrx_word' id='word_1_250' title='bbox 683 2970 876 3018; x_wconf 84' lang='lat' dir='ltr'><strong>Vicaria</strong></span> <span class='ocrx_word' id='word_1_251' title='bbox 901 2971 958 3016; x_wconf 92' lang='lat' dir='ltr'><strong>de</strong></span> <span class='ocrx_word' id='word_1_252' title='bbox 985 2969 1371 3033; x_wconf 83' lang='lat' dir='ltr'><strong>Quorcbtoqwhy</strong></span> <span class='ocrx_word' id='word_1_253' title='bbox 1410 2998 1419 3006; x_wconf 93' lang='lat'><strong>·</strong></span> 
     </span>
    </p>
   </div>
   <div class='ocr_carea' id='block_1_4' title="bbox 366 3092 2506 3353">
    <p class='ocr_par' dir='ltr' id='par_1_5' title="bbox 366 3092 2506 3353">
     <span class='ocr_line' id='line_1_26' title="bbox 366 3092 2505 3186; baseline -0.002 -12"><span class='ocrx_word' id='word_1_254' title='bbox 366 3119 551 3167; x_wconf 83' lang='lat' dir='ltr'><strong>XLVI·</strong></span> <span class='ocrx_word' id='word_1_255' title='bbox 584 3092 665 3174; x_wconf 86' lang='lat' dir='ltr'><strong>In</strong></span> <span class='ocrx_word' id='word_1_256' title='bbox 706 3126 892 3173; x_wconf 87' lang='lat' dir='ltr'><strong>nomine</strong></span> <span class='ocrx_word' id='word_1_257' title='bbox 935 3125 1127 3173; x_wconf 85' lang='lat' dir='ltr'><strong>Domini</strong></span> <span class='ocrx_word' id='word_1_258' title='bbox 1169 3126 1323 3172; x_wconf 83' lang='lat' dir='ltr'><strong>Amen</strong></span> <span class='ocrx_word' id='word_1_259' title='bbox 1362 3153 1371 3162; x_wconf 92' lang='lat'><strong>·</strong></span> <span class='ocrx_word' id='word_1_260' title='bbox 1410 3124 1656 3172; x_wconf 88' lang='lat' dir='ltr'><strong>Uniuersis</strong></span> <span class='ocrx_word' id='word_1_261' title='bbox 1694 3127 1744 3170; x_wconf 93' lang='lat' dir='ltr'><strong>et</strong></span> <span class='ocrx_word' id='word_1_262' title='bbox 1789 3121 1984 3185; x_wconf 85' lang='lat' dir='ltr'><strong>singulis</strong></span> <span class='ocrx_word' id='word_1_263' title='bbox 2026 3122 2227 3172; x_wconf 87' lang='lat' dir='ltr'><strong>Presens</strong></span> <span class='ocrx_word' id='word_1_264' title='bbox 2267 3123 2505 3186; x_wconf 89' lang='lat' dir='ltr'><strong>publicum</strong></span> 
     </span>
     <span class='ocr_line' id='line_1_27' title="bbox 578 3209 2506 3276; baseline -0.002 -14"><span class='ocrx_word' id='word_1_265' title='bbox 578 3217 936 3264; x_wconf 88' lang='lat' dir='ltr'><strong>instrumentum</strong></span> <span class='ocrx_word' id='word_1_266' title='bbox 979 3213 1260 3276; x_wconf 86' lang='lat' dir='ltr'><strong>inspecturis</strong></span> <span class='ocrx_word' id='word_1_267' title='bbox 1305 3213 1553 3260; x_wconf 86' lang='lat' dir='ltr'><strong>Johannes</strong></span> <span class='ocrx_word' id='word_1_268' title='bbox 1593 3209 1806 3258; x_wconf 91' lang='lat' dir='ltr'><strong>Villelmi</strong></span> <span class='ocrx_word' id='word_1_269' title='bbox 1856 3209 2086 3272; x_wconf 84' lang='lat' dir='ltr'><strong>Magister</strong></span> <span class='ocrx_word' id='word_1_270' title='bbox 2134 3211 2181 3258; x_wconf 93' lang='lat' dir='ltr'><strong>in</strong></span> <span class='ocrx_word' id='word_1_271' title='bbox 2227 3212 2411 3260; x_wconf 87' lang='lat' dir='ltr'><strong>artibus</strong></span> <span class='ocrx_word' id='word_1_272' title='bbox 2457 3216 2506 3259; x_wconf 87' lang='lat' dir='ltr'><strong>et</strong></span> 
     </span>
     <span class='ocr_line' id='line_1_28' title="bbox 578 3292 2504 3353; baseline -0.003 0"><span class='ocrx_word' id='word_1_273' title='bbox 578 3303 874 3353; x_wconf 88' lang='lat' dir='ltr'><strong>bachalarius</strong></span> <span class='ocrx_word' id='word_1_274' title='bbox 912 3302 959 3349; x_wconf 92' lang='lat' dir='ltr'><strong>in</strong></span> <span class='ocrx_word' id='word_1_275' title='bbox 998 3301 1200 3349; x_wconf 87' lang='lat' dir='ltr'><strong>decretis</strong></span> <span class='ocrx_word' id='word_1_276' title='bbox 1234 3316 1290 3348; x_wconf 89' lang='lat' dir='ltr'><strong>ac</strong></span> <span class='ocrx_word' id='word_1_277' title='bbox 1327 3300 1541 3349; x_wconf 87' lang='lat' dir='ltr'><strong>officialis</strong></span> <span class='ocrx_word' id='word_1_278' title='bbox 1579 3297 1913 3347; x_wconf 87' lang='lat' dir='ltr'><strong>Brechinensis</strong></span> <span class='ocrx_word' id='word_1_279' title='bbox 1936 3297 2150 3348; x_wconf 86' lang='lat' dir='ltr'><strong>Salutem</strong></span> <span class='ocrx_word' id='word_1_280' title='bbox 2175 3292 2222 3347; x_wconf 85' lang='lat' dir='ltr'><strong>in</strong></span> <span class='ocrx_word' id='word_1_281' title='bbox 2248 3299 2458 3348; x_wconf 90' lang='lat' dir='ltr'><strong>Domino</strong></span> <span class='ocrx_word' id='word_1_282' title='bbox 2495 3329 2504 3337; x_wconf 94' lang='lat'><strong>·</strong></span> 
     </span>
    </p>
   </div>
  </div>
 </body>
</html>
