3016 3958
510 653 584 705 44
1067 652 1357 708 CARTAE
1402 653 1903 709 ORIGINALES.

513 839 702 889 dicebat
727 840 921 889 nimium
946 841 1110 890 extitit
1133 846 1358 905 grauatus
1380 847 1575 907 propter
1598 859 1792 907 magnas
1814 848 1864 892 et
1889 843 2100 893 diuersas
2123 846 2445 909 reparationes

510 934 611 977 tam
647 946 788 994 super
822 930 952 979 dicta
986 930 1189 979 ecclesia
1224 931 1534 980 Brechinensi
1569 948 1709 996 quam
1744 932 1942 981 edificiis
1975 932 2319 997 episcopalibus
2353 950 2444 982 non

508 1022 679 1081 potens
702 1019 881 1067 dictum
905 1019 1199 1083 capellanum
1223 1023 1324 1068 tam
1348 1019 1445 1069 cito
1469 1025 1524 1069 ut
1549 1036 1668 1085 opus
1691 1025 1794 1070 erat
1820 1037 1882 1069 ex
1905 1021 2003 1071 suis
2025 1022 2227 1086 propriis
2248 1022 2446 1071 fundare

511 1106 822 1170 capellaniam
847 1108 986 1156 beate
1008 1108 1163 1156 Marie
1190 1107 1473 1171 Magdalene
1511 1110 1569 1157 de
1606 1110 1753 1158 Arrot
1778 1110 2112 1160 Brechinensis
2136 1111 2351 1160 dioecesis
2385 1113 2445 1160 ad

512 1194 815 1244 collationem
841 1195 1159 1259 prouisionem
1183 1200 1233 1244 et
1257 1196 1575 1245 omnimodam
1603 1198 1962 1262 dispositionem
1986 1199 2194 1263 episcopi
2220 1200 2448 1248 Brechin-

511 1284 637 1333 ensis
674 1284 754 1348 qui
791 1300 878 1348 pro
911 1288 1125 1348 tempore
1168 1285 1311 1333 fuerit
1358 1284 1498 1349 pleno
1532 1287 1641 1348 jure
1681 1291 1990 1350 spectantem,
2038 1288 2170 1337 cuius
2217 1289 2446 1353 capellam

511 1373 699 1421 nouiter
738 1373 1029 1422 reedificauit
1077 1374 1264 1437 prefato
1310 1373 1555 1438 capellano
1590 1374 1638 1422 in
1674 1376 1804 1424 dicto
1844 1376 2058 1424 seruicio'
2086 1393 2172 1440 pro
2217 1382 2446 1442 perpetuo

511 1462 838 1510 ministratum
873 1462 1006 1510 unire
1041 1466 1296 1510 annectere
1332 1466 1381 1510 et
1418 1462 1719 1528 incorporare
1761 1464 1918 1513 animo
1953 1466 2198 1529 proposuit
2234 1470 2282 1515 et
2317 1468 2449 1515 adui-

513 1550 652 1606 sauit,
677 1555 752 1599 set
777 1550 887 1614 quia
909 1551 1092 1599 fructus
1126 1550 1253 1598 dicte
1286 1550 1466 1614 capelle
1491 1551 1648 1615 exigui
1683 1556 1732 1600 et
1767 1553 1936 1601 minuti
1960 1558 2094 1602 erant
2128 1570 2216 1602 nec
2251 1556 2311 1602 ad
2347 1571 2448 1605 sus-

510 1639 828 1687 tentationem
863 1638 1096 1702 capellani
1130 1638 1439 1695 sufficiebant,
1483 1641 1542 1687 de
1584 1641 1780 1690 decimis
1819 1641 2089 1704 garbalibus
2129 1642 2345 1692 villa-rum
2387 1646 2445 1692 de

510 1728 799 1791 Isakystoun
824 1731 873 1776 et
898 1727 1196 1791 Chapeltoun
1220 1744 1361 1776 unam
1386 1727 1593 1776 celdram
1616 1729 1766 1777 farine
1805 1731 1934 1779 dicto
1968 1731 2113 1778 etiam
2137 1732 2341 1781 seruicio
2364 1735 2446 1781 ad-

511 1816 644 1863 unire
668 1816 913 1880 proposuit
937 1816 1086 1864 donec
1110 1820 1160 1863 et
1185 1831 1427 1880 quousque
1454 1817 1511 1864 de
1536 1821 1764 1881 quattuor
1786 1819 1958 1868 marcis
1993 1819 2040 1867 in
2076 1820 2339 1870 redditibus
2360 1839 2446 1886 per

511 1905 663 1968 ipsum
688 1904 928 1953 dominum
952 1904 1224 1968 episcopum
1248 1909 1333 1952 aut
1356 1920 1467 1954 suos
1490 1921 1785 1956 successores
1809 1907 1939 1956 dicto
1973 1908 2218 1972 capellano
2242 1911 2288 1958 in
2315 1911 2445 1960 dicto

510 1993 710 2041 seruicio
734 2009 819 2056 pro
842 1996 1055 2056 tempore
1079 1992 1368 2041 ministranti
1401 1993 1743 2057 prouideretur,
1779 2011 1867 2044 nec
1906 1996 1955 2044 in
1991 1997 2082 2046 hoc
2118 2014 2228 2048 suos
2262 2015 2446 2050 succes·

512 2097 642 2130 sores
666 2085 720 2130 ut
744 2081 934 2130 dicebat
970 2085 1019 2129 et
1053 2081 1143 2130 sibi
1178 2081 1398 2145 apparuit
1434 2082 1530 2130 ullo
1566 2084 1706 2132 modo
1738 2085 1970 2147 grauauit,
1999 2086 2113 2150 quia
2148 2087 2326 2136 dietum
2350 2105 2446 2139 ser-

513 2170 687 2218 uicium
711 2187 804 2218 non
828 2169 934 2233 plus
959 2169 1049 2218 sibi
1085 2186 1227 2233 quam
1251 2170 1321 2219 eis
1343 2171 1610 2234 attingebat
1633 2177 1707 2220 set
1731 2174 1792 2221 ad
1815 2174 2098 2223 trahendum
2134 2180 2183 2224 et
2219 2176 2445 2242 instigan-

512 2260 623 2307 dum
659 2259 775 2307 dicti
810 2258 1037 2323 principis
1076 2258 1284 2306 animum
1323 2260 1382 2306 ad
1422 2259 1600 2307 cultum
1626 2260 1835 2309 diuinum
1875 2262 1924 2310 in
1958 2263 2160 2312 ecclesia
2182 2266 2443 2314 cathedrali

510 2348 727 2411 predicta
750 2348 1149 2411 augmentandum
1173 2347 1275 2396 sine
1300 2363 1395 2411 quo
1418 2364 1512 2396 non
1546 2348 1714 2397 fuisset
1749 2354 1802 2398 ut
1837 2351 2038 2399 asseruit
2061 2352 2239 2401 factum
2278 2382 2288 2392 ·
2326 2355 2444 2404 Ideo

510 2437 600 2484 hoc
624 2440 728 2485 erat
751 2452 997 2484 commune
1035 2441 1084 2484 et
1123 2436 1334 2484 debitum
1371 2441 1421 2484 et
1459 2436 1676 2485 omnibus
1712 2438 1945 2502 episcopis
1967 2439 2249 2498 faciendum,
2274 2443 2444 2507 quibus

508 2525 578 2574 sic
602 2541 688 2589 per
709 2525 944 2588 prefatum
968 2526 1276 2573 reuerendum
1299 2529 1484 2589 patrem
1506 2525 1694 2590 publice
1717 2542 1876 2576 coram
1900 2530 2139 2579 canonicis
2162 2531 2210 2579 in
2234 2533 2443 2596 capitulo

509 2613 764 2677 propositis
787 2618 975 2662 matura
996 2617 1046 2663 et
1069 2614 1257 2662 auisata
1279 2613 1620 2663 deliberatione
1644 2631 1701 2663 ac
1723 2617 1960 2680 frequenti
1997 2623 2046 2667 et
2082 2619 2295 2685 diligenti
2311 2627 2443 2689 ¹,trac-

509 2706 618 2750 tatu
652 2718 794 2767 super
826 2702 916 2751 hoc
950 2701 1225 2766 prehabitis,
1262 2702 1439 2750 domini
1476 2704 1534 2750 de
1570 2704 1778 2768 capitulo
1813 2707 2108 2770 propositum
2144 2711 2442 2760 concorditer

509 2791 761 2839 laudarunt
784 2791 963 2855 pariter
985 2795 1035 2839 et
1059 2791 1378 2854 approbarunt
1418 2819 1428 2828 -
1465 2791 1584 2840 Ideo
1615 2792 1792 2841 dictam
1827 2794 2136 2858 capellaniam
2160 2812 2266 2845 cum
2291 2800 2438 2847 omni-

436 2886 438 2889 ’
511 2880 600 2928 bus
637 2879 778 2928 terris
823 2879 1196 2943 possessionibus
1242 2879 1474 2928 fructibus
1521 2884 1571 2928 et
1618 2881 1919 2944 pertinentiis
1964 2883 2335 2948 quibuscumque
2382 2904 2439 2936 ac

509 2967 838 3017 emolumentis
860 2968 921 3015 ad
946 2967 1122 3015 dictam
1146 2966 1456 3030 capellaniam
1493 2968 1551 3015 de
1579 2967 1687 3029 jure
1711 2984 1795 3028 seu
1819 2971 2158 3020 consuetudine
2181 2976 2439 3037 spectanti-

511 3057 599 3104 bus
623 3071 706 3104 seu
729 3060 945 3119 spectare
981 3055 1276 3111 debentibus,
1311 3054 1630 3105 oblationibus
1664 3061 1714 3105 et
1749 3058 2036 3121 quotidianis
2071 3059 2338 3113 elemosinis
2375 3067 2435 3113 ad

506 3143 898 3193 sustentationem
937 3143 1116 3207 capelle
1150 3147 1250 3192 tam
1285 3142 1412 3191 intra
1446 3159 1588 3206 quam
1613 3148 1752 3192 extra
1787 3146 1846 3194 de
1882 3162 2111 3197 consensu
2135 3151 2297 3198 vicarii
2323 3153 2439 3202 Bre-

505 3233 740 3281 chinensis
762 3248 848 3296 pro
872 3248 923 3280 se
948 3236 997 3280 et
1020 3232 1118 3280 suis
1141 3230 1486 3280 successoribus
1523 3232 1758 3281 duntaxat
1794 3235 2008 3298 exceptis
2031 3251 2137 3284 cum
2161 3238 2304 3286 etiam
2331 3257 2437 3304 pre-

505 3321 606 3369 fata
629 3336 807 3370 summa
834 3319 1106 3369 victualium
1131 3319 1287 3368 dictus
1310 3319 1597 3369 reuerendus
1618 3325 1758 3384 pater
1780 3338 1865 3386 pro
1889 3339 1939 3372 se
1964 3328 2012 3373 et
2037 3325 2134 3374 suis
2156 3330 2435 3378 successori-
