3016 3958
173 2356 471 2407 CXXVIII.

495 655 605 709 194
1039 656 1331 712 OARTAE
1377 656 1879 712 ORIGINALES.
1903 733 1908 739 .

498 847 686 893 nostras
719 844 769 892 in
805 845 924 895 alios
947 846 1052 911 pios
1086 862 1198 895 usus
1220 862 1479 910 pauperum
1505 846 1819 895 distribuendi
1857 874 1867 884 ·
1906 874 1917 883 -
1955 874 1968 885 ·
2005 846 2066 893 In
2090 846 2224 894 cuius
2248 846 2317 894 rei
2339 850 2436 894 tes-

498 933 744 982 timonium
792 935 901 983 huic
943 936 1151 1000 presenti
1192 940 1324 984 carte
1362 939 1524 984 nostre
1559 952 1701 984 manu
1738 940 1902 985 nostra
1935 936 2200 999 subscripto
2234 934 2436 998 sigillum

499 1026 713 1071 nostrum
749 1026 1002 1072 rotundum
1039 1029 1111 1074 est
1147 1041 1406 1089 appensum
1442 1041 1642 1072 unacum
1667 1024 1821 1087 sigillo
1845 1024 2043 1089 capituli
2078 1024 2228 1073 nostri
2265 1024 2312 1071 in
2347 1024 2438 1086 sig—

499 1128 613 1159 num
639 1128 800 1160 eorum
826 1129 1080 1162 consensus
1104 1115 1228 1177 apud
1255 1113 1514 1161 Ciuitatem
1541 1114 1910 1162 Brechinensem
1935 1113 2011 1160 die
2263 1113 2437 1160 mensis

498 1201 532 1246 J
538 1200 633 1247 unii
675 1218 799 1250 anno
841 1203 1036 1250 Domini
1077 1203 1327 1251 millesimo
1370 1203 1747 1266 quingentesimo
1790 1203 2152 1266 quadragesimo
2199 1202 2352 1265 primo
2395 1205 2443 1248 et

498 1294 659 1338 nostre
683 1292 1054 1340 consecrationis
1078 1308 1203 1340 anno
1228 1292 1411 1340 decimo
1436 1296 1608 1340 octauo
1638 1307 1797 1339 coram
1822 1291 1896 1340 his
1918 1291 2125 1340 testibus
2163 1320 2172 1328 ·

900 1381 980 1429 Jo.
1007 1384 1091 1446 eps
1128 1381 1397 1428 Brechinen
1436 1409 1446 1419 ·

908 1471 976 1517 M.
1000 1470 1033 1516 J
1037 1471 1215 1519 acobus
1240 1472 1491 1534 Scrymger
1513 1474 1767 1533 precentor
1806 1498 1815 1507 -

901 1558 1178 1607 Alexander
1202 1559 1394 1622 Turyng
1418 1558 1729 1606 cancellarius
1753 1558 2090 1606 Brechinensis
2127 1586 2137 1595 ·

902 1647 1065 1695 Dauid
1094 1648 1288 1696 Pitcarn
1324 1648 1686 1696 archidiaconus
1710 1647 2048 1695 Brechinensis
2085 1675 2095 1684 ·

901 1736 1145 1785 Robertus
1170 1736 1309 1785 Steill
1337 1737 1636 1785 subdecanus
1671 1736 2008 1784 Brechinensis
2030 1753 2171 1784 manu
2195 1738 2385 1800 propria
2426 1767 2435 1775 ·

896 1825 931 1871 J
935 1825 1111 1873 acobus
1134 1826 1280 1873 Arott
1304 1825 1629 1874 thesaurarius
1653 1825 1988 1873 Brechinensis
2025 1853 2035 1863 ·

895 1914 929 1962 J
934 1915 1143 1962 ohannes
1168 1914 1423 1962 Cokburne
1447 1918 1606 1962 rector
1629 1915 1688 1961 de
1714 1913 1921 1961 Kilmoir
1958 1942 1969 1951 ·

896 2002 929 2049 J
935 2003 1144 2052 ohannes
1170 2003 1408 2051 Meldrum
1433 2007 1591 2051 rector
1615 2003 1673 2050 de
1699 2002 1973 2065 Burtergyll
2011 2031 2021 2040 ·

899 2092 1062 2140 Dauid
1088 2093 1342 2156 Lyndesay
1366 2091 1706 2155 prebendarius
1730 2092 1787 2139 de
1814 2092 2026 2154 Fynevin
2066 2120 2075 2128 ·

505 2324 901 2408 Instrumentum
938 2359 1141 2408 saisinae
1180 2360 1391 2422 ejusdem
1427 2359 1571 2407 annui
1605 2360 1819 2407 redditus
1853 2375 1995 2423 super
2029 2364 2285 2423 praecepto
2321 2362 2431 2409 dato

500 2449 683 2497 decimo
741 2452 910 2512 quarto
980 2449 1056 2496 die
1125 2449 1302 2497 mensis
1364 2449 1485 2496 Maii
1546 2449 1658 2496 anni
1721 2448 2033 2511 suprascripti
2096 2465 2182 2512 per
2250 2450 2431 2497 dictum

496 2539 530 2585 J
536 2539 765 2586 ohannem
801 2537 1073 2600 episcopum
1111 2538 1481 2586 Brechinensem
1520 2566 1530 2575 ·
1567 2536 1767 2586 Ballivis
1800 2538 1849 2584 in
1883 2541 2142 2601 praecepto
2177 2539 2432 2587 nominatis

497 2629 690 2675 Andrea
731 2627 883 2674 Thain
920 2630 969 2674 et
1012 2626 1257 2674 Willelmo
1300 2627 1519 2690 Kynneir
1558 2626 1745 2675 ballivis
1780 2626 2003 2674 Civitatis
2049 2627 2381 2676 Brechinensis
2419 2656 2428 2665 ·

496 2717 682 2766 Saisina
715 2717 895 2764 tradita
929 2732 1013 2779 per
1047 2716 1226 2764 dictum
1262 2717 1503 2763 Andream
1541 2716 1694 2764 Thain
1731 2715 1975 2763 Willelmo
2000 2716 2161 2763 Broun
2185 2716 2429 2779 capellano

493 2821 550 2853 ac
574 2805 808 2853 communi
831 2806 1127 2868 procuratori
1155 2805 1506 2868 praedictorum
1541 2804 1892 2868 capellanorum
1927 2805 2059 2853 chori
2095 2804 2427 2853 Brechinensis

493 2911 649 2942 coram
689 2894 762 2942 his
807 2894 1011 2942 testibus
1050 2894 1084 2941 J
1088 2894 1272 2941 ohanne
1313 2893 1577 2941 Auchinlec
1623 2894 1873 2956 sergiando
1921 2892 2166 2940 Willelmo
2216 2893 2427 2956 Ramsay

493 2983 712 3031 Waltero
755 2983 912 3031 Leslie
961 2984 1121 3030 David
1157 2983 1320 3031 Broun
1367 2983 1548 3031 civibus
1587 2983 1986 3031 Brechinensibus
2030 2983 2254 3030 Johanne
2291 2984 2427 3045 Kyn-

491 3072 594 3119 neir
629 3073 686 3119 de
723 3073 888 3119 eodem
925 3072 1127 3120 dominis
1153 3072 1310 3119 David
1337 3072 1644 3120 Robertsoun
1668 3076 1717 3119 et
1743 3071 1964 3119 Waltero
1989 3072 2144 3119 Ferne
2167 3071 2425 3135 capellanis

493 3178 597 3208 cum
637 3160 833 3208 diversis
869 3159 977 3208 aliis
1014 3189 1026 3197 ι
1061 3161 1247 3209 Jacobo
1290 3161 1594 3209 Robertsoun
1634 3160 1869 3223 presbitro
1918 3160 2252 3209 Brechinensis
2299 3161 2424 3208 dioec

491 3266 717 3314 sacraque
741 3250 1026 3297 auctoritate
1051 3249 1314 3313 apostoliea
1336 3249 1523 3298 notario
1561 3277 1571 3287 ·
1610 3249 1670 3295 15
1695 3249 1728 3295 J
1734 3248 1834 3296 unii
1862 3249 1986 3295 1541
2030 3277 2039 3286 -
