3016 3958
1169 621 1465 677 OARTAE
1510 622 2010 679 ORIGINALES.
2462 628 2573 686 227

616 811 732 858 dato
755 826 840 874 per
865 811 1023 860 David
1051 812 1284 861 Petcarne
1308 813 1455 861 filium
1497 818 1546 862 et
1584 814 1836 863 haeredem
1875 816 2109 879 quondam
2136 815 2293 863 David
2332 817 2563 866 Petcarne

616 901 675 947 de
719 899 898 949 Vaster
945 901 1190 951 Drummis
1231 918 1338 951 cum
1381 919 1612 953 consensu
1657 905 1862 954 ‚Ioannis
1904 904 2144 954 Grahame
2186 907 2462 969 apparentis
2508 909 2565 955 de

618 990 827 1055 Morphy
850 995 899 1040 et
935 990 1168 1040 Willelmi
1196 993 1339 1056 Rynd
1364 994 1422 1040 de
1456 993 1599 1043 Carss
1623 998 1896 1042 curatorum
1921 994 2070 1058 ipsius
2095 994 2255 1043 David
2282 994 2563 1044 Alexandro

619 1081 831 1144 Ramsay
878 1081 1126 1145 capellano
1169 1081 1463 1146 capellaniae
1510 1087 1706 1132 sanctae
1748 1084 1918 1132 Annae
1965 1083 2141 1132 ballivo
2187 1100 2273 1133 suo
2319 1086 2443 1148 apud
2493 1085 2564 1134 St.

616 1167 894 1220 Anderset
935 1171 1143 1220 Brechin
1183 1172 1259 1219 die
1299 1172 1483 1220 decimo
1523 1174 1728 1237 septimo
1769 1173 1944 1222 mensis
1982 1173 2163 1237 Aprilis
2197 1190 2323 1222 anno
2374 1174 2567 1222 Domini

616 1260 868 1310 millesimo
894 1261 1273 1326 quingentesimo
1297 1262 1621 1324 octuagesimo
1646 1266 1815 1310 octavo
1839 1278 1999 1310 coram
2022 1263 2228 1311 testibus
2458 1264 2569 1312 Pet-

618 1366 730 1399 carn
755 1355 1017 1415 apparente
1056 1352 1115 1398 de
1154 1352 1322 1400 eodem
1360 1351 1395 1398 J
1398 1351 1548 1399 acobo
1589 1351 1695 1414 Lyn
1735 1367 1870 1400 servo
1894 1352 1928 1399 J
1932 1352 2099 1400 oannis
2124 1351 2268 1415 Lesly
2293 1352 2568 1401 Alexandro

618 1439 788 1503 Ogilvy
815 1440 974 1488 David
1015 1440 1216 1496 Quheitt
1255 1445 1305 1489 et
1332 1439 1633 1507 [Willelmo]
1663 1442 1876 1505 Ramsay
1904 1443 2092 1490 notario
2131 1470 2141 1481 ·
2179 1442 2367 1491 Saisina
2388 1443 2568 1491 tradita

618 1546 777 1577 coram
820 1530 894 1579 his
933 1530 1142 1579 testibus
1168 1530 1352 1601 Tho-ma
1390 1530 1545 1593 Lydel
1580 1531 1615 1578 J
1619 1547 1771 1578 oanne
1803 1531 1963 1579 Fairle
1988 1531 2189 1580 Valtero
2215 1532 2357 1580 Watt
2380 1532 2414 1578 J
2419 1548 2568 1580 oanne

620 1620 842 1668 Brokkas
868 1619 1051 1668 civibus
1090 1619 1492 1668 Brechinensibus
1531 1648 1540 1657 ·
1580 1619 1827 1668 Willelmo
1869 1620 2083 1684 Ramsay
2119 1626 2167 1669 et
2204 1622 2408 1684 Georgio
2446 1622 2575 1684 Fyiff

620 1710 994 1758 Sanctiandreae
1019 1710 1294 1758 dioeceseos
1317 1709 1518 1758 notariis
1556 1737 1566 1747 ·
1603 1710 1667 1757 29
1695 1709 1876 1773 Aprilis
1903 1711 2031 1758 1588
2071 1739 2080 1749 ·

448 1981 596 2029 CLV.
630 1952 979 2043 Praeceptum
1008 1978 1172 2026 datum
1197 1993 1282 2042 per
1305 1978 1338 2025 J
1342 1977 1542 2025 acobum
1569 1978 1754 2026 Guthre
1791 1976 2134 2041 portionarium
2159 1978 2216 2025 de
2242 1979 2566 2028 Balnabreche

622 2085 729 2117 cum
754 2084 986 2117 consensu
1011 2067 1250 2116 Cristinae
1276 2067 1495 2115 Barroun
1520 2083 1633 2115 suae
1658 2083 1859 2131 sponsae
1886 2068 2107 2115 Andreae
2134 2069 2318 2116 Guthre
2343 2070 2401 2117 de
2427 2070 2569 2119 Vest-

624 2177 675 2208 er
700 2159 1029 2208 Balnabreche
1064 2157 1240 2206 ballivo
1264 2173 1350 2206 suo
1388 2161 1443 2205 ut
1480 2158 1694 2205 traderet
1717 2157 1750 2204 J
1756 2157 1897 2205 oanni
1933 2157 2160 2206 Daikeris
2197 2158 2246 2204 in
2286 2159 2567 2222 Kyndrocat

624 2255 673 2298 et
710 2251 919 2298 Jonetae
956 2249 1058 2296 Jak
1095 2248 1198 2310 ejus
1236 2247 1426 2310 conjugi
1463 2247 1688 2296 saisinam
1724 2246 1863 2295 unius
1897 2246 2042 2294 annui
2066 2246 2280 2296 redditus
2303 2249 2568 2296 octodecim

623 2340 855 2388 bollarum
899 2338 1174 2388 victualium
1216 2338 1356 2386 binae
1398 2338 1550 2401 partis
1591 2337 1773 2385 farinae
1815 2337 2091 2385 avenaticae
2127 2340 2176 2385 et
2210 2337 2383 2385 tertiae
2418 2339 2567 2401 partis

625 2431 758 2479 ordei
780 2429 893 2478 boni
931 2434 981 2477 et
1019 2427 1297 2477 sufficientis
1321 2427 1615 2475 mercimonii
1650 2432 1700 2474 et
1735 2426 1898 2475 foralis
1921 2442 2152 2490 pensurae
2175 2427 2417 2474 annuatim
2443 2427 2568 2475 inter

626 2522 751 2569 festa
786 2518 964 2567 natalis
1002 2517 1202 2566 Domini
1241 2500 1290 2565 et
1328 2497 1671 2580 purificationis
1712 2515 1882 2563 beatae
1927 2515 2112 2563 Mariae
2136 2519 2333 2563 vocatae
2376 2515 2568 2563 Candil-

625 2627 726 2659 mes
748 2609 938 2658 levandi
963 2609 1021 2655 de
1045 2607 1187 2656 terris
1210 2605 1520 2654 occidentalis
1545 2603 1855 2653 dimidietatis
1877 2607 2110 2651 terrarum
2146 2604 2204 2651 de
2241 2603 2566 2653 Balnabreche

627 2718 734 2750 cum
759 2697 1062 2764 pertinentiis
1079 2696 1343 2759 jacentium
1379 2695 1428 2742 in
1463 2694 1689 2758 parochia
1724 2694 1782 2740 de
1819 2692 2026 2740 Brechin
2050 2696 2099 2740 et
2122 2692 2245 2740 infra
2267 2693 2567 2742 vicecomita-

626 2797 730 2841 tum
768 2791 828 2837 de
867 2788 1038 2837 Forfar
1074 2802 1232 2834 coram
1271 2785 1345 2833 his
1380 2783 1586 2832 testibus
1609 2782 1796 2830 Jacobo
1822 2781 2007 2829 Guthre
2041 2780 2138 2829 filio
2172 2797 2257 2831 suo
2293 2781 2569 2832 Alexandro

630 2880 816 2945 Ogilwy
839 2879 872 2926 J
877 2893 1028 2927 oanne
1056 2875 1243 2924 Rannie
1268 2878 1317 2922 et
1344 2873 1560 2921 Roberto
1586 2870 1782 2919 Mannie
1806 2870 1953 2920 servis
1976 2871 2074 2920 suis
2111 2900 2121 2910 ·
2159 2872 2189 2919 9
2213 2872 2247 2918 J
2252 2871 2349 2919 unii
2376 2872 2504 2920 1589
2542 2900 2554 2910 ·

432 3145 609 3192 CLVI·
644 3119 830 3198 Carta
882 3161 1107 3195 concessa
1159 3160 1244 3208 per
1281 3143 1559 3206 magistrum
1596 3138 1797 3187 Paulum
1835 3140 2008 3187 Fraser
2052 3143 2407 3202 praecentorem
2455 3140 2570 3187 Bre-

634 3238 905 3286 chinensem
946 3234 1127 3283 Joanni
1171 3233 1433 3281 Schewane
1480 3229 1699 3293 burgensi
1745 3229 1880 3290 burgi
1917 3229 1975 3275 de
2012 3228 2186 3276 Dunde
2234 3227 2331 3276 filio
2378 3233 2427 3276 et
2462 3229 2570 3276 hae-

635 3328 736 3376 redi
772 3326 982 3390 legitime
1025 3327 1275 3388 procreato
1322 3322 1447 3370 inter
1492 3320 1727 3384 quondam
1769 3317 1926 3365 David
1969 3317 2229 3365 Schewane
2264 3317 2412 3365 civem
2448 3317 2571 3364 Civi-
