3016 3958
542 654 615 710 74
1107 648 1400 706 OARTAE
1444 646 1943 704 ORIGINALES.

538 843 799 891 communis
821 841 981 890 omnia
1005 841 1106 890 sine
1136 838 1514 888 contradictione
1540 838 1698 901 potuit
1720 837 1878 885 facere
1903 839 1952 884 et
1976 834 2182 883 allocare
2205 839 2347 899 prout
2369 835 2484 883 fecit

539 933 601 979 ad
637 931 867 995 placitum
902 945 1038 978 suum
1074 928 1298 992 precipue
1334 927 1383 975 in
1418 926 1721 976 assedatione
1757 925 2045 974 decimarum
2069 923 2367 988 expositione
2391 925 2488 971 vini

540 1020 678 1084 panis
701 1023 750 1068 et
775 1034 882 1067 cere
905 1034 993 1082 pro
1017 1016 1221 1065 ecclesia
1255 1020 1305 1064 et
1340 1016 1389 1064 in
1424 1015 1705 1064 collectione
1730 1018 1779 1063 et
1802 1014 2042 1062 leuatione
2075 1013 2313 1061 fructuum
2339 1016 2388 1060 et
2412 1012 2487 1059 fir-

542 1124 722 1157 marum
764 1108 824 1155 de
866 1106 1157 1170 Cortoqwhy
1195 1134 1205 1143 ·
1243 1105 1425 1160 Quibus
1465 1121 1550 1169 per
1591 1105 1773 1153 dictum
1815 1103 2125 1151 reuerendum
2162 1106 2346 1166 patrem
2382 1116 2488 1164 pro-

543 1197 712 1261 positis
747 1200 797 1244 et
832 1195 1090 1244 intellectis
1124 1194 1306 1242 Cantor
1340 1209 1502 1242 vocem
1526 1209 1659 1242 suam
1685 1193 1816 1241 dedit
1843 1192 2077 1255 Magistro
2100 1191 2134 1237 J
2139 1191 2311 1239 ohanni
2337 1189 2489 1252 Steyll

545 1284 868 1333 Prebendario
911 1285 970 1331 de
1013 1282 1231 1346 Kylmor,
1276 1282 1510 1345 Magister
1533 1283 1782 1331 «Iohannes
1806 1281 1961 1345 Steyll
1985 1281 2108 1329 dixit
2143 1297 2194 1329 se
2229 1281 2404 1328 iturum
2428 1280 2488 1326 ad

543 1374 737 1422 Curiam
766 1374 1035 1422 Romanam
1058 1372 1166 1420 ideo
1191 1371 1324 1420 dedit
1347 1387 1509 1420 vocem
1546 1388 1682 1420 suam
1719 1371 1953 1434 Magistro
1974 1371 2008 1417 J
2012 1370 2186 1419 ohanni
2213 1370 2488 1432 Monypeny

548 1461 869 1510 Prebendario
910 1462 969 1509 de
1011 1459 1282 1524 Buthirgyll
1322 1463 1372 1508 et
1413 1460 1559 1509 etiam
1599 1476 1761 1509 vocem
1787 1459 1876 1508 sibi
1901 1461 2062 1507 datam
2098 1475 2183 1523 per
2219 1458 2488 1512 Cantorem,

552 1551 852 1615 MagisterJ
856 1550 1068 1598 ohannes
1090 1549 1201 1597 Clat
1227 1548 1576 1598 Prebendarius
1612 1550 1671 1596 de
1711 1548 1987 1610 Glenberuy
2011 1547 2143 1595 dedit
2167 1562 2330 1594 vocem
2356 1562 2488 1594 suam

546 1641 677 1688 dicto
696 1639 950 1703 *Magistro
985 1639 1020 1685 J
1023 1638 1197 1687 ohanni
1234 1638 1537 1702 Monypeny,
1563 1636 1796 1701 Magister
1832 1637 2094 1684 Duncanus
2131 1636 2381 1698 Lychtoun
2425 1634 2491 1681 vi-

545 1730 701 1777 carius
739 1728 972 1791 Magister
1007 1727 1247 1775 Henricus
1283 1727 1426 1790 Rynd
1462 1726 1793 1774 Sub-decanus
1834 1730 1883 1773 et
1926 1724 2160 1787 Magister
2202 1723 2491 1770 Laurencius

546 1820 671 1881 Pyot
696 1816 1031 1866 Pensionarius
1054 1817 1286 1863 dederunt
1322 1830 1462 1863 voces
1498 1830 1609 1863 suas
1645 1814 1775 1862 dicto
1800 1813 2013 1868 Decano,
2037 1812 2250 1876 prefatus
2274 1827 2492 1858 reueren-

544 1909 632 1956 dus
654 1911 793 1971 pater
815 1905 949 1954 dedit
972 1920 1135 1954 vocem
1171 1920 1305 1953 suam
1341 1903 1471 1952 dicto
1508 1903 1742 1965 Magistro
1765 1903 1800 1949 J
1803 1901 1978 1949 ohanni
2004 1902 2280 1964 Monypeny
2304 1904 2353 1948 et
2376 1904 2491 1948 tunc

547 1998 704 2045 dictus
747 1995 928 2043 Cantor
966 1998 1194 2057 tanquam
1236 1997 1517 2056 procurator
1542 1991 1763 2054 Magistri
1799 1990 1960 2038 Dauid
1997 1991 2055 2038 de
2091 1990 2340 2038 Crannoch
2372 1989 2493 2037 Can-

545 2085 724 2133 cellarii
740 2087 940 2132 extunc
976 2087 1178 2146 protunc
1216 2082 1263 2128 in
1304 2081 1449 2129 Curia
1489 2081 1710 2128 Romana
1751 2084 1804 2127 ut
1841 2080 2090 2128 dicebatur
2111 2095 2197 2143 per
2219 2083 2494 2142 procurato-

550 2175 671 2221 rium
697 2174 823 2236 quod
863 2177 981 2221 tunc
1020 2171 1177 2219 tenuit
1215 2174 1433 2233 apertum
1468 2170 1515 2216 in
1551 2185 1694 2217 manu
1728 2185 1815 2217 sua
1849 2169 2049 2217 offerens
2083 2168 2196 2215 illud
2234 2168 2326 2231 legi
2363 2168 2494 2215 dedit

548 2278 712 2310 vocem
757 2262 887 2310 dicto
931 2259 1168 2323 Magistro
1205 2259 1240 2306 J
1244 2258 1418 2306 ohanni
1456 2258 2012 2321 Monypeny„Decanus»
2034 2257 2164 2304 dedit
2200 2272 2361 2304 vocem
2385 2256 2495 2304 sibi-

550 2355 662 2406 met,
705 2355 754 2398 et
797 2349 954 2398 dictus
995 2348 1229 2411 Magister
1269 2347 1302 2394 J
1307 2347 1520 2395 ohannes
1562 2346 2071 2410 Monypenyvsibimet
2108 2373 2119 2383 ·
2156 2346 2233 2392 De
2269 2350 2318 2392 et
2353 2361 2495 2408 super

551 2439 721 2503 quibus
763 2438 980 2487 omnibus
1021 2441 1071 2486 et
1112 2436 1309 2500 singulis
1349 2437 1565 2500 prefatus
1612 2437 1899 2484 reuerendus
1938 2442 2077 2498 pater
2117 2451 2147 2482 a
2186 2451 2261 2482 me
2309 2435 2496 2482 notario

549 2528 741 2592 publico
783 2527 1053 2590 subscripto
1095 2525 1185 2574 sibi
1227 2525 1345 2573 fieri·
1368 2525 1509 2589 petiit
1545 2523 1783 2588 publicum
1822 2524 2186 2574 instrumentum
2227 2552 2236 2562 ·
2276 2553 2285 2561 ·
2325 2551 2334 2562 ·
2372 2525 2499 2571 Acta

551 2618 744 2665 fuerunt
768 2617 856 2664 hec
891 2616 941 2663 in
977 2614 1187 2679 capitulo
1221 2613 1431 2678 generali
1457 2613 1766 2662 Brechinensi
1790 2614 1876 2662 sub
1901 2629 2026 2661 anno
2050 2628 2210 2663 mense
2247 2642 2258 2650 -
2298 2641 2308 2650 ·
2348 2641 2358 2650 ·
2395 2613 2498 2676 qui-

553 2708 641 2754 bus
675 2722 817 2769 supra
853 2705 1163 2754 Presentibus
1193 2704 1452 2752 Canonicis
1476 2703 1810 2767 suprascriptis
1832 2703 2037 2752 testibus
2071 2704 2132 2750 ad
2167 2702 2398 2766 premissa
2421 2718 2499 2748 vo-

556 2795 678 2843 catis
712 2796 892 2858 pariter
917 2799 966 2842 et
990 2793 1168 2856 rogatis
1206 2821 1216 2830 ·

628 2885 695 2931 Et
735 2900 822 2947 ego
864 2883 1101 2931 Patricius
1145 2881 1363 2930 Nicholai
1399 2882 1642 2931 Presbiter
1677 2882 2010 2930 Brechinensis
2033 2880 2263 2943 dyoecesis
2285 2878 2499 2942 publicus

561 2972 792 3035 imperiali
817 2972 1078 3020 autoritate
1102 2970 1315 3019 notarius
1354 2996 1363 3008 ι
1404 2998 1412 3008 ·
1452 2998 1462 3007 ·
