3016 3958
139 2217 509 2263 CCCCXXXIV.

524 615 634 671 412
1005 606 1440 666 LITERAE
1504 602 1970 661 PAPALES.

518 792 765 848 ceptionem
794 789 864 833 vel
892 787 1182 846 provisionem
1202 785 1388 840 alicujus
1407 783 1582 826 minime
1611 783 1846 826 teneantur
1879 813 1888 824 .
1920 814 1931 825 .
1964 813 1975 824 .
2007 780 2207 838 quodque
2236 782 2289 825 de
2318 782 2460 839 digni-

525 871 687 914 tatibus
722 869 861 928 ipsius
894 867 1073 911 ecclesie
1102 865 1172 913 vel
1201 864 1299 908 aliis
1317 863 1539 907 beneficiis
1567 861 1873 905 ecclesiasticis
1902 861 1959 904 ad
1988 875 2138 904 eorum
2168 861 2457 911 collationem,

525 949 827 1006 provisionem,
848 945 1230 1005 presentationem,
1251 958 1329 987 seu
1352 942 1552 999 quamvis
1579 941 1712 985 aliam
1741 940 2069 998 dispositionem
2098 942 2360 998 conjunctim
2390 941 2460 984 vel

526 1028 759 1085 separatim
790 1025 1100 1084 spectantibus,
1121 1023 1230 1066 nulli
1256 1022 1403 1066 valeat
1422 1020 1639 1079 provideri
1668 1035 1747 1078 per
1774 1020 1927 1065 literas
1955 1021 2219 1078 apostolicas
2241 1035 2329 1064 non
2356 1020 2462 1063 faci-

522 1114 644 1153 entes
663 1108 835 1165 plenam
864 1109 910 1150 et
938 1117 1188 1162 expressam
1207 1117 1260 1147 ac
1278 1102 1331 1146 de
1352 1102 1484 1146 verbo
1513 1101 1571 1145 ad
1599 1102 1779 1145 verbum
1799 1101 1853 1145 de
1872 1101 2041 1145 indulto
2060 1101 2310 1157 hujusmodi
2338 1114 2459 1143 men-

523 1189 701 1238 tionem,
717 1189 762 1230 et
777 1184 970 1242 qualibet
988 1183 1076 1227 alia
1094 1183 1208 1226 dicte
1224 1182 1338 1226 sedis
1352 1181 1625 1239 indulgentia
1642 1180 1837 1238 generali
1856 1180 1926 1224 vel
1947 1181 2138 1238 speciali,
2155 1181 2461 1237 cujuscumque

524 1267 688 1311 tenoris
708 1265 882 1316 existat,
914 1278 993 1321 per
1020 1277 1150 1322 quam
1169 1262 1445 1321 presentibus
1464 1275 1552 1304 non
1571 1273 1822 1318 expressam
1840 1260 1910 1304 vel
1930 1259 2127 1304 totaliter
2146 1274 2233 1303 non
2253 1259 2462 1303 insertam

526 1348 704 1389 effectus
732 1343 981 1400 hujusmodi
1009 1342 1151 1400 gratie
1178 1342 1378 1399 impediri
1405 1341 1553 1384 valeat
1581 1339 1903 1397 quomodolibet
1931 1339 2001 1383 vel
2030 1339 2209 1391 differri,
2233 1339 2350 1383 etde
2375 1352 2463 1394 qua

526 1426 732 1481 cujusque
763 1427 857 1468 toto
888 1427 1038 1467 tenore
1072 1422 1273 1466 habenda
1307 1421 1366 1465 sit
1400 1421 1446 1464 in
1481 1420 1644 1464 nostris
1674 1419 1815 1463 literis
1845 1419 2008 1463 mentio
2041 1418 2267 1476 specialis;
2306 1422 2382 1461 aut
2424 1418 2462 1460 si

525 1505 667 1548 dictus
695 1503 908 1547 Ricardus
936 1515 1117 1560 presens
1145 1515 1233 1545 non
1260 1500 1395 1543 fuerit
1423 1500 1479 1543 ad
1508 1499 1790 1558 prestandum
1819 1498 1874 1542 de
1903 1499 2185 1543 observandis
2214 1499 2394 1543 statutis
2418 1505 2464 1544 et

528 1582 910 1627 consuetudinibus
943 1582 1111 1638 prefate
1145 1580 1324 1624 ecclesie
1359 1579 1536 1623 solitum
1565 1578 1874 1636 juramentum,
1918 1578 2149 1623 dummodo
2183 1579 2229 1621 in
2263 1580 2463 1623 absentia

528 1677 606 1705 sua
635 1677 714 1719 per
741 1668 1064 1718 procuratorem
1097 1660 1311 1717 ydoneum
1340 1662 1387 1702 et
1415 1672 1513 1702 cum
1542 1658 1598 1701 ad
1627 1657 1853 1702 ecclesiam
1882 1658 2022 1715 ipsam
2051 1659 2284 1703 accesserit
2313 1673 2463 1716 corpo-

527 1740 679 1783 raliter
707 1739 816 1782 illud
843 1741 1010 1795 prestet
1045 1770 1055 1781 .
1093 1769 1103 1781 .
1140 1770 1152 1782 .
1187 1736 1351 1781 Datum
1371 1737 1417 1779 in
1437 1736 1629 1780 Abbatia
1650 1736 1799 1780 Sancti
1821 1736 2061 1780 Salvatoris
2081 1735 2353 1780 Clusinensis
2373 1738 2465 1780 dio-

530 1819 655 1870 cesis,
675 1833 790 1862 anno
811 1821 895 1862 etc.
921 1818 1045 1866 1462,
1066 1817 1204 1874 pridie
1225 1816 1451 1860 Kalendas
1472 1816 1678 1873 Augusti,
1697 1815 1983 1860 Pontificatus
2002 1816 2142 1860 nostri
2162 1830 2276 1860 anno
2298 1816 2378 1860 IV.
2411 1850 2422 1859 .

530 2058 716 2102 Collatio
738 2056 920 2114 Georgii
938 2055 1074 2114 Lydel
1094 2056 1140 2098 in
1160 2055 1557 2099 archidiaconatum
1576 2054 1911 2100 Brechinensem
1943 2087 1953 2098 .

531 2205 647 2260 Pius
669 2216 732 2259 11.
752 2219 833 2260 etc.
866 2247 876 2258 .
906 2215 1064 2259 dilecto
1092 2214 1184 2258 filio
1215 2213 1402 2272 Georgio
1432 2213 1570 2270 Lydel
1599 2212 1903 2258 archidiacono
1932 2213 2127 2258 Ecclesie
2155 2214 2463 2260 Brechinensis

531 2295 765 2339 bacallario
793 2295 839 2337 in
868 2294 1067 2345 decretiS,
1101 2293 1296 2337 Salutem
1331 2296 1412 2337 etc.
1443 2325 1454 2336 .
1485 2292 1707 2337 Nobilitas
1740 2293 1914 2350 generis
1948 2294 2038 2338 vite
2073 2308 2124 2338 ac
2156 2309 2325 2339 morum
2354 2296 2463 2340 hon-

534 2378 652 2418 estas
680 2374 852 2431 aliaque
881 2373 1117 2417 laudabilia
1144 2372 1375 2430 probitatis
1395 2375 1441 2416 et
1459 2372 1671 2416 virtutum
1703 2372 1873 2424 merita,
1903 2388 2034 2431 super
2063 2374 2219 2431 quibus
2248 2376 2363 2433 apud
2383 2391 2464 2419 nos

533 2453 747 2510 fidedigno
777 2453 1090 2496 commendaris
1109 2452 1374 2504 testimonio,
1405 2465 1487 2496 nos
1505 2452 1716 2495 inducunt
1744 2456 1795 2496 ut
1823 2453 1903 2496 tibi
1932 2454 2164 2498 reddamur
2192 2455 2248 2498 ad
2277 2456 2463 2513 gratiam

534 2532 734 2576 liberales
764 2563 775 2575 .
806 2531 982 2574 Dudum
1012 2531 1224 2588 siquidem
1255 2545 1405 2574 omnes
1434 2531 1672 2588 dignitates
1696 2534 1925 2588 ceteraque
1946 2533 2154 2577 beneficia
2173 2533 2466 2578 ecclesiastica

534 2626 631 2655 cum
651 2624 755 2654 cura
783 2615 829 2654 et
857 2611 950 2653 sine
979 2624 1084 2653 cura
1112 2624 1478 2666 quorumcumque
1508 2609 1749 2662 curialium,
1781 2625 1890 2667 quos
1919 2611 2021 2654 dum
2042 2611 2240 2656 Romana
2261 2612 2393 2656 Curia
2411 2615 2464 2656 de

535 2693 629 2735 loco
658 2691 713 2734 ad
741 2691 883 2734 locum
903 2690 1167 2734 transfertur
1186 2704 1282 2733 eam
1303 2690 1520 2746 sequendo
1548 2690 1595 2732 in
1624 2691 1778 2747 quovis
1805 2691 1900 2735 loco
1919 2695 2313 2750 quantumcumque
2333 2695 2464 2738 etiam

537 2785 564 2812 a
583 2770 699 2813 dicta
719 2769 851 2813 Curia
869 2773 1036 2813 remoto
1056 2769 1567 2826 decederejcontingeret,
1586 2772 1692 2813 tunc
1721 2770 1923 2814 vacantia
1951 2774 1996 2814 et
2024 2771 2070 2814 in
2099 2775 2230 2816 antea
2258 2778 2465 2817 vacatura

538 2849 756 2892 collationi
797 2852 842 2891 et
879 2848 1152 2905 dispositioni
1190 2851 1339 2892 nostre
1372 2849 1691 2892 reservavimus
1725 2881 1735 2892 .
1773 2881 1784 2892 .
1821 2880 1833 2892 .
1866 2849 1976 2893 Cum
2009 2850 2157 2907 itaque
2190 2836 2463 2908 postmodum

538 2927 909 2971 archidiaconatus
943 2926 1121 2970 ecclesie
1155 2927 1461 2973 Brechinensis
1491 2959 1502 2970 .
1535 2959 1547 2971 .
1580 2958 1592 2970 .
1620 2942 1748 2984 quem
1778 2928 1994 2985 quondam
2029 2929 2250 2974 Gilbertus
2285 2931 2466 2977 Forstar

539 3006 642 3049 olim
670 3005 808 3062 ipsius
837 3004 1014 3048 ecclesie
1041 3006 1371 3050 archidiaconus
1388 3006 1491 3048 dum
1510 3007 1677 3051 viveret
1706 3007 1941 3058 obtinebat,
1970 3021 2049 3065 per
2076 3009 2242 3052 obitum
2271 3011 2465 3066 eiusdem

542 3084 739 3140 Gilberti,
758 3084 832 3140 qui
860 3083 981 3126 illum
1012 3084 1211 3128 obtinens
1241 3099 1292 3128 ac
1321 3088 1473 3129 noster
1497 3088 1543 3129 et
1574 3085 1700 3130 Sedis
1729 3086 1979 3144 Apostolice
2008 3087 2193 3132 acolitus
2219 3092 2264 3133 et
2290 3091 2464 3135 curialis

541 3164 734 3207 existens
773 3163 819 3205 in
858 3166 1001 3207 castro
1039 3164 1184 3208 Sancti
1219 3164 1388 3221 Quirini
1422 3165 1479 3209 ab
1513 3166 1704 3210 Abbatia
1739 3166 1888 3212 Sancti
1923 3165 2164 3211 Salvatoris
2197 3168 2465 3215 Clusinensis

540 3246 735 3297 diocesis,
757 3245 802 3288 in
822 3259 907 3302 qua
927 3260 1023 3289 cum
1052 3250 1203 3290 nostra
1233 3246 1366 3294 Curia
1392 3248 1688 3292 residebamus
1716 3248 1835 3293 ultra
1862 3249 1971 3293 duas
2000 3249 2140 3294 dietas
2169 3266 2256 3295 non
2276 3253 2466 3298 distante

541 3338 672 3369 causa
700 3324 994 3377 recreationis,
1025 3339 1283 3382 permanens
1312 3326 1426 3370 diem
1457 3326 1614 3372 clausit
1643 3331 1898 3381 extremum,
1933 3330 2150 3375 vacaverit
2179 3334 2226 3375 et
2252 3337 2378 3378 vacet
2410 3335 2465 3377 ad
