3016 3958
249 2347 285 2389 C
295 2346 331 2390 C
338 2347 464 2391 XIV.

1108 641 1212 696 DE
1259 642 1861 700 ABERBROTHOO.
2355 649 2468 705 265

501 818 757 862 vacauerint
792 820 994 878 episcopo
1028 826 1297 878 presentare,
1335 828 1379 867 et
1417 824 1566 866 eedem
1603 839 1700 867 cum
1743 826 1799 875 ab
1839 825 1990 868 eodem
2033 827 2237 884 episcopo
2274 828 2463 871 admisse

499 898 663 942 fuerint
693 903 739 943 et
768 901 1083 954 commendate,
1116 902 1163 945 in
1193 903 1358 946 eisdem
1389 904 1586 947 ecclesiis
1615 905 1908 949 instituantur
1938 939 1947 949 .
1983 905 2045 949 Et
2074 921 2129 949 ne
2160 907 2205 949 in
2236 912 2461 964 posterum

499 994 630 1036 super
649 981 878 1024 taxaci'one
900 982 1276 1026 sustentacionum
1296 984 1559 1027 vicariorum
1583 985 1701 1028 inter
1730 1000 1812 1028 nos
1843 990 1888 1029 et
1919 1000 2194 1030 successores
2217 993 2394 1031 nostros
2417 993 2461 1030 et

497 1061 638 1105 dictos
659 1063 894 1107 monachos
914 1063 1128 1108 dissensio
1149 1065 1291 1121 p'ossit
1312 1066 1526 1117 suboriri3
1558 1066 1745 1110 vicaria-s
1767 1067 1982 1111 dictarum
2005 1068 2286 1112 ecclesiarum
2309 1069 2459 1112 taliter

495 1140 699 1184 duximus
730 1143 947 1186 taxandas
979 1174 991 1186 .
1021 1143 1241 1187 Videlicet
1275 1144 1484 1188 vicariam
1505 1146 1558 1188 de
1591 1146 1887 1202 Kingoldrum
1921 1147 1967 1189 in
1998 1147 2146 1191 decem
2174 1147 2312 1198 libris,
2344 1149 2460 1190 vica-

494 1222 604 1264 riam
627 1223 681 1264 de
704 1223 914 1280 Monieky
928 1224 974 1266 in
990 1224 1138 1267 decem
1159 1224 1297 1276 libris,
1319 1226 1528 1268 vicariam
1549 1227 1603 1269 de
1626 1226 1832 1283 Panbryd
1851 1227 1898 1269 in
1919 1228 2067 1270 decem
2089 1228 2230 1279 libris,
2252 1229 2327 1285 qui
2349 1243 2458 1271 vero

492 1303 645 1345 vicarii
667 1303 916 1360 episcopum
938 1305 1290 1348 archidiaconum
1320 1310 1366 1349 et
1395 1307 1605 1349 decanum
1636 1308 1935 1364 procurabunt
1968 1340 1977 1350 .
2011 1309 2064 1351 In
2095 1309 2279 1352 ecclesia
2308 1313 2455 1352 autem

492 1384 546 1425 de
568 1383 792 1440 Katerryn
813 1388 993 1441 propter
1013 1385 1273 1429 tenuitatem
1305 1390 1350 1429 et
1378 1390 1684 1443 paupertatem
1715 1391 1993 1444 personatus,
2017 1389 2198 1433 arbitrio
2230 1393 2276 1433 et
2304 1390 2458 1432 volun-

490 1463 575 1508 tati
595 1464 788 1522 episcopi
808 1464 1096 1521 relinquatur,
1119 1465 1158 1509 si
1176 1465 1285 1509 velit
1304 1466 1659 1523 procuracionem
1682 1482 1709 1510 a
1731 1467 1893 1511 vicario
1915 1468 2091 1525 exigere
2123 1502 2132 1512 .
2166 1470 2238 1512 Ita.
2254 1470 2457 1513 videlicet

491 1545 607 1601 quod
643 1545 681 1588 si
721 1545 985 1602 alter-agium
1024 1545 1239 1589 dictarum
1280 1546 1563 1589 ecclesiarum
1605 1547 1793 1591 sufficiat
1832 1548 1886 1590 ad
1929 1548 2091 1592 dictam
2131 1551 2453 1606 quantitatem;

490 1626 641 1669 vicarii
676 1626 828 1669 eodem
849 1626 939 1670 sint
959 1627 1154 1670 contenti
1187 1659 1196 1670 .
1233 1627 1280 1670 Si
1315 1642 1419 1670 vero
1441 1642 1529 1670 non
1558 1629 1794 1679 suffecerit,
1817 1629 1977 1685 prefati
2009 1630 2211 1673 monachi
2228 1645 2367 1687 usque
2398 1633 2452 1674 ad

489 1707 651 1751 dictam
683 1721 898 1750 summam
928 1707 1143 1750 defectum
1177 1708 1443 1765 supplebunt
1475 1741 1485 1751 .
1516 1709 1577 1752 Et
1608 1710 1645 1751 si
1676 1709 1938 1766 alteragium
1969 1710 2129 1753 dictam
2162 1712 2453 1767 quantitatem

492 1788 754 1839 excesserit3
782 1787 935 1831 vicarii
956 1788 1084 1831 dictis
1104 1788 1331 1832 monachis
1351 1789 1405 1831 de
1427 1790 1833 1846 superhabundanti
1852 1791 2179 1847 respondebunt
2209 1825 2219 1835 .
2255 1791 2308 1835 In
2329 1793 2453 1836 cuius

490 1870 554 1912 rei
574 1869 874 1913 testimonium
905 1873 950 1912 et
979 1869 1190 1911 maiorem
1212 1869 1492 1912 securitatem
1522 1870 1569 1912 in
1598 1874 1838 1927 posterum,
1859 1872 2054 1927 presenti
2075 1872 2237 1930 scripto
2259 1873 2451 1930 sigillum

490 1952 692 1993 nostrum
727 1949 910 1992 fecimus
945 1949 1107 2006 apponi
1137 1982 1147 1993 .
1183 1950 1316 1993 Teste
1352 1950 1544 2007 capitulo
1586 1982 1597 1993 .
1642 1951 1773 1994 Anno
1810 1950 1990 2000 Domini
2018 1951 2258 2000 ‚millesimo
2294 1953 2452 1996 ducen-

490 2030 647 2074 tesimo
668 2030 1004 2087 quadragesimo
1025 2034 1196 2081 octauo,
1217 2044 1367 2073 mense
1391 2030 1674 2087 Septembris,
1697 2031 1863 2074 decimo
1894 2031 2182 2076 kalendarum
2204 2032 2407 2077 Octobris
2438 2065 2449 2077 .

492 2205 780 2249 Confirmacio
802 2205 982 2262 capituli
1004 2206 1312 2249 Brechinensis
1332 2206 1385 2248 de
1407 2205 1602 2249 ecclesiis
1622 2206 1736 2249 dicte
1757 2206 1942 2250 diocesis
1974 2241 1983 2250 .

492 2341 718 2398 Omnibus
753 2354 919 2398 Christi
954 2354 1157 2397 fidelibus
1187 2368 1369 2411 presens
1400 2354 1611 2411 scriptum
1641 2354 1802 2398 visuris
1833 2355 1904 2398 vel
1934 2355 2164 2407 audituris,
2198 2356 2451 2399 Willelmus

491 2436 683 2479 decanus
724 2439 769 2479 et
808 2435 1049 2492 capitulum
1090 2435 1377 2491 Brechynen„
1419 2439 1617 2477 eternam
1657 2435 1704 2476 in
1744 2434 1932 2478 Domino
1969 2435 2157 2478 salutem
2203 2466 2215 2478 .
2261 2436 2450 2479 Nouerit

491 2516 756 2559 vniuersitas
786 2519 936 2558 vestra
964 2529 1046 2558 nos
1076 2515 1129 2556 de
1160 2514 1378 2556 communi
1408 2528 1624 2557 consensu
1655 2519 1700 2557 et
1730 2529 1915 2558 assensu
1944 2516 2086 2558 tocius
2106 2516 2286 2573 capituli
2307 2517 2448 2560 nostri

489 2600 612 2640 ratas
632 2599 679 2639 et
697 2601 849 2652 gratas
868 2596 1029 2638 habere
1060 2597 1106 2637 et
1134 2595 1216 2636 hac
1247 2598 1370 2636 carta
1399 2597 1553 2636 nostra
1583 2594 1840 2637 confirmare
1861 2595 2124 2638 donaciones
2145 2597 2448 2640 concessiones

490 2681 536 2721 et
555 2677 912 2720 confirmaciones
943 2674 1224 2718 ecclesiarum
1253 2674 1458 2716 videlicet
1486 2673 1540 2715 de
1571 2673 1880 2730 Kingoldrum‚
1908 2675 1961 2717 de
1994 2675 2216 2732 Monieky‚
2249 2677 2302 2718 de
2334 2677 2448 2719 Pan-

489 2759 613 2816 bryd,
651 2758 704 2801 de
735 2756 1030 2813 Dunnechtyn
1060 2759 1106 2798 et
1134 2755 1187 2797 de
1219 2754 1458 2810 Katerryn‚
1490 2767 1518 2796 a
1547 2753 1869 2796 venerabilibus
1889 2755 2103 2811 patribus,
2131 2756 2339 2813 Turpiuo,
2364 2757 2450 2799 Ra-

490 2839 669 2896 dulpho,
691 2839 897 2894 Hugone,
923 2835 1134 2893 Gregorio
1166 2839 1211 2878 et
1241 2834 1402 2877 Albino
1422 2834 1564 2876 factas
1593 2832 1687 2876 Deo
1719 2837 1764 2877 et
1792 2835 2059 2878 monasterio
2079 2835 2133 2877 de
2155 2836 2448 2879 Abirbrothoc

491 2917 536 2963 et
565 2918 791 2962 monachis
821 2917 981 2960 ibidem
1014 2915 1147 2974 [Deo]
1180 2914 1472 2958 seruientibus
1494 2917 1539 2956 et
1561 2914 1804 2965 seruituris,
1825 2919 1957 2971 prout
1986 2915 2033 2957 in
2062 2916 2256 2973 ipsorum
2287 2917 2451 2960 instru-

492 3001 654 3044 mentis
684 3000 786 3042 inde
821 2998 1044 3049 confectis,
1078 2996 1252 3053 plenius
1275 2994 1539 3044 continetur,
1562 2994 1608 3035 in
1629 2993 1826 3045 liberam,
1847 3009 2002 3051 puram
2025 3000 2070 3039 et
2088 3000 2343 3052 perpetuam
2366 2997 2452 3053 ele·

492 3081 722 3131 mosinam‚
743 3095 842 3123 cum
863 3079 1007 3129 terris,
1028 3076 1220 3127 decimis,
1243 3079 1288 3118 et
1309 3074 1647 3118 obuencionibus
1668 3074 1885 3117 vniuersis
1906 3078 1951 3118 et
1972 3076 2173 3118 omnibus
2193 3076 2294 3119 aliis
2314 3078 2449 3133 perti-

491 3161 657 3205 nenciis
680 3161 784 3212 suis,
817 3160 925 3204 adeo
956 3159 1092 3201 libere
1114 3157 1259 3214 quiete
1279 3155 1474 3212 plenarie
1505 3158 1550 3197 et
1578 3154 1829 3207 honorifice,
1851 3155 1964 3198 sicut
1983 3155 2119 3212 aliqui
2149 3156 2232 3199 viri
2253 3157 2448 3213 religiosi

490 3242 537 3285 in
571 3245 666 3285 toto
699 3255 836 3298 regno
875 3239 1022 3282 Scocie
1055 3238 1226 3293 aliquas
1262 3235 1468 3278 ecclesias
1503 3234 1682 3277 liberius
1718 3234 1912 3290 quiecius
1947 3234 2120 3291 plenius
2158 3240 2203 3278 et
2239 3236 2444 3279 honorifi-

493 3321 666 3366 cencius
686 3324 839 3364 tenent
871 3324 917 3363 et
947 3319 1176 3376 possident
1207 3349 1216 3368 ,
1250 3317 1322 3359 Ita
1355 3320 1404 3359 vt
1433 3314 1664 3358 memorati
1694 3315 1895 3357 monachi
1926 3315 2144 3358 dictarum
2165 3316 2446 3358 ecclesiarum

492 3402 687 3445 redditus
718 3405 763 3443 et
791 3403 1031 3457 prouentus
1063 3397 1290 3440 vniuersos
1321 3396 1514 3438 habeant
1544 3398 1588 3437 et
1618 3394 1872 3451 possideant
1900 3395 1947 3437 in
1977 3410 2082 3438 vsus
2106 3396 2306 3452 proprios
2328 3399 2373 3438 et
2393 3396 2448 3438 ad

1457 3452 1546 3500 22
