3016 3958
335 1155 495 1198 CCIX.

367 2448 503 2493 CCX.

344 3096 504 3139 CCXI.

1122 576 1225 631 DE
1271 573 1875 631 ABERBROTHOC.
2367 573 2476 630 261

519 756 686 804 nostro,
717 753 966 812 Mallebryd
999 755 1151 799 Priore
1182 755 1478 798 Keledeorum
1508 755 1562 798 de
1595 755 1797 806 Brechin,
1827 752 2056 796 Willelmo
2085 753 2140 796 de
2170 753 2353 796 Kerneil
2381 768 2477 810 per-

522 848 631 877 sona
654 835 707 877 de
729 833 902 887 Dunde,
926 835 1121 879 Henrico
1143 835 1370 893 capellano
1389 836 1443 878 de
1466 835 1653 879 Munros
1687 868 1696 877 .
1743 834 1807 892 (a.
1834 833 1977 890 1214.)

522 1008 807 1053 Confirmatio
828 1010 1010 1068 capituli
1031 1011 1342 1055 Brecbinensis
1361 1010 1415 1053 de
1435 1010 1821 1068 procuracionibus
1851 1009 2066 1053 faciendis
2100 1040 2110 1051 .

522 1144 770 1202 Uniuersis
807 1163 959 1202 sancte
994 1159 1150 1202 matris
1185 1159 1366 1202 ecclesie
1399 1158 1503 1202 filiis
1541 1189 1553 1201 .
1589 1159 1653 1202 M.
1690 1158 1832 1209 Prior,
1854 1161 1900 1202 et
1940 1158 2140 1209 Keledei,
2163 1159 2383 1215 ceterique
2424 1158 2478 1201 de

522 1239 709 1296 capitulo
746 1239 1067 1296 Brechynensis
1103 1239 1283 1282 ecclesie
1320 1239 1510 1282 salutem
1541 1271 1551 1282 .
1587 1239 1655 1282 Sit
1689 1238 1969 1282 Vniuersitati
2003 1242 2150 1282 vestre
2187 1243 2355 1291 notum,
2392 1238 2480 1282 Ra-

520 1319 731 1376 dulphum
779 1319 863 1362 Dei
898 1320 1043 1376 gratia
1077 1319 1429 1375 Brechynensem
1469 1319 1736 1376 episcopum,
1775 1319 1957 1362 consilio
1998 1323 2151 1363 nostro
2192 1323 2237 1363 et
2279 1335 2479 1373 assensu,

520 1400 744 1443 monachis
774 1399 828 1442 de
858 1400 1161 1442 Aberbrothoc
1192 1399 1390 1443 caritatis
1429 1398 1595 1442 intuitu
1635 1399 1918 1450 concessisse,
1955 1406 2006 1443 vt
2040 1401 2385 1458 quandocunque
2426 1403 2482 1446 ad

520 1480 733 1537 quasdam
765 1479 972 1523 ecclesias
1005 1494 1169 1531 eorum,
1203 1480 1249 1522 in
1279 1479 1444 1522 diocesi
1477 1479 1571 1522 eius
1605 1479 1730 1530 sitas,
1759 1479 2003 1523 visitandas
2039 1495 2093 1523 ex
2125 1481 2264 1525 officio
2295 1483 2479 1535 venerit,

520 1560 723 1603 videlicet
754 1560 810 1603 ad
842 1559 1067 1603 ecelesiam
1101 1560 1155 1602 de
1190 1559 1459 1616 Marigtona,
1492 1559 1563 1601 vel
1595 1559 1651 1602 ad
1684 1559 1914 1602 ecclesiam
1950 1561 2004 1603 de
2043 1560 2284 1619 Gutheryn,
2319 1563 2391 1606 vel
2423 1565 2480 1607 ad

522 1641 749 1684 ecclesiam
769 1641 822 1683 de
844 1640 1062 1697 Panbryd,
1085 1639 1157 1683 vel
1177 1640 1234 1682 ad
1254 1639 1483 1682 ecclesiam
1502 1639 1556 1682 de
1578 1640 1833 1698 Moniekyn‚
1856 1640 1928 1683 vel
1947 1641 2004 1683 ad
2041 1642 2268 1685 ecclesiam
2296 1643 2351 1686 de
2383 1643 2476 1687 Du-

521 1723 725 1780 nechtyn,
755 1722 811 1765 ad
840 1722 1008 1764 nullam
1038 1736 1190 1765 earum
1220 1720 1539 1778 hospitalitatis
1569 1721 1610 1763 ei
1640 1721 1899 1765 exhibeatur
1918 1723 2186 1779 procuracio,
2211 1725 2287 1767 sed
2307 1729 2480 1768 tantum

522 1805 576 1847 ad
597 1803 836 1855 abbaciam,
860 1803 934 1846 vbi
954 1803 1036 1846 hoc
1055 1802 1283 1845 honestius
1314 1805 1359 1845 et
1388 1801 1618 1844 decencius
1645 1801 1739 1844 fieri
1760 1805 1909 1858 potest
1938 1835 1948 1845 .
1982 1803 2079 1846 Nos
2109 1804 2243 1847 etiam
2264 1807 2480 1848 concessi-

521 1898 649 1927 onem
669 1884 801 1927 istam
823 1884 936 1926 sicut
955 1882 1001 1924 in
1022 1886 1144 1926 carta
1164 1882 1458 1939 predictorum
1479 1881 1793 1924 monachorum
1828 1881 1986 1925 melius
2022 1883 2272 1927 continetur
2301 1885 2477 1929 omnino

522 1968 666 2007 ratam
706 1967 752 2007 et
787 1967 960 2020 gratam
994 1963 1207 2006 habemus
1256 1993 1266 2005 .
1311 1962 1372 2005 Et
1406 1962 1453 2004 in
1485 1962 1616 2005 huius
1646 1962 1712 2004 rei
1741 1962 2056 2014 testimonium,
2086 1964 2280 2020 presenti
2312 1964 2476 2022 scripto

524 2044 704 2087 ecclesie
734 2047 883 2087 nostre
916 2043 1108 2100 sigillum
1138 2043 1319 2100 dignum
1349 2042 1553 2086 duximus
1583 2042 1889 2099 apponendum
1919 2075 1929 2086 .
1963 2043 2095 2086 Teste
2126 2044 2307 2101 capituli
2337 2046 2479 2089 nostri

524 2124 812 2167 vniuersitate
847 2156 856 2165 .
899 2123 960 2180 (a.
989 2122 1135 2180 1214.)

525 2299 810 2343 Confirmatio
832 2298 1039 2356 Hugonis
1059 2299 1252 2356 episcopi
1273 2298 1583 2341 Brechinensis
1603 2298 1656 2341 de
1677 2298 2061 2355 procuracionibus
2091 2299 2303 2343 faciendis
2345 2334 2354 2343 .

526 2435 642 2490 Hiis
662 2447 849 2490 testibus
869 2447 1043 2490 domino
1074 2446 1301 2488 Willelmo
1332 2445 1385 2487 de
1415 2445 1588 2488 Boscho
1619 2445 1877 2488 cancellario
1908 2445 2071 2488 domini
2101 2447 2234 2503 regis,
2265 2447 2476 2505 Gregorio

525 2526 828 2570 archidiacono
860 2530 1025 2577 nostro,
1055 2526 1277 2582 Magistro
1311 2525 1497 2582 Symone
1528 2525 1581 2566 de
1614 2524 1775 2567 Sancto
1800 2524 1993 2576 Andrea,
2017 2526 2196 2569 Andrea
2215 2542 2404 2583 persona
2422 2528 2477 2570 de

525 2607 739 2664 Brechyn,
759 2606 972 2663 magistro
994 2606 1245 2649 Alexandro
1276 2606 1329 2647 de
1361 2605 1594 2656 Mouhaut‚
1618 2604 1865 2660 Mallebryd
1887 2604 2037 2648 Priore
2059 2606 2354 2650 Keledeorum
2375 2623 2476 2652 nos-

524 2694 706 2738 trorum,
728 2687 937 2741 Roberto,
963 2687 1109 2738 Petro,
1134 2690 1179 2730 et
1199 2686 1443 2737 Willelmo,
1466 2684 1705 2742 capellanis
1729 2684 1894 2727 nostris
1915 2688 1961 2728 et
1981 2686 2173 2743 capitulo
2209 2691 2361 2732 nostro
2405 2722 2414 2731 .

527 2771 580 2826 (e.
609 2768 752 2825 1218.)

530 2944 813 2987 Confirmatio
838 2943 1039 3000 Gregorii
1059 2943 1251 3000 episcopi
1273 2941 1580 2985 Brechinensis
1599 2941 1653 2984 de
1673 2941 2057 2998 procuracionibus
2086 2942 2297 2987 faciendis
2328 2977 2338 2987 .
2387 2942 2390 2945 ’

529 3080 782 3150 Gregorius
813 3091 897 3135 Dei
926 3092 1071 3148 gratia
1100 3091 1418 3148 Brechynensis
1446 3090 1689 3147 episcopus,
1722 3089 1923 3132 omnibus
1954 3092 2103 3132 sancte
2123 3088 2279 3132 matris
2299 3089 2479 3133 ecclesie

528 3173 631 3215 filiis
661 3178 707 3216 et
734 3172 935 3216 fidelibus
965 3176 1161 3215 eternam
1190 3172 1237 3214 in
1267 3171 1443 3214 domino
1471 3170 1658 3213 salutem
1693 3201 1702 3211 .
1733 3168 1924 3212 Nouerit
1942 3169 2208 3212 vniuersitas
2228 3173 2378 3213 vestra
2396 3185 2478 3213 nos

529 3254 640 3296 bone
670 3254 877 3295 memorie
898 3251 1119 3308 Radulphi
1149 3255 1195 3295 et
1225 3251 1431 3308 Hugonis
1452 3250 1809 3307 predecessorum
1832 3252 2082 3292 nostrorum
2104 3249 2475 3306 Brechynensium

528 3333 828 3390 episcoporum
849 3331 923 3388 pia
942 3331 1167 3375 imitantes
1188 3331 1387 3388 vestigia,
1410 3330 1607 3373 caritatis
1627 3329 1791 3373 intuitu
1821 3332 1869 3373 et
1895 3330 2113 3373 communi
2133 3330 2313 3387 capituli
2335 3331 2475 3374 nostri

777 3459 805 3471 A
