3016 3958
513 634 586 687 84
1075 630 1367 686 OARTAE
1410 627 1908 686 ORIGINALES.

513 838 543 870 a
583 822 713 870 dicto
755 821 1016 869 reuerendo
1051 825 1187 883 patre
1225 835 1357 868 suam
1395 819 1659 883 predictam
1695 817 1851 866 aulam
1886 818 1946 865 ad
1982 818 2235 866 tenendam
2271 819 2449 867 curiam

514 911 631 958 dicti
670 909 960 958 vicecomitis
996 909 1086 956 hac
1123 908 1200 956 die
1235 907 1476 970 assignata
1510 908 1571 954 ad
1605 907 1861 955 tenendam
1896 907 2022 970 apud
2059 906 2278 963 Brechin,
2311 922 2451 971 quam

511 999 791 1064 petitionem
830 999 986 1047 dictus
1023 1001 1161 1061 pater
1197 996 1403 1044 libenter
1439 995 1675 1044 concessit
1712 1022 1722 1034 ·
1761 995 1821 1043 In
1862 1011 1956 1059 qua
1996 995 2128 1044 curia
2163 995 2455 1045 vicecomitis

515 1094 626 1137 acta
647 1089 838 1136 fuerunt
861 1086 1110 1150 sequentia
1133 1085 1259 1133 inter
1282 1084 1378 1131 alia
1414 1089 1464 1132 et
1501 1085 1682 1148 scripta
1705 1084 1753 1131 in
1777 1084 1899 1133 libro
1923 1085 2158 1133 curiarum
2195 1085 2310 1133 dicti
2336 1086 2457 1133 vice—

517 1177 705 1226 comitis
744 1180 795 1224 et
831 1191 937 1223 cum
979 1175 1074 1223 ista
1114 1172 1283 1221 cedula
1323 1177 1553 1236 sequente
1586 1189 1672 1236 per
1714 1173 1876 1221 Dauid
1916 1175 1974 1221 de
2013 1175 2204 1237 Gutbry
2236 1174 2457 1223 clericum

517 1268 646 1315 curie
684 1270 734 1314 et
770 1281 846 1314 me
883 1264 1122 1312 notarium
1160 1262 1478 1326 subscriptum
1517 1263 1576 1309 de
1611 1262 1757 1310 uerbo
1793 1263 1840 1310 in
1874 1264 2068 1311 uerbum
2093 1263 2296 1312 fideliter
2318 1265 2461 1313 colla-

515 1358 715 1411 tionata,
753 1354 1078 1418 cuiusquidem
1117 1351 1284 1399 cedule
1322 1355 1462 1399 tenor
1498 1351 1714 1414 sequitur
1747 1356 1797 1399 et
1833 1356 1907 1400 est
1940 1351 2053 1400 talis
2091 1380 2101 1391 ·
2139 1353 2283 1418 Curia
2321 1354 2462 1402 Vice-

516 1445 705 1494 comitis
742 1446 800 1492 de
840 1443 1008 1492 Forfar
1044 1445 1182 1490 tenta
1220 1441 1345 1504 apud
1388 1439 1596 1487 Brechin
1631 1440 1679 1487 in
1714 1439 1825 1488 aula
1864 1441 2090 1505 Episcopi
2124 1441 2334 1491 eiusdem
2369 1460 2454 1507 per

522 1534 788 1583 Walterum
824 1533 883 1580 de
919 1530 1086 1594 Ogilvy
1122 1529 1239 1577 dicti
1273 1528 1568 1576 vicecomitis
1591 1529 1870 1591 deputatum
1895 1530 2204 1578 decimanona
2228 1531 2304 1579 die
2327 1548 2456 1580 men-

517 1625 583 1673 sis
635 1621 802 1671 Marcii
840 1637 964 1669 anno
1007 1618 1202 1667 Domini
1247 1617 1498 1665 millesimo
1547 1617 2012 1680 quadringentesimo
2059 1619 2454 1683 quinquagesimo,

518 1730 614 1778 qua
651 1714 727 1760 die
764 1711 894 1759 curia
928 1709 1163 1757 affirmata
1199 1711 1249 1754 et
1286 1706 1431 1755 sectis
1454 1706 1637 1753 vocatis
1658 1705 1693 1752 J
1698 1705 1835 1753 udice
1872 1723 1958 1770 pro
1996 1708 2223 1756 tribunali
2247 1711 2456 1765 sedente,

517 1807 714 1851 vocatus
754 1804 827 1849 est
867 1800 899 1846 J
905 1799 1114 1847 ohannes
1157 1795 1408 1843 Laurencii
1443 1810 1739 1843 commorans
1773 1794 1822 1841 in
1859 1794 2114 1859 Balrowny
2151 1798 2274 1860 quod
2300 1814 2457 1861 perse-

519 1894 743 1956 queretur
781 1887 987 1952 plegium
1024 1886 1269 1933 inuentum
1317 1899 1402 1947 per
1441 1883 1594 1947 ipsum
1634 1883 1668 1930 J
1673 1883 1906 1930 ohannem
1952 1899 2094 1948 super
2143 1886 2454 1934 Laurencium

521 1980 714 2028 Balram
757 1979 1126 2026 commorantem
1167 1974 1216 2020 in
1256 1973 1306 2035 ly
1349 1973 1627 2021 Westdrum
1668 1987 1754 2034 pro
1795 1971 1973 2021 iniusta
2012 1974 2286 2022 detentione
2327 1981 2456 2024 certe

519 2083 701 2118 summe
740 2063 953 2130 pecunie,
994 2063 1163 2126 quibus
1202 2062 1416 2125 partibus
1457 2076 1616 2108 coram
1657 2061 1874 2124 predicto
1913 2061 2190 2110 vicecomite
2229 2064 2458 2128 deputato

521 2154 914 2220 comparentibus,
952 2151 1231 2215 Comparuit
1268 2151 1556 2198 reuerendus
1593 2153 1731 2212 pater
1761 2150 1795 2196 J
1800 2150 2009 2199 ohannes
2045 2151 2309 2216 Episcopus
2346 2153 2462 2200 Bre-

522 2244 759 2294 chinensis
803 2246 972 2306 petens
1017 2244 1066 2287 et
1113 2239 1354 2301 requirens
1401 2238 1579 2286 dictum
1629 2238 1944 2286 Laurencium
1993 2239 2185 2288 Balram
2227 2243 2288 2289 ad
2329 2258 2460 2290 suam

522 2335 701 2383 curiam
738 2329 985 2394 replegiari
1024 2333 1072 2375 et
1111 2328 1170 2374 ad
1207 2326 1410 2390 plegium
1445 2326 1691 2374 ferendum
1725 2331 1915 2375 attento
1939 2329 2063 2391 quod
2088 2329 2188 2392 ipse
2222 2331 2313 2379 fuit
2351 2332 2463 2379 baro

528 2423 675 2485 Regis
697 2422 894 2469 vocatus
918 2431 1195 2479 comparens
1215 2419 1265 2463 et
1290 2416 1579 2478 respondens
1601 2431 1688 2478 pro
1711 2416 1928 2464 omnibus
1950 2417 2092 2465 terris
2130 2418 2465 2468 ecclesiasticis

524 2508 921 2560 Brechinensibus
954 2510 1054 2553 tam
1089 2504 1189 2553 suis
1223 2503 1425 2567 propriis
1465 2519 1605 2567 quam
1645 2503 1843 2551 aliorum
1880 2504 2210 2554 canonicorum
2238 2507 2465 2555 Brechin-

526 2600 708 2648 ensium
731 2612 819 2644 nec
854 2594 1026 2658 aliquis
1060 2592 1413 2641 ecclesiasticus
1438 2592 1775 2640 Brechinensis
1812 2593 1970 2655 potuit
2009 2597 2092 2642 aut
2131 2595 2295 2644 debuit
2318 2596 2468 2660 reple-

526 2690 654 2751 giare
701 2699 1044 2749 quemcumque
1092 2683 1151 2729 de
1198 2682 1344 2729 Curia
1388 2681 1504 2728 dicti
1547 2681 1860 2730 Vicecomitis
1899 2682 1991 2731 nisi
2031 2683 2160 2732 solus
2203 2684 2466 2748 Episcopus

531 2774 863 2824 Brechinensis
900 2801 910 2810 ·
947 2771 1132 2827 Quibus
1173 2770 1429 2834 propositis
1474 2774 1524 2818 et
1571 2774 1757 2818 attente
1798 2771 2112 2820 consideratis
2156 2789 2242 2835 per
2288 2773 2465 2820 dictum

531 2863 851 2914 vicecomitem
895 2863 1172 2924 deputatum
1214 2875 1319 2907 cum
1364 2874 1450 2907 sua
1497 2858 1641 2906 Curia
1687 2858 1866 2907 dictum
1915 2859 2229 2907 Laurencium
2272 2861 2465 2908 Balram

530 2956 660 3002 dicto
701 2951 890 3000 domino
934 2949 1171 3012 Episcopo
1207 2949 1267 2995 ad
1309 2947 1513 3010 plegium
1549 2947 1681 2995 dedit
1723 2951 1772 2995 et
1814 2962 1973 2995 coram
2013 2949 2229 2998 omnibus
2262 2948 2311 2996 in
2345 2950 2466 2996 facie

532 3043 673 3091 Curie
697 3038 992 3092 deliberauit,
1022 3037 1261 3084 mediante
1297 3035 1555 3084 securitate
1579 3035 1756 3083 domini
1782 3036 1840 3082 de
1865 3035 2198 3086 Caraldistoun
2223 3039 2347 3100 quod
2366 3038 2467 3100 jus-

530 3132 689 3181 titiam
712 3127 939 3191 predictis
962 3125 1178 3188 partibus
1199 3123 1504 3179 ministraret,
1540 3127 1590 3171 et
1627 3123 1689 3170 ad
1725 3123 1814 3171 hoc
1849 3124 2115 3172 faciendum
2151 3126 2342 3174 Curiam
2367 3128 2468 3175 eius

533 3218 795 3284 proximam
834 3213 1086 3277 capitalem
1124 3212 1266 3260 dictis
1305 3212 1520 3275 partibus
1559 3211 1819 3274 assignauit
1857 3240 1867 3275 ?
1905 3213 2279 3277 Comparuerunt
2320 3217 2464 3264 etiam

533 3307 769 3374 posterius
792 3304 839 3351 in
862 3303 894 3350 J
901 3303 1057 3349 udicio
1081 3317 1238 3349 coram
1264 3301 1395 3348 dicto
1426 3299 1717 3348 vicecomitis
1751 3301 1980 3364 deputato
2014 3299 2226 3365 prefatus
2249 3319 2464 3352 reueren-
