<?xml version="1.0" encoding="UTF-8"?>
<!DOCTYPE html PUBLIC "-//W3C//DTD XHTML 1.0 Transitional//EN"
    "http://www.w3.org/TR/xhtml1/DTD/xhtml1-transitional.dtd">
<html xmlns="http://www.w3.org/1999/xhtml" xml:lang="en" lang="en">
 <head>
  <title>
</title>
<meta http-equiv="Content-Type" content="text/html;charset=utf-8" />
  <meta name='ocr-system' content='tesseract 3.04.00' />
  <meta name='ocr-capabilities' content='ocr_page ocr_carea ocr_par ocr_line ocrx_word'/>
</head>
<body>
  <div class='ocr_page' id='page_1' title='image "./registrumepiscop02brecuoft_0063.png"; bbox 0 0 3016 3958; ppageno 0'>
   <div class='ocr_carea' id='block_1_1' title="bbox 1119 616 2502 674">
    <p class='ocr_par' dir='ltr' id='par_1_1' title="bbox 1119 616 2502 674">
     <span class='ocr_line' id='line_1_1' title="bbox 1119 616 2502 674; baseline 0.001 -2"><span class='ocrx_word' id='word_1_1' title='bbox 1119 617 1412 673; x_wconf 81' lang='lat' dir='ltr'><strong>OARTAE</strong></span> <span class='ocrx_word' id='word_1_2' title='bbox 1455 616 1958 673; x_wconf 83' lang='lat' dir='ltr'>ORIGINALES.</span> <span class='ocrx_word' id='word_1_3' title='bbox 2429 622 2502 674; x_wconf 86' lang='lat'>49</span> 
     </span>
    </p>
   </div>
   <div class='ocr_carea' id='block_1_2' title="bbox 546 807 2577 2825">
    <p class='ocr_par' dir='ltr' id='par_1_2' title="bbox 546 807 2577 2659">
     <span class='ocr_line' id='line_1_2' title="bbox 549 807 2501 872; baseline 0.001 -18"><span class='ocrx_word' id='word_1_4' title='bbox 549 807 597 854; x_wconf 91' lang='lat' dir='ltr'>in</span> <span class='ocrx_word' id='word_1_5' title='bbox 622 823 733 855; x_wconf 88' lang='lat' dir='ltr'>cera</span> <span class='ocrx_word' id='word_1_6' title='bbox 757 807 903 855; x_wconf 87' lang='lat' dir='ltr'>rubea</span> <span class='ocrx_word' id='word_1_7' title='bbox 943 836 952 845; x_wconf 91' lang='lat'><strong>·</strong></span> <span class='ocrx_word' id='word_1_8' title='bbox 991 809 1099 863; x_wconf 83' lang='lat' dir='ltr'>Qua</span> <span class='ocrx_word' id='word_1_9' title='bbox 1121 807 1263 856; x_wconf 87' lang='lat' dir='ltr'>litera</span> <span class='ocrx_word' id='word_1_10' title='bbox 1288 807 1502 872; x_wconf 87' lang='lat' dir='ltr'>perlecta</span> <span class='ocrx_word' id='word_1_11' title='bbox 1536 823 1643 856; x_wconf 91' lang='lat' dir='ltr'>cum</span> <span class='ocrx_word' id='word_1_12' title='bbox 1680 807 1958 871; x_wconf 79' lang='lat' dir='ltr'>prescriptis</span> <span class='ocrx_word' id='word_1_13' title='bbox 1991 808 2361 857; x_wconf 87' lang='lat' dir='ltr'>executionibus</span> <span class='ocrx_word' id='word_1_14' title='bbox 2395 825 2501 872; x_wconf 86' lang='lat' dir='ltr'>pre-</span> 
     </span>
     <span class='ocr_line' id='line_1_3' title="bbox 546 895 2497 962; baseline 0 -18"><span class='ocrx_word' id='word_1_15' title='bbox 546 897 674 946; x_wconf 89' lang='lat' dir='ltr'>fatus</span> <span class='ocrx_word' id='word_1_16' title='bbox 699 897 919 946; x_wconf 89' lang='lat' dir='ltr'>dominus</span> <span class='ocrx_word' id='word_1_17' title='bbox 943 897 1194 962; x_wconf 86' lang='lat' dir='ltr'>episcopus</span> <span class='ocrx_word' id='word_1_18' title='bbox 1216 897 1332 946; x_wconf 90' lang='lat' dir='ltr'>fecit</span> <span class='ocrx_word' id='word_1_19' title='bbox 1357 898 1537 946; x_wconf 90' lang='lat' dir='ltr'>dictum</span> <span class='ocrx_word' id='word_1_20' title='bbox 1561 896 1837 959; x_wconf 88' lang='lat' dir='ltr'>magistrum</span> <span class='ocrx_word' id='word_1_21' title='bbox 1864 895 2026 944; x_wconf 91' lang='lat' dir='ltr'>Dauid</span> <span class='ocrx_word' id='word_1_22' title='bbox 2053 895 2174 946; x_wconf 88' lang='lat' dir='ltr'>alias</span> <span class='ocrx_word' id='word_1_23' title='bbox 2198 898 2400 946; x_wconf 89' lang='lat' dir='ltr'>citatum</span> <span class='ocrx_word' id='word_1_24' title='bbox 2436 898 2497 944; x_wconf 88' lang='lat' dir='ltr'>ad</span> 
     </span>
     <span class='ocr_line' id='line_1_4' title="bbox 548 984 2498 1051; baseline 0.001 -18"><span class='ocrx_word' id='word_1_25' title='bbox 548 987 915 1050; x_wconf 88' lang='lat' dir='ltr'>comparendum</span> <span class='ocrx_word' id='word_1_26' title='bbox 950 988 1010 1034; x_wconf 88' lang='lat' dir='ltr'>ad</span> <span class='ocrx_word' id='word_1_27' title='bbox 1046 991 1230 1035; x_wconf 91' lang='lat' dir='ltr'>certum</span> <span class='ocrx_word' id='word_1_28' title='bbox 1253 987 1508 1035; x_wconf 89' lang='lat' dir='ltr'>terminum</span> <span class='ocrx_word' id='word_1_29' title='bbox 1531 986 1580 1034; x_wconf 91' lang='lat' dir='ltr'>in</span> <span class='ocrx_word' id='word_1_30' title='bbox 1606 985 1749 1034; x_wconf 90' lang='lat' dir='ltr'>dictis</span> <span class='ocrx_word' id='word_1_31' title='bbox 1771 984 1926 1035; x_wconf 90' lang='lat' dir='ltr'>literis</span> <span class='ocrx_word' id='word_1_32' title='bbox 1950 986 2186 1035; x_wconf 74' lang='lat' dir='ltr'>citatoriis</span> <span class='ocrx_word' id='word_1_33' title='bbox 2221 1003 2498 1051; x_wconf 86' lang='lat' dir='ltr'>expressum</span> 
     </span>
     <span class='ocr_line' id='line_1_5' title="bbox 548 1074 2495 1140; baseline 0 -17"><span class='ocrx_word' id='word_1_34' title='bbox 548 1091 633 1139; x_wconf 91' lang='lat' dir='ltr'>per</span> <span class='ocrx_word' id='word_1_35' title='bbox 654 1091 904 1139; x_wconf 81' lang='lat' dir='ltr'>preconem</span> <span class='ocrx_word' id='word_1_36' title='bbox 931 1076 979 1123; x_wconf 92' lang='lat' dir='ltr'>in</span> <span class='ocrx_word' id='word_1_37' title='bbox 1004 1075 1155 1125; x_wconf 88' lang='lat' dir='ltr'>valuis</span> <span class='ocrx_word' id='word_1_38' title='bbox 1179 1075 1310 1124; x_wconf 89' lang='lat' dir='ltr'>chori</span> <span class='ocrx_word' id='word_1_39' title='bbox 1348 1075 1550 1124; x_wconf 79' lang='lat' dir='ltr'>ecclesie</span> <span class='ocrx_word' id='word_1_40' title='bbox 1591 1074 1881 1124; x_wconf 89' lang='lat' dir='ltr'>cathedralis</span> <span class='ocrx_word' id='word_1_41' title='bbox 1923 1075 2263 1125; x_wconf 88' lang='lat' dir='ltr'>Brechinensis</span> <span class='ocrx_word' id='word_1_42' title='bbox 2306 1075 2495 1140; x_wconf 90' lang='lat' dir='ltr'>publice</span> 
     </span>
     <span class='ocr_line' id='line_1_6' title="bbox 547 1163 2500 1228; baseline 0.001 -16"><span class='ocrx_word' id='word_1_43' title='bbox 547 1164 705 1213; x_wconf 82' lang='lat' dir='ltr'>vocari</span> <span class='ocrx_word' id='word_1_44' title='bbox 724 1180 782 1213; x_wconf 86' lang='lat' dir='ltr'>ac</span> <span class='ocrx_word' id='word_1_45' title='bbox 799 1164 919 1213; x_wconf 90' lang='lat' dir='ltr'>alios</span> <span class='ocrx_word' id='word_1_46' title='bbox 937 1166 1194 1214; x_wconf 90' lang='lat' dir='ltr'>secundum</span> <span class='ocrx_word' id='word_1_47' title='bbox 1214 1169 1429 1213; x_wconf 91' lang='lat' dir='ltr'>tenorem</span> <span class='ocrx_word' id='word_1_48' title='bbox 1446 1163 1584 1213; x_wconf 89' lang='lat' dir='ltr'>litere</span> <span class='ocrx_word' id='word_1_49' title='bbox 1620 1191 1629 1203; x_wconf 89' lang='lat'><strong>·</strong></span> <span class='ocrx_word' id='word_1_50' title='bbox 1672 1164 1766 1220; x_wconf 80' lang='lat' dir='ltr'>Qui</span> <span class='ocrx_word' id='word_1_51' title='bbox 1784 1180 1896 1212; x_wconf 84' lang='lat' dir='ltr'>vero</span> <span class='ocrx_word' id='word_1_52' title='bbox 1915 1164 2072 1213; x_wconf 89' lang='lat' dir='ltr'>dictus</span> <span class='ocrx_word' id='word_1_53' title='bbox 2093 1165 2321 1228; x_wconf 85' lang='lat' dir='ltr'>magister</span> <span class='ocrx_word' id='word_1_54' title='bbox 2340 1166 2500 1214; x_wconf 90' lang='lat' dir='ltr'>Dauid</span> 
     </span>
     <span class='ocr_line' id='line_1_7' title="bbox 547 1253 2498 1319; baseline 0.001 -17"><span class='ocrx_word' id='word_1_55' title='bbox 547 1254 617 1303; x_wconf 89' lang='lat' dir='ltr'>sic</span> <span class='ocrx_word' id='word_1_56' title='bbox 640 1253 818 1302; x_wconf 88' lang='lat' dir='ltr'>citatus</span> <span class='ocrx_word' id='word_1_57' title='bbox 855 1257 904 1301; x_wconf 89' lang='lat' dir='ltr'>et</span> <span class='ocrx_word' id='word_1_58' title='bbox 942 1257 1139 1302; x_wconf 89' lang='lat' dir='ltr'>vocatus</span> <span class='ocrx_word' id='word_1_59' title='bbox 1176 1269 1270 1302; x_wconf 92' lang='lat' dir='ltr'>non</span> <span class='ocrx_word' id='word_1_60' title='bbox 1309 1253 1574 1317; x_wconf 88' lang='lat' dir='ltr'>comparuit</span> <span class='ocrx_word' id='word_1_61' title='bbox 1613 1268 1702 1301; x_wconf 91' lang='lat' dir='ltr'>nec</span> <span class='ocrx_word' id='word_1_62' title='bbox 1736 1269 1822 1316; x_wconf 90' lang='lat' dir='ltr'>per</span> <span class='ocrx_word' id='word_1_63' title='bbox 1845 1269 1895 1302; x_wconf 90' lang='lat' dir='ltr'>se</span> <span class='ocrx_word' id='word_1_64' title='bbox 1921 1269 2009 1302; x_wconf 89' lang='lat' dir='ltr'>nec</span> <span class='ocrx_word' id='word_1_65' title='bbox 2033 1270 2119 1318; x_wconf 90' lang='lat' dir='ltr'>per</span> <span class='ocrx_word' id='word_1_66' title='bbox 2142 1259 2498 1319; x_wconf 87' lang='lat' dir='ltr'>procuratorem</span> 
     </span>
     <span class='ocr_line' id='line_1_8' title="bbox 548 1342 2500 1412; baseline 0.001 -22"><span class='ocrx_word' id='word_1_67' title='bbox 548 1359 635 1391; x_wconf 87' lang='lat' dir='ltr'>nec</span> <span class='ocrx_word' id='word_1_68' title='bbox 659 1343 741 1392; x_wconf 86' lang='lat' dir='ltr'>alii</span> <span class='ocrx_word' id='word_1_69' title='bbox 780 1371 790 1380; x_wconf 90' lang='lat'><strong>·</strong></span> <span class='ocrx_word' id='word_1_70' title='bbox 827 1342 1017 1412; x_wconf 76' lang='lat' dir='ltr'>Idcirco</span> <span class='ocrx_word' id='word_1_71' title='bbox 1041 1343 1254 1406; x_wconf 88' lang='lat' dir='ltr'>prefatus</span> <span class='ocrx_word' id='word_1_72' title='bbox 1278 1342 1496 1391; x_wconf 88' lang='lat' dir='ltr'>dominus</span> <span class='ocrx_word' id='word_1_73' title='bbox 1519 1342 1770 1406; x_wconf 89' lang='lat' dir='ltr'>episcopus</span> <span class='ocrx_word' id='word_1_74' title='bbox 1793 1342 2003 1391; x_wconf 86' lang='lat' dir='ltr'>instante</span> <span class='ocrx_word' id='word_1_75' title='bbox 2030 1343 2264 1406; x_wconf 83' lang='lat' dir='ltr'>Magistro</span> <span class='ocrx_word' id='word_1_76' title='bbox 2286 1345 2500 1392; x_wconf 89' lang='lat' dir='ltr'>Roberto</span> 
     </span>
     <span class='ocr_line' id='line_1_9' title="bbox 550 1431 2499 1497; baseline 0.001 -17"><span class='ocrx_word' id='word_1_77' title='bbox 550 1433 763 1497; x_wconf 89' lang='lat' dir='ltr'>Hoprew</span> <span class='ocrx_word' id='word_1_78' title='bbox 803 1433 1067 1482; x_wconf 87' lang='lat' dir='ltr'>substituto</span> <span class='ocrx_word' id='word_1_79' title='bbox 1110 1432 1396 1481; x_wconf 86' lang='lat' dir='ltr'>venerabilis</span> <span class='ocrx_word' id='word_1_80' title='bbox 1434 1432 1523 1479; x_wconf 85' lang='lat' dir='ltr'>viri</span> <span class='ocrx_word' id='word_1_81' title='bbox 1566 1431 1744 1481; x_wconf 87' lang='lat' dir='ltr'>domini</span> <span class='ocrx_word' id='word_1_82' title='bbox 1793 1432 2030 1482; x_wconf 85' lang='lat' dir='ltr'>Johannis</span> <span class='ocrx_word' id='word_1_83' title='bbox 2072 1433 2178 1481; x_wconf 89' lang='lat' dir='ltr'>Liel</span> <span class='ocrx_word' id='word_1_84' title='bbox 2213 1434 2499 1482; x_wconf 80' lang='lat' dir='ltr'>thesaurarii</span> 
     </span>
     <span class='ocr_line' id='line_1_10' title="bbox 549 1521 2500 1588; baseline 0.001 -18"><span class='ocrx_word' id='word_1_85' title='bbox 549 1522 748 1572; x_wconf 80' lang='lat' dir='ltr'>ecclesie</span> <span class='ocrx_word' id='word_1_86' title='bbox 773 1521 1064 1571; x_wconf 88' lang='lat' dir='ltr'>cathedralis</span> <span class='ocrx_word' id='word_1_87' title='bbox 1088 1522 1302 1587; x_wconf 88' lang='lat' dir='ltr'>predicte</span> <span class='ocrx_word' id='word_1_88' title='bbox 1327 1537 1384 1570; x_wconf 90' lang='lat' dir='ltr'>ac</span> <span class='ocrx_word' id='word_1_89' title='bbox 1408 1521 1731 1586; x_wconf 85' lang='lat' dir='ltr'>procuratoris</span> <span class='ocrx_word' id='word_1_90' title='bbox 1753 1522 1990 1586; x_wconf 87' lang='lat' dir='ltr'>generalis</span> <span class='ocrx_word' id='word_1_91' title='bbox 2027 1523 2239 1587; x_wconf 89' lang='lat' dir='ltr'>episcopi</span> <span class='ocrx_word' id='word_1_92' title='bbox 2282 1528 2331 1571; x_wconf 91' lang='lat' dir='ltr'>et</span> <span class='ocrx_word' id='word_1_93' title='bbox 2371 1525 2500 1588; x_wconf 90' lang='lat' dir='ltr'>capi-</span> 
     </span>
     <span class='ocr_line' id='line_1_11' title="bbox 548 1610 2499 1676; baseline 0 -15"><span class='ocrx_word' id='word_1_94' title='bbox 548 1612 638 1661; x_wconf 90' lang='lat' dir='ltr'>tuli</span> <span class='ocrx_word' id='word_1_95' title='bbox 678 1612 1014 1662; x_wconf 90' lang='lat' dir='ltr'>Brechinensis</span> <span class='ocrx_word' id='word_1_96' title='bbox 1054 1616 1197 1676; x_wconf 92' lang='lat' dir='ltr'>prout</span> <span class='ocrx_word' id='word_1_97' title='bbox 1238 1612 1296 1659; x_wconf 88' lang='lat' dir='ltr'>de</span> <span class='ocrx_word' id='word_1_98' title='bbox 1338 1612 1429 1659; x_wconf 93' lang='lat' dir='ltr'>hoc</span> <span class='ocrx_word' id='word_1_99' title='bbox 1473 1611 1692 1660; x_wconf 90' lang='lat' dir='ltr'>dominus</span> <span class='ocrx_word' id='word_1_100' title='bbox 1739 1610 1979 1660; x_wconf 86' lang='lat' dir='ltr'>Patricius</span> <span class='ocrx_word' id='word_1_101' title='bbox 2023 1611 2243 1660; x_wconf 85' lang='lat' dir='ltr'>Nicholai</span> <span class='ocrx_word' id='word_1_102' title='bbox 2286 1614 2499 1661; x_wconf 87' lang='lat' dir='ltr'>notarius</span> 
     </span>
     <span class='ocr_line' id='line_1_12' title="bbox 549 1700 2498 1766; baseline 0 -16"><span class='ocrx_word' id='word_1_103' title='bbox 549 1702 766 1766; x_wconf 88' lang='lat' dir='ltr'>publicus</span> <span class='ocrx_word' id='word_1_104' title='bbox 788 1702 904 1751; x_wconf 88' lang='lat' dir='ltr'>fecit</span> <span class='ocrx_word' id='word_1_105' title='bbox 929 1703 1068 1750; x_wconf 90' lang='lat' dir='ltr'>fidem</span> <span class='ocrx_word' id='word_1_106' title='bbox 1093 1701 1292 1766; x_wconf 89' lang='lat' dir='ltr'>ipsoque</span> <span class='ocrx_word' id='word_1_107' title='bbox 1329 1700 1592 1750; x_wconf 88' lang='lat' dir='ltr'>substituto</span> <span class='ocrx_word' id='word_1_108' title='bbox 1631 1700 1700 1749; x_wconf 89' lang='lat' dir='ltr'>sic</span> <span class='ocrx_word' id='word_1_109' title='bbox 1738 1700 1948 1749; x_wconf 88' lang='lat' dir='ltr'>instante</span> <span class='ocrx_word' id='word_1_110' title='bbox 1988 1705 2038 1748; x_wconf 89' lang='lat' dir='ltr'>et</span> <span class='ocrx_word' id='word_1_111' title='bbox 2080 1705 2276 1765; x_wconf 89' lang='lat' dir='ltr'>petente</span> <span class='ocrx_word' id='word_1_112' title='bbox 2318 1703 2498 1751; x_wconf 88' lang='lat' dir='ltr'>dictum</span> 
     </span>
     <span class='ocr_line' id='line_1_13' title="bbox 552 1790 2499 1856; baseline -0.001 -16"><span class='ocrx_word' id='word_1_113' title='bbox 552 1792 834 1856; x_wconf 86' lang='lat' dir='ltr'>Magistrum</span> <span class='ocrx_word' id='word_1_114' title='bbox 861 1791 1023 1840; x_wconf 90' lang='lat' dir='ltr'>Dauid</span> <span class='ocrx_word' id='word_1_115' title='bbox 1047 1807 1304 1855; x_wconf 91' lang='lat' dir='ltr'>omnesque</span> <span class='ocrx_word' id='word_1_116' title='bbox 1329 1790 1449 1840; x_wconf 90' lang='lat' dir='ltr'>alios</span> <span class='ocrx_word' id='word_1_117' title='bbox 1472 1806 1560 1839; x_wconf 91' lang='lat' dir='ltr'>sua</span> <span class='ocrx_word' id='word_1_118' title='bbox 1586 1790 1817 1840; x_wconf 89' lang='lat' dir='ltr'>interesse</span> <span class='ocrx_word' id='word_1_119' title='bbox 1841 1794 2070 1854; x_wconf 87' lang='lat' dir='ltr'>putantes</span> <span class='ocrx_word' id='word_1_120' title='bbox 2106 1791 2175 1840; x_wconf 90' lang='lat' dir='ltr'>sic</span> <span class='ocrx_word' id='word_1_121' title='bbox 2213 1791 2414 1840; x_wconf 87' lang='lat' dir='ltr'>citatum</span> <span class='ocrx_word' id='word_1_122' title='bbox 2451 1797 2499 1840; x_wconf 90' lang='lat' dir='ltr'>et</span> 
     </span>
     <span class='ocr_line' id='line_1_14' title="bbox 550 1879 2501 1946; baseline -0.001 -17"><span class='ocrx_word' id='word_1_123' title='bbox 550 1881 725 1931; x_wconf 89' lang='lat' dir='ltr'>citatos</span> <span class='ocrx_word' id='word_1_124' title='bbox 744 1885 1077 1946; x_wconf 80' lang='lat' dir='ltr'>contumacem</span> <span class='ocrx_word' id='word_1_125' title='bbox 1093 1885 1142 1929; x_wconf 90' lang='lat' dir='ltr'>et</span> <span class='ocrx_word' id='word_1_126' title='bbox 1164 1884 1472 1929; x_wconf 88' lang='lat' dir='ltr'>contumaces</span> <span class='ocrx_word' id='word_1_127' title='bbox 1491 1879 1760 1928; x_wconf 89' lang='lat' dir='ltr'>denuntiari</span> <span class='ocrx_word' id='word_1_128' title='bbox 1778 1879 2037 1944; x_wconf 86' lang='lat' dir='ltr'>literasque</span> <span class='ocrx_word' id='word_1_129' title='bbox 2056 1885 2315 1944; x_wconf 90' lang='lat' dir='ltr'>oportunas</span> <span class='ocrx_word' id='word_1_130' title='bbox 2334 1886 2501 1928; x_wconf 89' lang='lat' dir='ltr'>contra</span> 
     </span>
     <span class='ocr_line' id='line_1_15' title="bbox 550 1969 2501 2034; baseline 0 -17"><span class='ocrx_word' id='word_1_131' title='bbox 550 1970 704 2034; x_wconf 89' lang='lat' dir='ltr'>ipsum</span> <span class='ocrx_word' id='word_1_132' title='bbox 731 1971 892 2019; x_wconf 89' lang='lat' dir='ltr'>Dauid</span> <span class='ocrx_word' id='word_1_133' title='bbox 918 1975 967 2018; x_wconf 91' lang='lat' dir='ltr'>et</span> <span class='ocrx_word' id='word_1_134' title='bbox 992 1986 1156 2019; x_wconf 89' lang='lat' dir='ltr'>omnes</span> <span class='ocrx_word' id='word_1_135' title='bbox 1191 1969 1312 2019; x_wconf 91' lang='lat' dir='ltr'>alios</span> <span class='ocrx_word' id='word_1_136' title='bbox 1350 1969 1593 2034; x_wconf 86' lang='lat' dir='ltr'>predictos</span> <span class='ocrx_word' id='word_1_137' title='bbox 1629 1969 1730 2017; x_wconf 89' lang='lat' dir='ltr'>fieri</span> <span class='ocrx_word' id='word_1_138' title='bbox 1769 1970 1984 2017; x_wconf 85' lang='lat' dir='ltr'>decreuit</span> <span class='ocrx_word' id='word_1_139' title='bbox 2022 1970 2070 2017; x_wconf 92' lang='lat' dir='ltr'>in</span> <span class='ocrx_word' id='word_1_140' title='bbox 2108 1970 2262 2018; x_wconf 87' lang='lat' dir='ltr'>forma</span> <span class='ocrx_word' id='word_1_141' title='bbox 2299 1999 2310 2009; x_wconf 91' lang='lat'><strong>·</strong></span> <span class='ocrx_word' id='word_1_142' title='bbox 2348 1971 2501 2034; x_wconf 87' lang='lat' dir='ltr'>Super</span> 
     </span>
     <span class='ocr_line' id='line_1_16' title="bbox 550 2058 2577 2124; baseline -0 -16"><span class='ocrx_word' id='word_1_143' title='bbox 550 2059 721 2124; x_wconf 88' lang='lat' dir='ltr'>quibus</span> <span class='ocrx_word' id='word_1_144' title='bbox 744 2061 964 2109; x_wconf 90' lang='lat' dir='ltr'>omnibus</span> <span class='ocrx_word' id='word_1_145' title='bbox 987 2064 1037 2108; x_wconf 90' lang='lat' dir='ltr'>et</span> <span class='ocrx_word' id='word_1_146' title='bbox 1061 2059 1259 2123; x_wconf 87' lang='lat' dir='ltr'>singulis</span> <span class='ocrx_word' id='word_1_147' title='bbox 1284 2060 1441 2108; x_wconf 87' lang='lat' dir='ltr'>dictus</span> <span class='ocrx_word' id='word_1_148' title='bbox 1465 2058 1754 2108; x_wconf 88' lang='lat' dir='ltr'>substitutus</span> <span class='ocrx_word' id='word_1_149' title='bbox 1777 2075 1863 2123; x_wconf 92' lang='lat' dir='ltr'>per</span> <span class='ocrx_word' id='word_1_150' title='bbox 1885 2075 1961 2107; x_wconf 91' lang='lat' dir='ltr'>me</span> <span class='ocrx_word' id='word_1_151' title='bbox 1986 2059 2222 2107; x_wconf 88' lang='lat' dir='ltr'>notarium</span> <span class='ocrx_word' id='word_1_152' title='bbox 2260 2059 2500 2123; x_wconf 90' lang='lat' dir='ltr'>publicum</span> <span class='ocrx_word' id='word_1_153' title='bbox 2575 2092 2577 2094; x_wconf 94' lang='lat'>-</span> 
     </span>
     <span class='ocr_line' id='line_1_17' title="bbox 550 2148 2500 2215; baseline -0.002 -15"><span class='ocrx_word' id='word_1_154' title='bbox 550 2151 867 2215; x_wconf 88' lang='lat' dir='ltr'>subscriptum</span> <span class='ocrx_word' id='word_1_155' title='bbox 893 2150 983 2200; x_wconf 91' lang='lat' dir='ltr'>sibi</span> <span class='ocrx_word' id='word_1_156' title='bbox 1007 2150 1108 2198; x_wconf 89' lang='lat' dir='ltr'>fieri</span> <span class='ocrx_word' id='word_1_157' title='bbox 1132 2150 1274 2214; x_wconf 88' lang='lat' dir='ltr'>petiit</span> <span class='ocrx_word' id='word_1_158' title='bbox 1299 2148 1541 2214; x_wconf 92' lang='lat' dir='ltr'>publicum</span> <span class='ocrx_word' id='word_1_159' title='bbox 1565 2148 1933 2197; x_wconf 89' lang='lat' dir='ltr'>instrumentum</span> <span class='ocrx_word' id='word_1_160' title='bbox 1971 2176 1980 2186; x_wconf 85' lang='lat'><strong>·</strong></span> <span class='ocrx_word' id='word_1_161' title='bbox 2019 2150 2148 2196; x_wconf 90' lang='lat' dir='ltr'>Acta</span> <span class='ocrx_word' id='word_1_162' title='bbox 2184 2149 2375 2196; x_wconf 87' lang='lat' dir='ltr'>fuerunt</span> <span class='ocrx_word' id='word_1_163' title='bbox 2412 2150 2500 2196; x_wconf 91' lang='lat' dir='ltr'>hec</span> 
     </span>
     <span class='ocr_line' id='line_1_18' title="bbox 552 2237 2498 2305; baseline -0.002 -17"><span class='ocrx_word' id='word_1_164' title='bbox 552 2241 598 2288; x_wconf 90' lang='lat' dir='ltr'>in</span> <span class='ocrx_word' id='word_1_165' title='bbox 625 2240 836 2305; x_wconf 89' lang='lat' dir='ltr'>capitulo</span> <span class='ocrx_word' id='word_1_166' title='bbox 858 2239 1067 2304; x_wconf 87' lang='lat' dir='ltr'>generali</span> <span class='ocrx_word' id='word_1_167' title='bbox 1091 2239 1292 2288; x_wconf 83' lang='lat' dir='ltr'>ecclesie</span> <span class='ocrx_word' id='word_1_168' title='bbox 1333 2237 1671 2287; x_wconf 87' lang='lat' dir='ltr'>Brechinensis</span> <span class='ocrx_word' id='word_1_169' title='bbox 1710 2254 1835 2286; x_wconf 89' lang='lat' dir='ltr'>anno</span> <span class='ocrx_word' id='word_1_170' title='bbox 1873 2237 1949 2285; x_wconf 86' lang='lat' dir='ltr'>die</span> <span class='ocrx_word' id='word_1_171' title='bbox 1989 2266 1998 2275; x_wconf 92' lang='lat'><strong>·</strong></span> <span class='ocrx_word' id='word_1_172' title='bbox 2039 2266 2049 2275; x_wconf 92' lang='lat'><strong>·</strong></span> <span class='ocrx_word' id='word_1_173' title='bbox 2090 2266 2099 2275; x_wconf 94' lang='lat'><strong>·</strong></span> <span class='ocrx_word' id='word_1_174' title='bbox 2137 2238 2307 2301; x_wconf 88' lang='lat' dir='ltr'>quibus</span> <span class='ocrx_word' id='word_1_175' title='bbox 2343 2254 2498 2301; x_wconf 86' lang='lat' dir='ltr'>supra,</span> 
     </span>
     <span class='ocr_line' id='line_1_19' title="bbox 553 2326 2501 2394; baseline -0.002 -17"><span class='ocrx_word' id='word_1_176' title='bbox 553 2330 851 2394; x_wconf 87' lang='lat' dir='ltr'>presentibus</span> <span class='ocrx_word' id='word_1_177' title='bbox 874 2329 1219 2378; x_wconf 87' lang='lat' dir='ltr'>venerabilibus</span> <span class='ocrx_word' id='word_1_178' title='bbox 1244 2328 1369 2384; x_wconf 69' lang='lat' dir='ltr'>viris,</span> <span class='ocrx_word' id='word_1_179' title='bbox 1409 2328 1600 2377; x_wconf 89' lang='lat' dir='ltr'>domino</span> <span class='ocrx_word' id='word_1_180' title='bbox 1637 2328 1671 2374; x_wconf 85' lang='lat' dir='ltr'>J</span> <span class='ocrx_word' id='word_1_181' title='bbox 1676 2327 1861 2375; x_wconf 86' lang='lat' dir='ltr'>ohanne</span> <span class='ocrx_word' id='word_1_182' title='bbox 1903 2326 2103 2390; x_wconf 87' lang='lat' dir='ltr'>Knycht</span> <span class='ocrx_word' id='word_1_183' title='bbox 2128 2327 2358 2374; x_wconf 89' lang='lat' dir='ltr'>canonico</span> <span class='ocrx_word' id='word_1_184' title='bbox 2385 2327 2501 2374; x_wconf 89' lang='lat' dir='ltr'>Bre-</span> 
     </span>
     <span class='ocr_line' id='line_1_20' title="bbox 553 2415 2503 2481; baseline -0.002 -15"><span class='ocrx_word' id='word_1_185' title='bbox 553 2419 765 2468; x_wconf 91' lang='lat' dir='ltr'>chinensi</span> <span class='ocrx_word' id='word_1_186' title='bbox 790 2423 839 2468; x_wconf 91' lang='lat' dir='ltr'>et</span> <span class='ocrx_word' id='word_1_187' title='bbox 864 2423 1048 2467; x_wconf 92' lang='lat' dir='ltr'>rectore</span> <span class='ocrx_word' id='word_1_188' title='bbox 1087 2420 1146 2467; x_wconf 90' lang='lat' dir='ltr'>de</span> <span class='ocrx_word' id='word_1_189' title='bbox 1183 2418 1444 2481; x_wconf 84' lang='lat' dir='ltr'>Funewyn,</span> <span class='ocrx_word' id='word_1_190' title='bbox 1472 2416 1718 2465; x_wconf 90' lang='lat' dir='ltr'>Willelmo</span> <span class='ocrx_word' id='word_1_191' title='bbox 1758 2415 2022 2479; x_wconf 91' lang='lat' dir='ltr'>Heslihope</span> <span class='ocrx_word' id='word_1_192' title='bbox 2065 2419 2250 2463; x_wconf 89' lang='lat' dir='ltr'>rectore</span> <span class='ocrx_word' id='word_1_193' title='bbox 2290 2416 2348 2463; x_wconf 93' lang='lat' dir='ltr'>de</span> <span class='ocrx_word' id='word_1_194' title='bbox 2388 2415 2503 2463; x_wconf 91' lang='lat' dir='ltr'>Cor-</span> 
     </span>
     <span class='ocr_line' id='line_1_21' title="bbox 553 2493 2501 2572; baseline -0.002 -16"><span class='ocrx_word' id='word_1_195' title='bbox 553 2509 811 2572; x_wconf 85' lang='lat' dir='ltr'>tochquhy,</span> <span class='ocrx_word' id='word_1_196' title='bbox 838 2507 1113 2556; x_wconf 86' lang='lat' dir='ltr'>Alexandro</span> <span class='ocrx_word' id='word_1_197' title='bbox 1139 2508 1316 2555; x_wconf 89' lang='lat' dir='ltr'>Pantre</span> <span class='ocrx_word' id='word_1_198' title='bbox 1340 2506 1518 2555; x_wconf 85' lang='lat' dir='ltr'>vicario</span> <span class='ocrx_word' id='word_1_199' title='bbox 1556 2507 1614 2554; x_wconf 92' lang='lat' dir='ltr'>de</span> <span class='ocrx_word' id='word_1_200' title='bbox 1655 2506 1984 2568; x_wconf 85' lang='lat' dir='ltr'>Dunnychtyn</span> <span class='ocrx_word' id='word_1_201' title='bbox 2024 2509 2073 2552; x_wconf 90' lang='lat' dir='ltr'>et</span> <span class='ocrx_word' id='word_1_202' title='bbox 2116 2504 2150 2551; x_wconf 87' lang='lat' dir='ltr'><strong>J</strong></span> <span class='ocrx_word' id='word_1_203' title='bbox 2155 2493 2340 2552; x_wconf 83' lang='lat' dir='ltr'>ohanne</span> <span class='ocrx_word' id='word_1_204' title='bbox 2367 2505 2501 2552; x_wconf 88' lang='lat' dir='ltr'>Gud-</span> 
     </span>
     <span class='ocr_line' id='line_1_22' title="bbox 556 2594 2127 2659; baseline -0.002 -15"><span class='ocrx_word' id='word_1_205' title='bbox 556 2597 718 2646; x_wconf 85' lang='lat' dir='ltr'>fallow</span> <span class='ocrx_word' id='word_1_206' title='bbox 741 2597 917 2646; x_wconf 85' lang='lat' dir='ltr'>vicario</span> <span class='ocrx_word' id='word_1_207' title='bbox 942 2598 1000 2644; x_wconf 90' lang='lat' dir='ltr'>de</span> <span class='ocrx_word' id='word_1_208' title='bbox 1026 2595 1299 2659; x_wconf 84' lang='lat' dir='ltr'>Glenberuy</span> <span class='ocrx_word' id='word_1_209' title='bbox 1324 2613 1430 2644; x_wconf 90' lang='lat' dir='ltr'>cum</span> <span class='ocrx_word' id='word_1_210' title='bbox 1456 2595 1619 2644; x_wconf 88' lang='lat' dir='ltr'>multis</span> <span class='ocrx_word' id='word_1_211' title='bbox 1642 2594 1750 2644; x_wconf 90' lang='lat' dir='ltr'>aliis</span> <span class='ocrx_word' id='word_1_212' title='bbox 1772 2595 1978 2643; x_wconf 89' lang='lat' dir='ltr'>testibus</span> <span class='ocrx_word' id='word_1_213' title='bbox 2017 2622 2026 2631; x_wconf 93' lang='lat'><strong>·</strong></span> <span class='ocrx_word' id='word_1_214' title='bbox 2067 2622 2076 2631; x_wconf 90' lang='lat'><strong>·</strong></span> <span class='ocrx_word' id='word_1_215' title='bbox 2118 2621 2127 2630; x_wconf 91' lang='lat'><strong>·</strong></span> 
     </span>
    </p>

    <p class='ocr_par' dir='ltr' id='par_1_3' title="bbox 555 2683 2496 2825">
     <span class='ocr_line' id='line_1_23' title="bbox 625 2683 2496 2751; baseline -0.002 -17"><span class='ocrx_word' id='word_1_216' title='bbox 625 2689 691 2736; x_wconf 90' lang='lat' dir='ltr'>Et</span> <span class='ocrx_word' id='word_1_217' title='bbox 738 2704 824 2751; x_wconf 85' lang='lat' dir='ltr'>ego</span> <span class='ocrx_word' id='word_1_218' title='bbox 870 2687 1118 2736; x_wconf 82' lang='lat' dir='ltr'>Johannes</span> <span class='ocrx_word' id='word_1_219' title='bbox 1166 2685 1300 2734; x_wconf 90' lang='lat' dir='ltr'>Ydill</span> <span class='ocrx_word' id='word_1_220' title='bbox 1348 2685 1548 2734; x_wconf 90' lang='lat' dir='ltr'>clericus</span> <span class='ocrx_word' id='word_1_221' title='bbox 1596 2685 1940 2732; x_wconf 84' lang='lat' dir='ltr'>Sanctiandree</span> <span class='ocrx_word' id='word_1_222' title='bbox 1990 2683 2206 2731; x_wconf 86' lang='lat' dir='ltr'>dioecesis</span> <span class='ocrx_word' id='word_1_223' title='bbox 2251 2711 2260 2720; x_wconf 91' lang='lat'><strong>·</strong></span> <span class='ocrx_word' id='word_1_224' title='bbox 2306 2710 2316 2719; x_wconf 88' lang='lat'><strong>·</strong></span> <span class='ocrx_word' id='word_1_225' title='bbox 2360 2710 2369 2719; x_wconf 90' lang='lat'><strong>·</strong></span> <span class='ocrx_word' id='word_1_226' title='bbox 2413 2698 2496 2730; x_wconf 91' lang='lat' dir='ltr'>no-</span> 
     </span>
     <span class='ocr_line' id='line_1_24' title="bbox 555 2778 855 2825; baseline -0.003 0"><span class='ocrx_word' id='word_1_227' title='bbox 555 2778 707 2825; x_wconf 87' lang='lat' dir='ltr'>tarius</span> <span class='ocrx_word' id='word_1_228' title='bbox 745 2805 755 2814; x_wconf 91' lang='lat'><strong>·</strong></span> <span class='ocrx_word' id='word_1_229' title='bbox 795 2805 805 2815; x_wconf 92' lang='lat'><strong>·</strong></span> <span class='ocrx_word' id='word_1_230' title='bbox 846 2805 855 2814; x_wconf 92' lang='lat'><strong>·</strong></span> 
     </span>
    </p>
   </div>
   <div class='ocr_carea' id='block_1_3' title="bbox 559 2976 1600 3028">
    <p class='ocr_par' dir='ltr' id='par_1_4' title="bbox 559 2976 1600 3028">
     <span class='ocr_line' id='line_1_25' title="bbox 559 2976 1600 3028; baseline -0.003 -2"><span class='ocrx_word' id='word_1_231' title='bbox 559 2979 732 3028; x_wconf 89' lang='lat' dir='ltr'>Pensio</span> <span class='ocrx_word' id='word_1_232' title='bbox 757 2979 815 3027; x_wconf 92' lang='lat' dir='ltr'>de</span> <span class='ocrx_word' id='word_1_233' title='bbox 841 2978 1051 3027; x_wconf 85' lang='lat' dir='ltr'>Lethnot</span> <span class='ocrx_word' id='word_1_234' title='bbox 1092 3006 1101 3015; x_wconf 91' lang='lat'><strong>·</strong></span> <span class='ocrx_word' id='word_1_235' title='bbox 1138 2978 1358 3025; x_wconf 82' lang='lat' dir='ltr'>Secunda,</span> <span class='ocrx_word' id='word_1_236' title='bbox 1382 2976 1550 3024; x_wconf 88' lang='lat' dir='ltr'>citatio</span> <span class='ocrx_word' id='word_1_237' title='bbox 1591 3004 1600 3013; x_wconf 91' lang='lat'><strong>·</strong></span> 
     </span>
    </p>
   </div>
   <div class='ocr_carea' id='block_1_4' title="bbox 275 3103 2505 3370">
    <p class='ocr_par' dir='ltr' id='par_1_5' title="bbox 275 3103 2505 3370">
     <span class='ocr_line' id='line_1_26' title="bbox 275 3103 2500 3186; baseline -0.004 -2"><span class='ocrx_word' id='word_1_238' title='bbox 275 3136 532 3185; x_wconf 88' lang='lat' dir='ltr'>XXVIII.</span> <span class='ocrx_word' id='word_1_239' title='bbox 567 3103 648 3185; x_wconf 85' lang='lat' dir='ltr'>In</span> <span class='ocrx_word' id='word_1_240' title='bbox 683 3137 871 3186; x_wconf 90' lang='lat' dir='ltr'>nomine</span> <span class='ocrx_word' id='word_1_241' title='bbox 908 3135 1107 3184; x_wconf 90' lang='lat' dir='ltr'>Domini</span> <span class='ocrx_word' id='word_1_242' title='bbox 1144 3136 1297 3182; x_wconf 91' lang='lat' dir='ltr'>Amen</span> <span class='ocrx_word' id='word_1_243' title='bbox 1336 3161 1346 3171; x_wconf 88' lang='lat'><strong>·</strong></span> <span class='ocrx_word' id='word_1_244' title='bbox 1387 3131 1531 3181; x_wconf 92' lang='lat' dir='ltr'>Anno</span> <span class='ocrx_word' id='word_1_245' title='bbox 1567 3129 1920 3178; x_wconf 87' lang='lat' dir='ltr'>Incarnationis</span> <span class='ocrx_word' id='word_1_246' title='bbox 1956 3128 2208 3176; x_wconf 91' lang='lat' dir='ltr'>Dominice</span> <span class='ocrx_word' id='word_1_247' title='bbox 2251 3127 2500 3175; x_wconf 87' lang='lat' dir='ltr'>millesimo</span> 
     </span>
     <span class='ocr_line' id='line_1_27' title="bbox 560 3217 2502 3292; baseline -0.006 -17"><span class='ocrx_word' id='word_1_248' title='bbox 560 3225 1024 3292; x_wconf 85' lang='lat' dir='ltr'>quadringentesimo</span> <span class='ocrx_word' id='word_1_249' title='bbox 1047 3221 1480 3286; x_wconf 88' lang='lat' dir='ltr'>tricesimo-quinto</span> <span class='ocrx_word' id='word_1_250' title='bbox 1503 3220 1762 3269; x_wconf 89' lang='lat' dir='ltr'>secundum</span> <span class='ocrx_word' id='word_1_251' title='bbox 1788 3234 1977 3266; x_wconf 91' lang='lat' dir='ltr'>cursum</span> <span class='ocrx_word' id='word_1_252' title='bbox 2014 3222 2063 3265; x_wconf 91' lang='lat' dir='ltr'>et</span> <span class='ocrx_word' id='word_1_253' title='bbox 2100 3217 2502 3291; x_wconf 85' lang='lat' dir='ltr'>computationem</span> 
     </span>
     <span class='ocr_line' id='line_1_28' title="bbox 560 3306 2505 3370; baseline -0.006 -6"><span class='ocrx_word' id='word_1_254' title='bbox 560 3315 777 3364; x_wconf 87' lang='lat' dir='ltr'>Ecclesie</span> <span class='ocrx_word' id='word_1_255' title='bbox 837 3313 1089 3362; x_wconf 89' lang='lat' dir='ltr'>Scoticane</span> <span class='ocrx_word' id='word_1_256' title='bbox 1148 3311 1323 3361; x_wconf 90' lang='lat' dir='ltr'>mensis</span> <span class='ocrx_word' id='word_1_257' title='bbox 1370 3308 1618 3358; x_wconf 85' lang='lat' dir='ltr'>Februarii</span> <span class='ocrx_word' id='word_1_258' title='bbox 1666 3308 1741 3355; x_wconf 89' lang='lat' dir='ltr'>die</span> <span class='ocrx_word' id='word_1_259' title='bbox 1790 3307 1942 3370; x_wconf 88' lang='lat' dir='ltr'>prima</span> <span class='ocrx_word' id='word_1_260' title='bbox 1999 3306 2258 3354; x_wconf 90' lang='lat' dir='ltr'>indictione</span> <span class='ocrx_word' id='word_1_261' title='bbox 2321 3306 2505 3353; x_wconf 85' lang='lat' dir='ltr'>decima</span> 
     </span>
    </p>
   </div>
   <div class='ocr_carea' id='block_1_5' title="bbox 1509 3414 1542 3462">
    <p class='ocr_par' dir='ltr' id='par_1_6' title="bbox 1509 3414 1542 3462">
     <span class='ocr_line' id='line_1_29' title="bbox 1509 3414 1542 3462; baseline 0 0"><span class='ocrx_word' id='word_1_262' title='bbox 1509 3414 1542 3462; x_wconf 77' lang='lat'><em>9</em></span> 
     </span>
    </p>
   </div>
  </div>
 </body>
</html>
