3016 3958
113 879 309 921 CCCLX
317 879 467 921 XVII.

92 2253 471 2297 COOLXXVIII.

975 621 1294 677 CARTAE
1334 619 1968 677 MISCELLANEAE.
2335 624 2447 678 365

493 868 763 937 preceptum
785 885 904 925 carte
925 882 1165 924 feudifirme
1186 882 1301 925 facte
1332 912 1343 924 .
1371 912 1380 924 .
1410 914 1419 924 .
1447 881 1659 938 magistro
1682 880 1710 923 J
1713 881 1846 924 aeobo
1870 881 2127 937 Bannetyne
2159 881 2299 923 scribe
2322 895 2452 938 super

493 997 502 1006 .
539 993 549 1004 .
584 993 593 1003 .
624 962 756 1005 terris
777 966 822 1005 et
841 962 955 1005 acris
975 966 1193 1005 terrarum
1216 962 1267 1004 (le
1289 961 1551 1018 Magdalene
1574 960 1757 1018 Chapell
1788 975 1888 1003 cum
1919 961 2118 1004 domibus
2140 961 2320 1003 edificiis
2352 993 2362 1004 .
2395 994 2404 1004 .
2439 994 2449 1004 .

492 1047 537 1085 et
558 1042 648 1085 suis
669 1043 945 1099 pertinentiis
965 1043 1293 1099 quibuscunque
1316 1056 1431 1084 nunc
1463 1074 1472 1084 .
1508 1074 1517 1084 .
1551 1074 1561 1084 .
1594 1041 1817 1098 occupatis
1848 1055 1928 1098 per
1960 1040 2176 1084 Joannem
2209 1041 2374 1083 Willok
2404 1043 2450 1083 in

491 1122 731 1179 Magdalen
763 1121 948 1178 Chapell
975 1122 1225 1177 jacentibus
1257 1122 1373 1164 infra
1404 1121 1754 1164 vicecomitatum
1787 1121 1839 1163 de
1874 1121 2034 1164 Fotifar
2066 1122 2182 1164 inter
2216 1127 2359 1164 terras
2394 1123 2447 1164 de

492 1204 728 1246 Isakstoun
747 1206 826 1246 aut
845 1202 1037 1245 Bewello
1068 1217 1122 1245 ex
1154 1201 1355 1245 orientali
1385 1205 1527 1244 terras
1549 1201 1601 1243 de
1625 1201 1862 1244 Isakstoun
1889 1205 1967 1245 aut
1987 1201 2103 1244 Auld
2128 1202 2371 1245 Montroiss
2391 1217 2446 1244 ex

493 1283 678 1326 australi
707 1287 849 1325 terras
880 1283 933 1324 de
966 1283 1102 1324 Arrot
1132 1297 1186 1324 ex
1217 1264 1473 1324 occidentali
1507 1286 1551 1324 et
1580 1284 1723 1324 terras
1753 1281 1806 1324 de
1838 1281 2135 1325 Lichtounhill
2170 1286 2248 1325 aut
2279 1297 2447 1325 moram

491 1363 544 1404 de
584 1363 720 1405 Arrot
760 1377 813 1404 ex
855 1362 1020 1405 boreali
1060 1358 1273 1418 partibus,
1316 1376 1502 1404 unacum
1543 1365 1662 1404 terra
1701 1366 1829 1404 vasta
1867 1377 1955 1405 non
1999 1362 2200 1405 edificata
2238 1367 2448 1419 tanquam

492 1443 715 1485 mansione
751 1442 808 1484 lie
842 1456 968 1484 mans
1003 1445 1160 1484 vocata
1194 1455 1293 1483 cum
1322 1441 1449 1483 horto
1482 1441 1622 1484 crofta
1652 1446 1698 1483 et
1730 1442 2006 1498 pertinentiis
2037 1443 2230 1485 eiusdem
2260 1443 2444 1486 fundata

488 1522 603 1564 infra
644 1522 879 1565 Ciuitatem
919 1522 971 1563 de
1013 1521 1200 1563 Brechin
1239 1535 1354 1563 nunc
1396 1525 1606 1578 occupata
1649 1536 1728 1577 per
1771 1522 1953 1565 heredes
1994 1523 2211 1579 quondam
2255 1523 2440 1576 Walteri

489 1602 658 1645 Liddell
679 1603 725 1644 in
747 1602 934 1644 Brechin
949 1592 1124 1657 jacente
1154 1604 1205 1644 ut
1235 1615 1393 1658 supra3
1427 1601 1693 1658 Quequidem
1717 1606 1834 1645 terre
1856 1603 2057 1659 perprius
2087 1604 2365 1660 pertinebant
2385 1606 2440 1647 ad

491 1683 704 1740 capellam
734 1683 787 1725 de
815 1681 1052 1739 Magdalen
1086 1715 1094 1723 .
1128 1714 1138 1724 .
1170 1714 1182 1725 .
1213 1682 1398 1724 tenende
1431 1712 1443 1723 .
1475 1714 1485 1724 .
1518 1714 1528 1724 .
1559 1682 1612 1724 de
1643 1715 1653 1724 .
1687 1714 1696 1724 .
1771 1682 1944 1725 domino
1967 1684 2087 1740 Rege
2113 1688 2157 1727 et
2186 1686 2446 1728 successori-

489 1766 571 1807 bus
607 1764 697 1807 suis
731 1764 776 1806 in
810 1763 1055 1805 feudifirma
1090 1766 1134 1805 et
1170 1762 1410 1804 hereditate
1445 1762 1765 1819 imperpetuum
1799 1793 1810 1804 .
1843 1796 1853 1805 .
1887 1796 1896 1805 .
1931 1763 2165 1806 Reddendo
2197 1796 2207 1806 .
2242 1797 2250 1806 .
2282 1796 2292 1807 .
2327 1779 2442 1806 sum-

491 1859 605 1887 mam
626 1845 774 1886 decem
793 1844 1003 1886 librarum
1023 1843 1231 1885 tredecim
1254 1842 1490 1906 solidorum
1516 1846 1562 1885 ct
1591 1846 1781 1898 quatuor
1801 1843 2077 1887 denariorum
2109 1849 2282 1887 monete
2312 1846 2442 1888 huius

493 1927 617 1982 regni
637 1929 810 1968 tantum
844 1956 854 1966 .
887 1956 896 1966 .
930 1955 941 1966 .
972 1924 1103 1981 Apud
1124 1924 1402 1980 Edinburght
1421 1923 1662 1979 penultimo
1694 1924 1762 1966 die
1795 1925 1958 1967 mensis
1987 1924 2097 1968 Julii
2128 1939 2243 1969 anno
2265 1925 2441 1969 Domini

496 2006 725 2049 millesimo
748 2005 1097 2063 quingentesimo
1118 2004 1400 2060 nonagesimo
1421 2005 1561 2061 primo
1594 2004 1617 2045 .’

498 2238 767 2306 Preceptum
809 2252 927 2292 carte
967 2248 1208 2291 feudifirme
1249 2247 1363 2290 facte
1396 2280 1406 2291 .
1440 2279 1449 2289 .
1483 2280 1492 2290 .
1524 2248 1736 2303 magistro
1777 2248 2027 2291 Alexandro
2065 2247 2201 2290 Norie
2243 2248 2441 2291 ministro

499 2331 615 2387 apud
881 2344 1010 2386 super
1043 2360 1053 2371 .
1085 2359 1096 2372 .
1128 2360 1138 2371 .
1169 2328 1246 2371 illa
1265 2328 1489 2371 mansione
1511 2342 1608 2370 cum
1630 2327 1826 2370 cubiculo
1845 2328 1974 2370 horto
1994 2331 2040 2370 et
2061 2328 2151 2370 suis
2172 2328 2447 2384 pertinentiis

495 2414 669 2467 jacente
701 2426 755 2453 ex
783 2414 908 2467 parte
940 2409 1196 2453 occidentali
1227 2408 1432 2451 Ciuitatis
1463 2407 1787 2450 Breichinensis
1816 2407 1932 2450 inter
1958 2407 2173 2450 venellam
2204 2422 2291 2464 qua
2311 2408 2401 2451 itur
2420 2423 2447 2450 a

502 2492 684 2548 collegio
706 2492 818 2533 dicte
842 2490 1048 2534 Ciuitatis
1069 2490 1124 2532 ad
1145 2504 1289 2532 arcem
1306 2488 1499 2531 eiusdem
1520 2488 1574 2529 ad
1596 2487 1793 2530 occidens
1814 2487 2081 2530 mansionem
2102 2487 2253 2530 decani
2271 2487 2451 2531 Breich-

501 2573 666 2615 inensis
696 2573 752 2614 ad
782 2572 926 2614 oriens
950 2570 1164 2614 venellam
1197 2584 1283 2625 qua
1311 2569 1402 2611 itur
1426 2569 1481 2611 ab
1513 2567 1696 2610 ecclesia
1726 2567 1966 2610 cathedrali
1997 2599 2008 2609 .
2042 2598 2052 2608 .
2085 2600 2095 2610 .
2127 2568 2182 2610 ad
2213 2567 2445 2624 collegium

501 2654 694 2697 eiusdem
729 2652 969 2708 vulgariter
1002 2652 1077 2694 the
1113 2649 1243 2693 West
1278 2649 1393 2691 Kirk
1430 2648 1532 2691 Gait
1570 2650 1866 2703 nuncupatam
1901 2647 1957 2689 ad
1996 2647 2172 2690 boream
2208 2650 2447 2691 torrentem

504 2733 686 2790 Collegii
719 2731 1027 2775 Brechinensis
1060 2731 1115 2773 ad
1147 2733 1373 2774 austrum:
1414 2727 1674 2785 quequidem
1705 2726 1875 2769 mansio
1910 2741 2008 2768 cum
2045 2760 2054 2770 .
2093 2759 2103 2770 .
2138 2759 2148 2771 .
2187 2729 2277 2772 suis
2313 2729 2447 2785 perti-

504 2814 664 2859 nentiis
698 2813 897 2870 perprius
932 2812 1115 2855 rectorie
1150 2811 1204 2853 de
1239 2809 1431 2852 Kilmoir
1464 2812 1674 2865 tanquam
1705 2821 1836 2849 unam
1866 2811 2036 2864 partem
2066 2809 2317 2866 patrimonii
2349 2841 2359 2851 .
2394 2841 2404 2851 .
2439 2843 2448 2852 .

505 2893 791 2951 (pertinebat)
826 2926 834 2935 .
868 2926 877 2935 .
911 2925 921 2935 .
951 2891 1140 2935 tenenda
1173 2923 1181 2932 .
1214 2923 1223 2932 .
1257 2923 1266 2932 .
1298 2890 1351 2931 de
1383 2922 1392 2931 .
1425 2920 1435 2932 .
1469 2922 1478 2932 .
1510 2889 1684 2932 domino
1705 2890 1825 2946 Rege
1856 2894 1902 2932 et
1931 2890 2255 2932 successoribus
2282 2891 2373 2933 suis
2403 2892 2448 2933 in

505 2974 749 3016 feudifirma
781 3006 791 3016 .
824 3005 833 3015 .
868 3003 878 3014 .
910 2976 955 3014 et
979 2971 1221 3014 hereditate
1252 2970 1570 3025 imperpetuum
1603 3002 1612 3011 .
1647 2999 1658 3011 .
1693 3001 1702 3011 .
1734 2969 1969 3012 Reddendo
2001 3002 2011 3012 .
2044 3002 2054 3013 .
2088 3002 2098 3012 .
2131 2983 2344 3013 summam
2364 2975 2451 3013 tre-

504 3056 641 3098 decim
673 3054 910 3097 solidorum
941 3054 1129 3108 quatuor
1158 3049 1433 3092 denariorum
1466 3082 1475 3091 .
1508 3081 1518 3091 .
1551 3080 1560 3090 .
1591 3053 1765 3091 monete
1796 3049 1926 3091 huius
1956 3050 2081 3106 regni
2117 3051 2173 3093 ad
2207 3051 2317 3094 duos
2347 3052 2450 3094 anni

506 3135 717 3178 terminos
734 3136 965 3176 consuetos
1000 3164 1008 3174 .
1039 3163 1050 3174 .
1083 3162 1092 3172 .
1124 3131 1297 3173 nomine
1317 3129 1572 3180 feudifirme‚
1596 3143 1763 3172 necnon
1783 3129 1965 3172 heredes
1981 3129 2085 3173 dicti
2099 3131 2299 3187 magistri
2322 3132 2455 3174 Alex-

510 3217 634 3258 andri
665 3214 925 3271 duplicando
957 3213 1117 3254 dictam
1147 3209 1432 3252 feudifirmam
1460 3208 1600 3265 primo
1631 3223 1746 3252 anno
1777 3223 1927 3251 eorum
1957 3205 2164 3253 introitus
2196 3242 2207 3253 .
2240 3244 2248 3254 .
2282 3244 2291 3254 .
2325 3213 2454 3268 Apud

509 3295 724 3338 Falkland
754 3294 918 3336 decimo
947 3293 1098 3348 quinto
1130 3291 1198 3333 die
1229 3289 1392 3332 mensis
1422 3288 1613 3345 Augusti
1642 3303 1756 3331 anno
1786 3287 1962 3331 Domini
1992 3290 2222 3334 millesimo
2247 3292 2456 3349 quingen-

507 3375 662 3418 tesimo
685 3373 965 3430 nonagesimo
986 3373 1124 3428 primo
1158 3402 1168 3413 .
