3016 3958
1008 611 1330 668 CARTAE
1369 613 2001 669 MISCELLANEAE.
2373 613 2486 671 279

530 878 665 923 Carta
685 883 902 924 terrarum
923 882 977 925 de
999 883 1246 927 Findowrie
1266 884 1494 928 Willelmo
1516 884 1780 942 Dempstare
1812 915 1824 927 .

200 1025 500 1068 CCXXXIV.
530 1013 776 1072 Uniuersis
807 1034 852 1073 et
882 1031 1067 1088 singulis
1098 1032 1212 1075 alme
1242 1033 1398 1076 matris
1418 1033 1599 1076 ecclesie
1619 1032 1723 1075 filiis
1755 1063 1767 1074 .
1802 1065 1811 1074 .
1842 1064 1852 1075 .
1885 1032 2114 1075 «Iohannes
2146 1066 2156 1074 .
2190 1065 2199 1074 .
2234 1062 2246 1073 .
2278 1031 2485 1073 Brechin-

527 1108 645 1151 ensis
685 1110 915 1167 episcopus
957 1111 1154 1154 Salutem
1196 1144 1207 1156 .
1251 1145 1262 1156 .
1305 1145 1316 1156 .
1359 1113 1588 1156 Noueritis
1633 1127 1714 1156 nos
1759 1127 1859 1156 cum
1903 1113 2099 1155 unanimi
2140 1126 2355 1156 consensu
2388 1145 2398 1154 .
2431 1145 2440 1153 .
2474 1145 2482 1154 .

526 1188 678 1231 decani
699 1182 1005 1233 canonicorum
1025 1195 1071 1234 et
1091 1192 1271 1248 capituli
1286 1192 1427 1235 nostri
1448 1193 1627 1235 ecclesie
1649 1192 1913 1235 cathedralis
1935 1193 2243 1236 Brechinensis
2275 1226 2285 1234 .
2317 1226 2327 1235 .
2359 1225 2370 1234 .
2404 1193 2484 1235 hac

525 1269 720 1324 presenti
740 1274 864 1313 carta
878 1275 1032 1314 nostra
1062 1272 1343 1315 confirmasse
1375 1304 1385 1315 .
1418 1304 1427 1314 .
1463 1302 1474 1314 .
1504 1271 1663 1314 dilecto
1693 1276 1846 1315 nostro
1877 1271 2103 1315 Willelmo
2134 1272 2398 1330 Dempstare
2428 1273 2481 1314 de

528 1349 843 1393 Oarraldstoun
873 1351 1107 1394 heredibus
1138 1352 1231 1394 suis
1260 1355 1306 1394 et
1334 1351 1574 1408 assignatis
1595 1366 1747 1395 omnes
1777 1356 1823 1395 et
1843 1352 2042 1409 singulas
2069 1356 2214 1396 terras
2234 1359 2409 1396 nostras
2430 1353 2483 1395 de

526 1429 785 1486 Fyndowrie
818 1462 829 1472 .
862 1464 871 1473 .
905 1464 915 1474 .
949 1431 1003 1473 In
1023 1432 1147 1474 cuius
1167 1432 1233 1474 rei
1251 1432 1552 1475 testimonium
1564 1432 1666 1474 huic
1686 1432 1877 1488 presenti
1899 1446 2012 1475 noue
2032 1432 2341 1476 infeodationis
2363 1438 2483 1476 carte

524 1513 675 1553 nostre
695 1524 830 1553 manu
850 1515 1005 1554 nostra
1024 1512 1268 1569 subscripte
1293 1512 1487 1569 sigillum
1517 1515 1718 1555 nostrum
1748 1512 1985 1556 rotundum
2014 1517 2085 1557 est
2113 1527 2355 1570 appensum
2377 1529 2485 1557 una-

525 1603 622 1632 cum
645 1591 1037 1648 subscriptionibus
1057 1592 1335 1635 manualibus
1355 1592 1571 1635 dictorum
1591 1592 1746 1636 decani
1765 1597 1811 1636 et
1831 1594 2140 1637 canonicorum
2160 1608 2212 1637 ac
2242 1597 2485 1638 communis

524 1670 666 1712 nostri
716 1671 898 1728 capituli
951 1672 1162 1716 antedicti
1218 1673 1353 1730 sigilli
1403 1674 1671 1730 appensione
1710 1673 1756 1716 in
1797 1674 1867 1717 sui
1907 1689 2147 1718 consensus
2182 1708 2189 1716 .
2223 1709 2233 1718 .
2269 1708 2278 1717 .
2310 1677 2484 1733 signum

525 1750 580 1792 ad
609 1751 826 1807 premissa
853 1753 970 1808 apud
1000 1753 1161 1795 dictam
1195 1752 1430 1796 Ciuitatem
1459 1761 1656 1797 nostram
1686 1754 2025 1798 Brechinensem
2063 1756 2133 1798 die
2167 1756 2334 1798 decimo
2370 1772 2484 1800 nono

525 1831 689 1874 mensis
719 1832 913 1889 Augusti
933 1847 1048 1875 anno
1079 1832 1258 1875 Domini
1290 1833 1523 1877 millesimo
1552 1835 1902 1892 quingentesimo
1932 1836 2267 1894 quadragesimo
2299 1838 2484 1895 septimo

525 1915 571 1954 et
590 1913 931 1956 consecrationis
951 1917 1101 1956 nostre
1121 1928 1236 1957 anno
1259 1914 1463 1957 vicesimo
1484 1918 1641 1971 quarto
1662 1929 1809 1958 coram
1839 1915 1926 1959 hiis
1945 1917 2134 1960 testibus
2155 1917 2185 1960 J
2186 1918 2320 1960 acobo
2342 1917 2481 1960 Lamb

527 1991 697 2035 Thoma
714 1992 855 2049 Wyot
874 1993 1063 2037 dominis
1082 1993 1248 2037 Jacobo
1267 1993 1452 2038 Roberti
1471 1995 1773 2039 commissario
1793 1996 2079 2040 Brechinensi
2100 1998 2130 2040 J
2130 1999 2265 2042 acobo
2294 1999 2483 2041 Annand

525 2072 750 2128 magistris
771 2073 941 2116 Thoma
959 2074 1223 2117 Andersoun
1243 2078 1289 2117 et
1307 2074 1477 2118 Thoma
1492 2074 1664 2119 Bowsie
1677 2076 1862 2119 notariis
1881 2077 2067 2133 publicis
2087 2078 2273 2135 aliisque
2293 2079 2481 2121 diuersis

874 2153 944 2197 Jo.
967 2153 1211 2211 Episcopus
1231 2154 1542 2198 Brechinensis
1572 2188 1582 2198 .

875 2232 1092 2277 Dominus
1112 2234 1142 2276 J
1144 2235 1307 2277 acobus
1330 2235 1628 2291 Skrymgeour
1645 2240 1878 2293 precentor
1909 2269 1919 2279 .

874 2313 1019 2357 Dauid
1041 2315 1220 2358 Pitcarn
1241 2315 1588 2359 Archidiaconus
1609 2316 1918 2360 Brechinensis
1951 2350 1961 2360 .

875 2393 1021 2437 Dauid
1041 2394 1272 2452 Lyndesay
1291 2396 1607 2452 prebendarius
1627 2398 1681 2439 de
1705 2397 1902 2454 Fynevin
1934 2431 1943 2441 .

879 2474 908 2517 J
911 2475 1107 2517 ohannes
1128 2474 1361 2518 Cokburne
1382 2480 1529 2519 rector
1548 2476 1602 2518 de
1623 2477 1815 2520 Kilmoir
1847 2508 1858 2519 .

873 2554 1124 2597 Alexander
1144 2555 1314 2612 Turing
1334 2555 1633 2599 Cancellarius
1654 2557 1963 2601 Brechinensis
1993 2592 2003 2601 .

873 2634 903 2676 J
904 2635 1067 2677 acobus
1086 2635 1180 2677 Ard
1201 2636 1503 2679 thesaurarius
1533 2636 1841 2681 Brechinensis
1872 2670 1882 2680 .

875 2714 1096 2758 Robertus
1119 2714 1246 2758 Steill
1267 2716 1539 2759 subdecanus
1560 2717 1869 2761 Brechinensis
1889 2733 2022 2762 manu
2043 2722 2221 2778 propria
2251 2756 2260 2765 .

877 2794 906 2836 J
909 2795 1104 2838 ohannes
1126 2794 1346 2837 Meldrum
1368 2800 1513 2838 rector
1532 2796 1586 2838 de
1611 2796 1868 2855 Burtergyll
1903 2831 1912 2840 .

221 3042 503 3085 CCXXXV,
528 3023 885 3079 Instrumentum
921 3035 1111 3078 saisinae
1147 3050 1278 3092 super
1311 3040 1543 3093 praecepto
1579 3038 1681 3081 dato
1717 3039 1787 3082 die
1823 3044 1869 3083 et
1903 3055 2020 3084 anno
2056 3042 2218 3086 eisdem
2254 3048 2300 3087 et
2336 3059 2481 3088 coram

528 3116 691 3159 eisdem
710 3116 899 3159 testibus
919 3116 1078 3173 quibus
1098 3116 1144 3158 in
1172 3119 1295 3159 carta
1325 3117 1622 3174 suprascripta
1651 3133 1731 3175 per
1759 3119 1923 3163 dictum
1953 3121 1983 3164 J
1985 3122 2201 3166 ohannem
2231 3125 2480 3182 episcopum

527 3197 864 3240 Brechinensem
893 3197 923 3240 J
925 3198 1088 3241 ohanni
1116 3197 1311 3254 Ramsay
1342 3201 1388 3240 et
1417 3197 1563 3240 Dauid
1593 3199 1820 3242 Fentoune
1847 3202 1940 3244 suis
1969 3203 2144 3246 ballivis
2171 3208 2223 3248 ut
2256 3206 2482 3248 traderent

527 3277 736 3320 saisinam
755 3277 1055 3333 praefatarum
1074 3280 1291 3320 terrarum
1311 3277 1365 3320 de
1387 3277 1634 3321 Findowrie
1653 3279 1874 3323 antedicto
1900 3281 2130 3327 Willelmo
2161 3283 2399 3342 Dempster
2427 3286 2480 3328 de

526 3356 867 3400 Oarraldstoune
899 3387 911 3398 .
944 3356 1118 3400 Saisina
1138 3356 1303 3400 tradita
1330 3371 1478 3400 coram
1507 3357 1578 3401 his
1607 3360 1797 3404 testibus
1826 3360 2036 3406 Villelmo
2066 3363 2247 3420 Lyoune
2267 3366 2320 3409 de
2351 3366 2482 3409 Ester
