3016 3958
1080 626 1373 682 OARTAE
1418 626 1917 683 ORIGINALES.
2397 630 2466 681 41

518 818 566 862 et
607 814 863 863 utilitatem
907 816 1034 864 dicte
1076 816 1282 886 ecclesie⁴
1322 816 1611 866 cathedralis
1658 816 2056 865 concernentibus
2099 820 2149 864 et
2190 816 2462 879 specialiter

516 919 657 967 super
695 905 896 954 materia
934 906 1013 954 hic
1053 906 1248 955 inferius
1295 906 1475 955 inserta
1513 934 1522 944 ·
1561 905 1651 954 Cui
1698 922 1809 954 vero
1856 905 2110 954 assertioni
2155 909 2254 953 tam
2304 905 2460 953 dictus

515 995 801 1044 reuerendus
823 999 962 1059 pater
984 1011 1126 1060 quam
1161 995 1306 1043 etiam
1331 994 1412 1042 alii
1437 995 1654 1043 canonici
1690 994 1835 1042 etiam
1873 999 1923 1042 et
1960 995 2178 1042 dominus
2210 994 2244 1040 J
2249 993 2459 1042 ohannes

515 1081 664 1130 Steile
688 1083 900 1133 notarius
923 1083 1138 1148 publicus
1160 1084 1486 1132 testimonium
1510 1083 1850 1147 perhibuerunt
1889 1111 1899 1121 ·
1940 1083 2046 1139 Quo
2080 1083 2210 1130 facto
2246 1082 2459 1146 prefatus

513 1171 730 1222 dominus
775 1173 983 1222 decanus
1031 1174 1092 1221 ad
1138 1173 1347 1222 hostium
1394 1172 1593 1237 capituli
1634 1172 1840 1236 predicti
1886 1171 2202 1236 personaliter
2249 1172 2455 1221 accessit

512 1260 777 1324 ibidemque
835 1261 1077 1311 universos
1123 1266 1173 1310 et
1224 1261 1433 1325 singulos
1484 1261 1739 1310 canonicos
1796 1265 1845 1310 et
1906 1261 2246 1325 prebendarios
2303 1261 2455 1310 eccle-

508 1349 576 1397 sie
623 1350 837 1413 predicte
874 1349 1152 1413 singillatim
1191 1355 1240 1398 et
1279 1350 1560 1399 nominatim
1595 1350 1816 1414 repetitis
1854 1350 2037 1399 vicibus
2083 1354 2138 1398 ut
2186 1350 2331 1399 moris
2381 1355 2455 1398 est

508 1455 592 1502 per
629 1440 878 1503 quemdam
916 1438 1212 1503 capellanum
1249 1439 1364 1487 fecit
1404 1439 1655 1486 convocari
1694 1467 1703 1476 ·
1743 1439 1926 1494 Quibus
1951 1439 2229 1488 conuocatis
2253 1443 2303 1488 et
2328 1455 2455 1487 com-

506 1529 782 1592 parentibus
804 1533 1005 1593 protunc
1029 1528 1331 1592 presentibus
1354 1528 1568 1591 prefatus
1592 1529 1882 1576 reuerendus
1900 1532 2040 1592 pater
2063 1528 2253 1577 diuersa
2276 1532 2455 1592 puncta

505 1618 763 1681 proposuit,
789 1621 838 1666 et
862 1618 988 1667 inter
1010 1617 1106 1665 alia
1130 1616 1334 1681 qualiter
1358 1616 1562 1667 ecclesia
1585 1616 1875 1666 cathedralis
1897 1618 2115 1681 predicta
2138 1618 2452 1666 communitas

505 1711 554 1754 et
591 1706 847 1770 capitulum
887 1707 1102 1755 existunt
1139 1710 1422 1770 paupertate
1446 1710 1647 1769 grauata
1670 1722 1854 1755 necnon
1880 1707 2178 1756 vestimentis
2202 1707 2452 1756 ecclesias-

502 1796 612 1844 ticis
648 1811 705 1843 ac
742 1796 914 1845 ceteris
948 1796 1238 1844 ornamentis
1278 1796 1339 1842 ad
1379 1796 1597 1844 decorem
1636 1799 1685 1843 et
1725 1796 2061 1846 necessitatem
2086 1797 2213 1845 dicte
2250 1797 2449 1846 ecclesie

503 1886 743 1950 requisitis
779 1885 969 1950 penitus
1006 1886 1239 1934 destituta
1277 1914 1286 1923 -
1326 1885 1444 1933 Ideo
1478 1901 1642 1934 omnes
1679 1886 1883 1949 predicti
1907 1885 2122 1935 volentes
2145 1887 2344 1951 prefatis
2369 1888 2449 1934 de-

500 1975 703 2023 fectibus
740 1975 998 2023 remedium
1021 1990 1284 2038 proponere
1309 1978 1608 2038 oportunum,
1640 1973 1868 2024 Unanimi
1895 1991 2128 2025 consensu
2163 1980 2212 2024 et
2247 1992 2445 2025 assensu

500 2068 686 2112 matura
724 2063 1064 2114 deliberatione
1101 2064 1387 2127 precedente
1426 2063 1747 2112 deliberarunt
1787 2064 2122 2114 concluserunt
2158 2068 2207 2112 et
2242 2065 2304 2111 ad
2339 2081 2444 2128 per-

497 2159 690 2218 petuam
728 2154 796 2202 rei
833 2153 1107 2202 memoriam
1146 2153 1445 2201 concorditer
1483 2156 1759 2201 statuerunt
1798 2154 1922 2216 quod
1959 2169 2045 2216 pro
2075 2153 2371 2202 vestimentis
2395 2158 2444 2200 et

498 2243 786 2291 ornamentis
823 2244 871 2290 in
909 2243 1039 2291 dicta
1061 2241 1264 2291 ecclesia
1287 2243 1499 2291 emendis
1535 2246 1584 2290 et
1621 2243 1917 2299 renouandis,
1945 2241 2158 2298 Quilibet
2194 2242 2442 2306 episcopus

497 2334 546 2380 in
569 2349 654 2381 suo
677 2349 802 2381 nouo
826 2331 1024 2380 introitu
1047 2347 1104 2379 ac
1129 2333 1337 2380 decanus
1372 2335 1421 2379 et
1457 2331 1629 2394 singuli
1654 2332 1868 2380 canonici
1895 2332 1997 2396 pari
2021 2333 2172 2380 forma
2197 2333 2255 2379 de
2279 2332 2442 2395 primis

497 2426 730 2474 fructibus
754 2442 942 2474 suorum
967 2426 1301 2473 beneficiorum
1331 2425 1571 2474 soluerent
1598 2427 1738 2473 modo
1777 2430 1826 2474 et
1863 2427 2015 2474 forma
2051 2431 2103 2474 ut
2138 2426 2442 2489 subsequitur

499 2520 547 2564 et
573 2517 630 2563 de
653 2516 743 2564 hoc
778 2519 890 2563 ante
925 2531 1058 2563 suam
1083 2515 1404 2579 receptionem
1442 2531 1471 2562 a
1508 2514 1719 2578 capitulo
1745 2516 1913 2562 darent
1938 2516 2109 2563 bonam
2135 2515 2438 2564 securitatem

498 2610 547 2654 et
588 2605 803 2653 manibus
845 2605 1011 2652 decani
1052 2603 1127 2651 vel
1163 2604 1354 2652 maioris
1393 2605 1451 2651 de
1489 2603 1698 2667 capitulo
1735 2604 1783 2650 in
1819 2620 1905 2652 sua
1927 2604 2146 2651 absentia
2169 2603 2438 2651 cautionem

498 2698 766 2759 prestarent
783 2692 1064 2755 juratoriam
1103 2721 1112 2729 ·
1151 2692 1216 2740 Et
1241 2692 1392 2755 primo
1418 2691 1682 2755 Episcopus
1707 2692 1817 2754 quia
1852 2692 2190 2755 prebendarius
2225 2693 2283 2740 de
2320 2693 2437 2739 Bre-

498 2785 635 2833 chine
661 2783 815 2833 soluet
841 2784 1002 2831 decem
1030 2797 1213 2830 marcas
1238 2785 1426 2828 monete
1452 2780 1687 2828 currentis
1722 2796 1807 2843 pro
1831 2784 2045 2844 tempore
2069 2797 2155 2844 pro
2179 2797 2330 2845 cappa
2354 2797 2436 2829 sue

498 2874 734 2938 prebende
775 2872 989 2936 predicte
1028 2899 1038 2908 ·
1076 2870 1203 2918 Item
1242 2870 1478 2925 Decanus,
1518 2870 1789 2924 Precentor,
1828 2868 2226 2925 Archidiaconus‚
2275 2869 2439 2917 Wica-

499 2964 608 3019 rius,
652 2963 875 3017 Lethnot‚
918 2960 1218 3022 Glenberwy‚
1266 2958 1464 3022 quilibet
1507 2958 1713 3021 quinque
1757 2974 1942 3007 marcas
1979 2986 1988 2995 ·
2027 2959 2094 3005 Et
2135 2973 2299 3006 omnes
2344 2957 2436 3005 alie

500 3053 756 3116 dignitates
793 3055 842 3098 et
879 3049 1118 3114 prebende
1157 3047 1367 3111 quelibet
1392 3047 1708 3110 quadraginta
1731 3046 1907 3095 solidos
1946 3075 1955 3084 -
1993 3047 2070 3094 De
2097 3051 2146 3094 et
2170 3062 2312 3110 super
2336 3047 2437 3110 qui-

499 3143 586 3190 bus
609 3141 824 3190 omnibus
861 3143 911 3187 et
947 3137 1143 3201 singulis
1180 3136 1393 3200 prefatus
1417 3135 1702 3183 reuerendus
1725 3138 1863 3198 pater
1886 3151 1915 3182 a
1939 3151 2013 3182 me
2037 3135 2223 3183 notario
2247 3134 2436 3199 publico

500 3231 764 3294 subscripto
805 3228 896 3277 sibi
935 3227 1035 3275 fieri
1075 3226 1216 3290 petiit
1259 3223 1495 3287 publicum
1540 3225 1903 3272 instrumentum
1952 3223 2026 3272 vel
2072 3224 2387 3273 instrumenta
2425 3253 2434 3261 ·

502 3323 627 3368 Acta
648 3320 837 3366 fuerunt
861 3318 949 3365 hec
984 3317 1032 3363 in
1068 3313 1277 3378 capitulo
1303 3313 1611 3361 Brechinensi
1647 3329 1771 3360 anno
1807 3313 1883 3360 die
1919 3329 2079 3362 mense
2104 3313 2361 3361 indictione
2387 3318 2435 3360 et

1446 3402 1497 3462 f
