3016 3958
503 628 612 688 176
1078 635 1375 692 CARTAE
1419 634 1918 692 ORIGINALES.

503 821 562 870 de
586 838 679 886 quo
703 823 794 871 erit
818 823 1012 873 inferius
1035 825 1213 873 mentio
1248 839 1474 888 expressa
1508 825 1568 872 de
1605 827 1655 872 et
1693 839 1834 887 super
1855 822 2092 871 locatione
2115 823 2432 886 predictarum

504 911 666 959 decem
707 927 997 960 camerarum
1036 941 1046 951 ·
1082 929 1139 961 ac
1185 914 1330 962 etiam
1369 941 1379 951 ·
1419 941 1429 951 ·
1469 940 1480 951 ·
1516 911 1781 960 defectibus
1829 910 2014 974 collegii
2058 910 2260 974 predicti
2307 912 2432 975 quod

502 1001 732 1048 caducum
756 1001 922 1050 existit
946 1005 994 1049 et
1020 1002 1155 1049 ruina
1177 1002 1386 1050 minatur
1419 1001 1510 1050 nisi
1548 1002 1607 1048 de
1641 999 1785 1048 celeri
1809 999 2019 1048 remedio
2042 999 2350 1063 prouideatur
2374 1000 2434 1048 ob

502 1088 833 1151 necligentiam
857 1094 906 1138 et
930 1090 1146 1138 iniuriam
1173 1090 1406 1138 dictorum
1432 1091 1628 1138 duorum
1653 1087 2001 1152 capellanorum
2027 1103 2309 1152 suorumque
2331 1104 2437 1152 pre-

505 1177 803 1226 decessorum
826 1178 874 1225 in
898 1179 1244 1227 sustentatione
1263 1179 1471 1227 eiusdem
1496 1194 1599 1226 cum
1627 1177 1821 1225 minutis
1838 1177 2059 1241 expensis
2081 1176 2228 1225 veluti
2252 1176 2435 1225 ratione

505 1280 588 1313 sue
628 1266 917 1314 fundationis
962 1267 1248 1315 tenebantur
1286 1295 1295 1304 ·
1335 1295 1345 1304 ·
1385 1295 1394 1305 ·
1430 1265 1745 1330 personaliter
1783 1266 1895 1314 visis
1936 1270 1985 1314 et
2033 1265 2283 1329 diligenter
2327 1281 2438 1314 con-

506 1353 727 1402 sideratis
767 1354 1094 1402 Verumetiam
1133 1355 1283 1403 feodis
1323 1355 1424 1403 siue
1461 1355 1630 1403 annuis
1676 1354 1938 1403 redditibus
1983 1355 2236 1403 eorundem
2259 1354 2437 1418 ‚capel-

507 1441 720 1489 lanorum
758 1443 838 1505 qui
872 1446 1041 1490 tenues
1075 1446 1125 1490 et
1159 1442 1310 1492 exiles
1343 1443 1557 1491 existunt
1595 1443 1796 1505 cognitis
1841 1447 1891 1490 et
1937 1443 2194 1492 intellectis
2237 1442 2435 1506 aliisque

502 1529 687 1590 juribus
710 1533 759 1577 et
784 1529 1079 1578 documentis
1101 1530 1322 1578 hincinde
1345 1547 1430 1594 per
1452 1534 1614 1594 partes
1631 1531 1870 1594 predictas
1892 1531 2138 1593 productis
2161 1534 2211 1579 et
2233 1532 2436 1580 ostensis

508 1634 593 1680 per
627 1633 714 1666 nos
749 1618 861 1666 visis
899 1646 909 1655 -
949 1646 958 1656 ·
998 1646 1009 1656 ·
1045 1622 1094 1666 et
1118 1617 1375 1667 intellectis
1411 1646 1422 1657 ·
1461 1647 1471 1656 ·
1511 1647 1520 1657 ·
1557 1619 1878 1683 habentesque
1916 1624 2181 1683 respectum
2216 1620 2276 1667 ad
2313 1636 2435 1668 rem-

508 1705 746 1769 publicam
793 1706 911 1754 dicti
956 1706 1049 1754 loci
1097 1710 1146 1755 et
1193 1710 1245 1754 ut
1291 1710 1600 1770 perpetuetur
1645 1707 1694 1753 in
1740 1707 1838 1756 suis
1884 1708 2081 1756 edificiis
2130 1707 2433 1772 pluribusque

509 1794 770 1843 rationibus
792 1793 898 1842 aliis
922 1794 1129 1842 animum
1155 1798 1366 1843 nostrum
1402 1795 1463 1841 ad
1497 1794 1798 1859 infrascripta
1834 1795 2130 1844 mouentibus
2170 1823 2181 1834 ·
2217 1797 2436 1860 desuper-

510 1899 599 1946 que
640 1882 764 1944 juris
811 1883 1069 1946 peritorum
1122 1910 1133 1920 ·
1172 1910 1182 1920 ·
1222 1910 1232 1920 ·
1284 1881 1481 1930 consilio
1526 1883 1691 1930 habito
1735 1888 1785 1931 et
1831 1888 1994 1932 secuto
2040 1884 2208 1947 quibus
2251 1885 2436 1932 fidelem

509 1972 709 2020 fecimus
732 1970 1010 2019 relationem
1035 1975 1126 2019 etc.
1166 1999 1176 2009 ·
1216 1999 1226 2008 ·
1266 1999 1275 2008 ·
1312 1969 1462 2018 solum
1489 1970 1647 2018 Deum
1683 1987 1767 2034 pre
1803 1971 1951 2020 oculis
1983 1972 2212 2021 habentes
2244 1973 2436 2036 eiusque

510 2059 699 2107 nomine
755 2059 1053 2108 sanctissimo
1098 2059 1315 2123 primitus
1361 2059 1583 2107 inuocato
1630 2060 1994 2123 pronunciamus
2047 2061 2342 2110 decernimus
2389 2066 2438 2109 et

512 2148 806 2196 declaramus
840 2148 1099 2196 clausulam
1137 2148 1264 2195 illam
1294 2138 1406 2203 ‘Qui
1441 2149 1534 2196 duo
1569 2148 1801 2212 capellani
1838 2154 1929 2197 etc.
1964 2150 2255 2198 antedictam
2291 2151 2438 2198 modi-

511 2237 642 2284 ficari
666 2241 715 2284 et
739 2237 972 2284 moderari
996 2241 1139 2299 atque
1162 2237 1334 2284 futuris
1367 2236 1660 2299 temporibus
1695 2241 1744 2284 et
1780 2237 2123 2301 imperpetuum
2150 2243 2202 2287 ut
2226 2239 2440 2302 sequitur

513 2326 756 2374 obseruari
790 2324 1011 2372 videlicet
1047 2325 1140 2379 Qui
1175 2325 1424 2387 episcopus
1458 2325 1665 2373 decanus
1696 2325 1912 2372 canonici
1947 2329 1996 2373 et
2030 2326 2287 2389 capitulum
2325 2328 2440 2374 Bre-

513 2415 734 2470 chinense
757 2414 929 2462 futuris
949 2412 1241 2476 temporibus
1264 2416 1312 2460 et
1337 2428 1422 2476 pro
1445 2417 1674 2476 perpetuo
1698 2413 2044 2476 supportabunt
2067 2418 2117 2462 et
2140 2415 2438 2463 sustinebunt

514 2518 675 2550 omnes
715 2507 764 2550 et
801 2501 1008 2565 singulas
1042 2501 1366 2564 reparationes
1400 2516 1701 2564 quascunque
1734 2505 1834 2549 tam
1869 2518 2062 2565 magnas
2095 2519 2235 2567 quam
2269 2520 2440 2567 paruas

513 2597 562 2640 et
581 2591 787 2639 minutas
803 2590 953 2639 totius
971 2589 1156 2653 collegii
1174 2605 1267 2637 non
1287 2589 1438 2638 solum
1462 2593 1512 2637 et
1537 2590 1773 2637 duntaxat
1793 2590 1958 2639 domus
1980 2607 2065 2654 per
2086 2592 2320 2655 prefatum
2337 2593 2440 2640 fun-

514 2681 726 2728 datorem
751 2679 968 2726 edificate
993 2682 1043 2726 et
1068 2682 1392 2726 consummate
1425 2704 1434 2716 ·
1465 2679 1549 2726 sed
1574 2678 1719 2726 etiam
1743 2678 1941 2726 aliarum
1966 2680 2126 2727 decem
2151 2695 2439 2729 camerarum

512 2768 802 2831 superiorum
826 2770 934 2830 post
957 2770 1157 2814 mortem
1183 2770 1232 2814 et
1257 2765 1436 2813 obitum
1462 2765 1608 2828 ipsius
1641 2766 1906 2815 fundatoris
1940 2767 2260 2816 edificatarum
2284 2773 2333 2817 et
2356 2786 2440 2833 per

512 2857 744 2920 quondam
770 2855 1040 2918 episcopum
1065 2855 1293 2902 decanum
1318 2854 1571 2902 canonicos
1605 2857 1655 2901 et
1690 2853 1953 2917 capitulum
1979 2855 2295 2904 Brechinense
2329 2872 2439 2904 con-

510 2948 848 2994 summatarum
887 2947 936 2990 et
975 2947 1243 2990 ornatarum
1269 2957 1375 2989 cum
1399 2941 1723 2989 moderatione
1758 2945 1811 2990 ut
1846 2941 1967 2989 infra
1990 2942 2175 2990 dicetur
2209 2971 2220 2982 ·
2258 2941 2433 2992 Verum

511 3033 655 3080 etiam
693 3031 809 3078 dicti
846 3031 1093 3093 episcopus
1131 3031 1337 3077 decanus
1376 3029 1590 3077 canonici
1629 3033 1680 3076 et
1716 3029 1976 3092 capitulum
2010 3032 2353 3094 supportabunt
2388 3038 2436 3081 et

510 3119 810 3170 sustinebunt
847 3117 966 3166 alias
1002 3121 1102 3166 tres
1138 3132 1350 3165 cameras
1372 3115 1618 3164 inferiores
1640 3131 1764 3163 nunc
1788 3116 2031 3166 edificatas
2052 3134 2137 3181 pro
2159 3125 2387 3183 perpetuo
2426 3151 2435 3160 ·

512 3208 811 3272 prefatosque
860 3207 978 3254 duos
1023 3205 1294 3268 capellanos
1334 3219 1590 3267 eorumque
1631 3218 1928 3254 successores
1971 3205 2032 3253 ab
2078 3207 2292 3257 omnibus
2329 3237 2338 3247 -
2378 3238 2388 3247 ·
2426 3239 2435 3249 ·

511 3293 948 3361 supportationibus
985 3297 1034 3341 et
1071 3285 1495 3342 sustentationibus
1517 3290 1666 3339 totius
1689 3290 1872 3354 collegii
1911 3297 1960 3341 et
1996 3293 2144 3356 ipsius
2179 3296 2349 3345 edificii
2387 3299 2434 3346 in
