3016 3958
231 3180 527 3228 LXXXIII.

536 674 645 727 144
1119 671 1410 727 CARTAE
1455 671 1955 728 ORIGINALES.

537 863 657 911 infra
703 863 1104 911 Vicecomitatum
1154 863 1212 909 de
1264 862 1543 925 Kincardyn
1587 863 1931 926 Quemquidem
1973 879 2179 911 annuum
2241 865 2473 912 redditum
2550 845 2554 848 .

537 951 813 1000 Alexander
837 952 1028 1015 Irwyne
1054 951 1112 998 de
1138 950 1322 999 Belteis
1347 967 1403 998 ac
1428 951 1646 1000 dominus
1671 952 1730 999 de
1757 952 1988 1015 Reidmyr
2027 956 2076 1000 et
2102 951 2391 1016 Quhitriggis
2431 953 2478 999 in

537 1041 754 1089 manibus
778 1041 895 1089 meis
919 1057 1004 1103 per
1027 1056 1162 1088 suum
1186 1038 1472 1102 legittimum
1508 1045 1863 1104 procuratorem
1900 1078 1911 1088 .
1949 1079 1959 1090 .
1998 1078 2007 1087 .
2044 1058 2160 1105 pure
2185 1045 2234 1089 et
2258 1041 2481 1106 simplici-

537 1134 613 1179 ter
649 1130 906 1193 resignauit
945 1167 954 1176 .
993 1130 1266 1176 Tenendum
1310 1133 1359 1177 et
1400 1129 1668 1177 habendum
1708 1134 1866 1179 totum
1909 1136 1959 1179 et
2000 1131 2234 1194 integrum
2274 1147 2479 1179 annuum

538 1219 776 1268 redditum
800 1219 1093 1266 antedictum
1131 1254 1141 1264 .
1180 1253 1190 1263 .
1228 1253 1237 1263 .
1274 1218 1461 1281 prefato
1499 1219 1725 1281 magistro
1751 1220 1941 1267 Andree
1966 1223 2015 1267 et
2039 1220 2139 1268 suis
2177 1219 2430 1282 assignatis
2452 1236 2481 1267 a

539 1325 614 1357 me
639 1312 688 1356 et
712 1307 967 1356 heredibus
991 1307 1110 1354 meis
1138 1307 1196 1354 de
1220 1322 1470 1370 suppremo
1495 1306 1685 1355 domino
1708 1311 1871 1356 nostro
1894 1308 2026 1371 Rege
2051 1309 2098 1355 in
2117 1308 2256 1356 feodo
2280 1313 2329 1356 et
2352 1309 2485 1356 here-

540 1398 692 1446 ditate
718 1397 1064 1460 imperpetuum
1088 1410 1194 1443 cum
1219 1395 1346 1443 omni
1359 1395 1466 1457 jure
1493 1432 1502 1442 .
1541 1432 1550 1442 .
1590 1433 1599 1442 .
1628 1396 1706 1444 Ac
1744 1425 1753 1434 ·
1794 1425 1804 1434 ·
1845 1425 1854 1434 ·
1880 1397 2133 1444 leuandum
2157 1397 2402 1445 annuatim
2427 1399 2485 1445 de

538 1487 657 1536 totis
681 1490 729 1534 et
755 1485 951 1548 integris
973 1484 1116 1533 terris
1139 1485 1396 1533 antedictis
1433 1520 1443 1529 .
1480 1522 1489 1531 .
1533 1521 1543 1531 .
1578 1485 1655 1532 vbi
1691 1485 1782 1533 sibi
1821 1485 1988 1534 melius
2011 1485 2244 1549 placuerit
2280 1523 2290 1532 .
2328 1522 2338 1533 .
2377 1523 2387 1532 .
2425 1488 2486 1534 ad

540 1577 658 1625 duos
681 1575 794 1623 anni
817 1574 1047 1623 terminos
1071 1572 1259 1622 vsuales
1295 1610 1306 1621 .
1343 1610 1354 1620 .
1392 1610 1402 1620 .
1441 1574 1560 1621 Cum
1602 1573 1752 1622 libera
1776 1579 2017 1638 potestate
2055 1611 2065 1621 .
2104 1611 2113 1621 .
2151 1611 2161 1621 .
2199 1576 2353 1624 dictas
2392 1581 2488 1624 ter-

540 1682 618 1714 ras
640 1664 966 1712 inhabitantes
989 1664 1182 1712 easdem
1206 1668 1255 1710 et
1281 1679 1367 1711 sua
1390 1663 1515 1711 bona
1538 1663 1598 1710 ad
1622 1679 1792 1711 manus
1827 1663 2043 1726 proprias
2067 1664 2168 1712 sine
2193 1680 2486 1728 quocumque

532 1755 655 1817 juris
679 1753 897 1802 ministro
921 1768 1006 1816 pro
1031 1752 1161 1799 dicto
1185 1767 1342 1799 annuo
1366 1751 1557 1799 redditu
1581 1767 1774 1799 namare
1811 1789 1820 1798 .
1861 1788 1871 1798 .
1911 1787 1920 1798 .
1962 1753 2224 1801 Reddendo
2262 1754 2371 1801 inde
2406 1770 2488 1802 an-

541 1843 723 1892 nuatim
749 1843 906 1891 dictus
930 1841 1155 1904 magister
1179 1841 1397 1888 Andreas
1421 1844 1470 1887 et
1494 1840 1566 1888 sui
1598 1840 1828 1903 assignati
1852 1841 2115 1904 Suppremo
2152 1843 2341 1890 domino
2382 1859 2489 1891 nos-

540 1937 618 1980 tro
657 1932 778 1995 Regi
803 1932 921 1979 duos
945 1930 1164 1978 denarios
1187 1928 1363 1978 vsualis
1387 1933 1575 1977 monete
1601 1929 1762 1977 Scotie
1787 1945 1928 1992 super
1959 1929 2111 1978 solum
2138 1930 2371 1979 dictarum
2394 1936 2490 1979 ter-

544 2037 700 2069 rarum
739 2021 800 2068 ad
835 2020 959 2068 festa
994 2022 1296 2082 pentecostes
1335 2018 1525 2066 nomine
1560 2016 1667 2065 albe
1704 2019 1835 2065 firme
1870 2018 1911 2067 si
1946 2023 2140 2082 petatur
2179 2024 2366 2070 tantum
2403 2037 2488 2084 pro

545 2110 672 2159 omni
720 2109 815 2157 alio
856 2108 1058 2156 seruicio
1095 2144 1105 2153 .
1145 2143 1155 2153 .
1193 2142 1203 2152 .
1242 2108 1308 2155 Et
1355 2123 1443 2170 ego
1490 2123 1602 2154 vero
1649 2107 1806 2155 dictus
1854 2106 2134 2155 Alexander
2192 2109 2382 2172 Irwyne
2430 2111 2488 2157 de

547 2200 774 2247 Drumme
797 2201 846 2246 et
870 2197 1068 2244 heredes
1092 2196 1184 2243 mei
1222 2232 1231 2243 .
1270 2233 1279 2242 .
1317 2231 1329 2243 .
1366 2195 1778 2244 warantizabimus
1814 2232 1824 2242 .
1863 2230 1872 2242 .
1911 2232 1921 2242 .
1959 2195 2019 2243 In
2061 2198 2194 2245 cuius
2225 2198 2314 2245 Rei
2354 2200 2491 2248 testi-

546 2289 752 2336 monium
778 2286 888 2333 huic
923 2285 1132 2348 presenti
1173 2288 1304 2332 carte
1347 2300 1449 2331 mee
1492 2283 1707 2346 Sigillum
1750 2300 1905 2332 meum
1948 2290 2021 2334 est
2064 2302 2322 2349 appensum
2363 2289 2488 2351 apud

548 2378 790 2424 Abirdene
817 2374 942 2436 xxij⁰
980 2374 1056 2421 die
1099 2373 1275 2421 mensis
1300 2373 1548 2432 Februarii
1589 2389 1713 2420 anno
1739 2373 1934 2421 Domini
1975 2374 2227 2424 millesimo
2271 2377 2491 2440 quadrin-

546 2466 806 2529 gentesimo
847 2463 1150 2525 nonagesimo
1191 2462 1394 2525 septimo
1435 2478 1594 2509 coram
1637 2461 1728 2510 hiis
1766 2462 1970 2512 testibus
2002 2464 2036 2510 J
2040 2464 2225 2512 ohanne
2264 2465 2408 2529 Lesly
2431 2467 2490 2514 de

551 2554 769 2602 Wardris
801 2553 835 2600 J
839 2552 988 2600 acobo
1014 2551 1254 2613 Lindesay
1279 2551 1336 2598 de
1362 2549 1472 2599 Birs
1503 2551 1537 2597 J
1541 2551 1725 2598 ohanne
1753 2551 1926 2599 Keitht
1953 2552 2228 2601 Alexandro
2254 2554 2491 2603 Abirdour

548 2645 772 2707 magistro
794 2643 827 2689 J
831 2641 980 2689 acobo
1007 2641 1246 2702 Lindesay
1270 2643 1319 2687 et
1345 2639 1536 2687 domino
1558 2640 1591 2686 J
1596 2639 1780 2686 ohanne
1806 2639 2064 2704 Striveling
2090 2643 2277 2691 notario
2301 2643 2488 2706 publico

549 2750 654 2780 cum
678 2731 840 2780 multis
864 2730 971 2779 aliis
1007 2767 1017 2776 .

553 2933 715 2980 Litera
756 2931 1011 2979 balliuatus
1036 2929 1298 2977 Alexandri
1326 2931 1515 2992 Irwyne
1539 2931 1598 2977 de
1625 2930 1790 2978 Drwm
1828 2946 1969 2993 super
2007 2932 2147 2980 terris
2171 2933 2229 2979 de
2257 2933 2488 2997 Reidmyr

552 3026 600 3070 et
626 3021 917 3082 Quhitriggis
955 3055 964 3065 .

565 3144 878 3223 Alexander
903 3173 1079 3236 Iruyne
1105 3173 1163 3220 de
1190 3173 1370 3225 Drume
1389 3187 1446 3220 ac
1465 3172 1680 3220 dominus
1697 3173 1913 3235 superior
1935 3177 2166 3220 terrarum
2191 3173 2250 3220 de
2276 3174 2487 3238 Redmyt

554 3270 603 3313 et
630 3262 920 3326 Quhitriggis
956 3260 1143 3309 dilectis
1178 3261 1296 3309 meis
1323 3259 1566 3308 Willelmo
1594 3259 1716 3307 Liell
1753 3261 1811 3308 de
1838 3260 2053 3308 Haltoun
2087 3262 2277 3309 Andree
2304 3263 2486 3312 Ravine

555 3352 800 3401 Willelmo
838 3349 1050 3398 Sibbaldi
1076 3354 1124 3397 et
1386 3364 1442 3396 ac
1467 3348 1672 3411 ipsorum
1697 3347 1891 3396 cuilibet
1916 3348 2200 3397 coniunctim
2225 3354 2274 3397 et
2299 3351 2486 3400 diuisim
