3016 3958
197 2188 445 2238 LXVIII.

1021 652 1314 709 CARTAE
1365 651 1864 707 ORIGINALES.
2320 657 2426 708 119

478 847 775 911 supradictos
801 845 1054 893 Facientes
1077 843 1236 892 dietus
1261 841 1531 890 Willelmus
1554 841 1753 890 heredes
1775 842 1847 890 sui
1873 846 1922 889 et
1945 841 2175 905 assignati
2200 858 2420 905 magnum

475 936 735 984 lecternum
760 950 919 983 ereum
961 949 1047 997 per
1083 948 1158 980 me
1197 933 1361 980 datum
1403 931 1546 979 choro
1572 930 1881 979 Breehinensi
1916 932 2044 978 omni
2078 947 2203 979 anno
2229 932 2347 979 bene
2372 937 2420 980 et

474 1025 670 1073 honeste
695 1023 910 1071 mundari
947 1038 978 1070 a
1013 1037 1196 1070 summo
1233 1035 1381 1084 usque
1417 1021 1477 1067 ad
1514 1021 1731 1068 deorsum
1766 1019 1815 1067 in
1851 1020 1978 1068 omni
2013 1025 2151 1083 parte
2184 1021 2296 1068 bina
2318 1022 2420 1068 vioe

473 1112 668 1177 singulis
707 1112 844 1160 annis
880 1110 1063 1160 scilieet
1098 1109 1245 1158 semel
1269 1125 1380 1172 erga
1401 1109 1576 1157 festum
1611 1108 1785 1172 pasche
1823 1113 1872 1156 et
1910 1108 2056 1157 semel
2097 1125 2209 1172 erga
2245 1110 2420 1158 festum

472 1201 647 1251 natalis
672 1200 866 1250 Domini
888 1203 1074 1248 tantum
1100 1214 1186 1263 pro
1210 1197 1337 1246 omni
1371 1196 1466 1245 alio
1498 1212 1640 1245 onere
1679 1225 1689 1235 ·
1727 1225 1738 1235 ·
1777 1225 1787 1235 ·
1825 1197 1892 1245 Et
1917 1214 2004 1260 ego
2028 1214 2139 1246 vero
2178 1226 2188 1236 -
2227 1226 2238 1237 ι
2278 1227 2288 1235 ·
2325 1216 2421 1247 wa-

473 1290 809 1339 rantizabimus
846 1318 856 1327 ·
896 1318 906 1327 -
946 1317 956 1326 ·
993 1288 1054 1335 In
1077 1287 1212 1336 ouius
1247 1286 1315 1334 rei
1349 1286 1676 1335 testimonium
1701 1285 1915 1350 Sigillum
1943 1303 2098 1334 meum
2124 1289 2422 1350 presentibus

470 1384 546 1428 est
569 1395 827 1443 appensum
851 1378 976 1442 apud
1001 1376 1248 1425 ciuitatem
1275 1374 1644 1424 Breohinensem
1669 1376 1892 1424 vicesimo
1929 1381 2099 1439 quarto
2135 1377 2211 1425 die
2247 1379 2421 1427 mensis

475 1468 647 1516 Marcii
686 1483 812 1516 anno
854 1466 1050 1514 Domini
1091 1464 1342 1513 millesimo
1384 1464 1847 1528 quadringentesimo
1889 1467 2210 1529 octuagesimo
2255 1473 2422 1531 quarto

472 1559 644 1606 Coram
683 1557 775 1606 hiis
814 1556 1020 1605 testibus
1060 1555 1252 1603 domino
1295 1553 1519 1602 ‚Iohanne
1569 1553 1759 1602 Tindell
1806 1553 2028 1603 Waltero
2074 1555 2218 1603 Clerk
2261 1556 2420 1604 Dauid

472 1649 664 1695 Andree
699 1647 922 1695 Johanne
960 1645 1077 1693 Soot
1117 1648 1166 1691 et
1203 1643 1390 1691 Jaoobo
1427 1643 1541 1691 Soot
1577 1643 1822 1707 armigeris
1858 1660 1963 1692 oum
1999 1645 2165 1694 multis
2197 1645 2303 1694 aliis
2326 1650 2419 1694 tes—

473 1737 602 1785 tibus
639 1765 650 1774 ·

473 1939 849 1987 Instrumentum
891 1935 1201 2001 possessionis
1239 1935 1501 1984 tenementi
1545 1935 1746 1982 Roberti
1791 1934 2023 1982 Willelmi
2066 1936 2290 1999 resignati
2333 1954 2417 1999 per

474 2027 769 2076 Willelmum
802 2027 1026 2075 Fordoun
1063 2054 1073 2063 ·

480 2152 562 2233 In
609 2184 705 2232 Dei
749 2183 939 2231 nomine
995 2210 1005 2219 ·
1061 2209 1072 2218 ·
1128 2210 1139 2219 -
1194 2182 1368 2229 Pateat
1415 2181 1540 2244 quod
1587 2197 1711 2228 anno
1761 2181 2112 2230 Inoarnationis
2163 2182 2416 2230 Dominioe

473 2284 540 2324 m⁰
566 2289 680 2323 eece
719 2271 1008 2336 octogesimo
1048 2271 1214 2334 quinto
1253 2270 1428 2318 mens1s
1468 2285 1579 2318 vero
1627 2269 1800 2317 Marcii
1847 2269 1923 2316 die
1975 2269 2196 2318 vicesima
2234 2275 2415 2318 'octaua

471 2364 741 2412 Indictione
762 2361 910 2410 tertia
933 2360 1246 2408 Pontificatus
1283 2387 1293 2396 ·
1331 2387 1342 2396 ·
1383 2386 1392 2396 ·
1431 2358 1701 2406 Innoeentii
1740 2373 1862 2421 pape
1901 2359 2061 2407 ootaui
2098 2375 2222 2407 anno
2262 2361 2412 2423 primo

470 2482 481 2492 -
520 2483 531 2491 -
569 2481 580 2490 -
617 2449 929 2516 personaliter
969 2448 1260 2497 constitutus
1303 2446 1574 2495 Willelmus
1615 2447 1839 2494 Fordoun
1883 2447 2002 2496 ciuis
2042 2448 2256 2497 ciuitatis
2298 2449 2414 2496 Bre-

467 2541 706 2589 ehinensis
746 2554 879 2588 suum
920 2540 1242 2586 tenementum
1278 2535 1448 2597 jacens
1490 2535 1613 2583 infra
1653 2535 1899 2584 ciuitatem
1948 2537 2315 2586 Brechinensem
2363 2539 2409 2584 in
2488 2532 2497 2536 ’

469 2632 574 2678 vieo
597 2629 678 2694 qui
701 2627 878 2675 dieitur
912 2626 958 2674 le
993 2625 1232 2688 Kyrkgait
1256 2625 1382 2672 inter
1403 2628 1588 2689 terram¹
1603 2624 1778 2671 Jacobi
1806 2625 2028 2687 Wyssart
2063 2642 2125 2673 ex
2160 2631 2296 2689 parte
2321 2628 2412 2674 ori-

469 2719 620 2768 entali
653 2734 715 2766 ex
752 2720 889 2781 parte
930 2731 1021 2762 una
1056 2717 1107 2762 et
1141 2717 1318 2761 terram
1354 2713 1555 2760 Roberti
1582 2712 1813 2760 Willelmi
1851 2729 1912 2761 ex
1949 2718 2085 2777 parte
2110 2715 2264 2763 altera
2301 2744 2311 2753 .
2351 2744 2361 2753 .
2399 2744 2410 2753 .

472 2811 520 2856 in
543 2807 760 2856 manibus
782 2803 1071 2853 honorabilis
1108 2802 1192 2850 viri
1232 2801 1430 2849 Roberti
1467 2801 1665 2864 Lytstar
1699 2801 1865 2849 balliui
1887 2803 2100 2852 ciuitatis
2126 2803 2412 2852 Breohinen-

471 2899 538 2948 sis
561 2913 645 2961 per
679 2896 853 2944 fustem
892 2897 941 2940 et
979 2891 1197 2940 baculum
1236 2918 1247 2928 ·
1285 2918 1295 2928 -
1336 2918 1345 2927 ·
1383 2889 1640 2952 resignauit
1680 2919 1689 2928 -
1729 2918 1738 2928 -
1778 2918 1788 2927 ·
1825 2891 2036 2954 prefatus
2060 2891 2265 2941 balliuus
2302 2923 2311 2931 -
2351 2923 2361 2931 ·
2401 2923 2410 2931 ·

472 2985 816 3051 possessionem
841 2982 970 3029 dioto
997 2979 1240 3028 Willelmo
1278 2983 1327 3026 et
1367 2978 1563 3027 Alisone
1601 2994 1684 3026 sue
1722 2995 1893 3042 sponse
1929 3008 1941 3017 ·
1981 3007 1991 3017 ·
2030 3008 2040 3018 ·
2077 2981 2125 3028 in
2160 2982 2414 3030 coniuncta

474 3078 793 3128 infeodatione
810 3074 1010 3124 tradidit
1048 3101 1058 3112 ·
1097 3102 1108 3111 ·
1147 3101 1158 3112 ·
1195 3071 1341 3120 Saluo
1359 3071 1466 3134 jure
1486 3071 1737 3119 cuiuslibet
1776 3099 1785 3108 ·
1826 3099 1836 3109 -
1875 3099 1885 3109 ·
1924 3072 2076 3135 Super
2094 3074 2262 3136 quibus
2299 3103 2309 3112 .
2348 3103 2358 3113 .
2396 3104 2407 3111 .

472 3170 630 3218 dietus
654 3163 927 3214 Willelmus
949 3167 1000 3211 et
1025 3161 1223 3211 Alisona
1258 3175 1289 3208 a
1325 3175 1400 3207 me
1424 3159 1610 3207 notario
1649 3187 1658 3196 ·
1697 3187 1708 3195 -
1747 3187 1758 3196 ·
1795 3159 1895 3206 fieri
1918 3161 2158 3223 petierunt
2196 3144 2210 3199 ·⁷
2246 3191 2256 3200 -
2294 3192 2306 3200 ·
2343 3165 2411 3210 in-

473 3259 740 3307 strumenta
783 3280 794 3292 ·
842 3254 969 3301 Aeta
1015 3254 1151 3299 erant
1197 3250 1286 3297 hee
1333 3263 1474 3311 super
1518 3247 1712 3295 fundum
1753 3276 1762 3285 ·
1802 3276 1812 3286 ·
1851 3276 1862 3286 -
1897 3250 2194 3312 presentibus
2239 3252 2410 3299 ibidem

474 3345 694 3396 diseretis
730 3342 844 3392 viris
885 3340 1088 3390 dominis
1130 3337 1405 3386 Alexandro
1449 3336 1559 3398 Hog
1599 3341 1781 3385 rectore
1822 3336 1949 3386 scole
1991 3338 2323 3389 Breehinensis
2363 3346 2411 3388 et
