3016 3958
256 2969 527 3012 CCLXVII.

536 633 647 686 304
1023 630 1338 686 OARTAE
1380 631 2006 688 MISCELLANEAE.

539 812 705 851 hannes
743 815 786 852 et
830 810 1018 852 Katrina
1057 811 1318 854 addiderunt
1351 815 1396 853 et
1429 815 1826 865 augmentauerunt
1858 825 1991 867 supra
2029 815 2073 853 et
2104 812 2220 853 ultra
2256 812 2478 867 antiquam

537 891 705 932 firmam
728 890 953 932 annuatim
985 904 1061 932 sex
1088 890 1259 956 (solidos,
1289 895 1333 933 et
1364 894 1461 932 octo
1497 891 1699 933 denarios
1732 923 1741 933 .
1774 922 1784 932 .
1820 924 1829 932 .
1868 890 1918 932 In
1951 890 2072 933 cuius
2093 891 2157 933 rei
2185 893 2479 934 testimonium

541 970 731 1026 sigillum
753 975 950 1012 nostrum
972 970 1208 1012 rotundum
1238 984 1422 1011 unacum
1456 970 1599 1026 sigillo
1631 971 1847 1013 communi
1878 971 1982 1012 dicti
2013 971 2153 1013 nostri
2185 971 2363 1027 capituli
2384 987 2480 1028 pre-

541 1051 735 1092 sentibus
757 1054 824 1092 est
845 1065 1099 1106 appensum,
1121 1065 1171 1092 ac
1193 1065 1271 1106 pro
1293 1050 1445 1092 maiori
1479 1052 1713 1092 securitate
1735 1056 1779 1092 et
1800 1050 1973 1092 cautela
2003 1050 2140 1092 eciam
2169 1065 2303 1093 manu
2332 1056 2483 1094 nostra

541 1145 724 1171 unacum
756 1130 953 1172 manibus
984 1130 1134 1171 decani
1165 1145 1214 1172 ac
1248 1130 1424 1172 maioris
1453 1134 1498 1172 et
1525 1130 1713 1172 sanioris
1743 1131 1883 1186 partis
1914 1130 2218 1173 canonicorum
2244 1131 2347 1173 dicti
2368 1132 2483 1188 capi-

542 1210 624 1251 tuli
658 1210 798 1251 nostri
830 1210 875 1250 in
912 1210 1085 1264 signum
1121 1210 1187 1251 sui
1223 1224 1460 1252 consensus
1495 1242 1503 1251 .
1536 1239 1548 1251 .
1580 1242 1590 1252 .
1622 1215 1691 1252 est
1722 1209 2013 1266 subscriptum
2044 1242 2053 1253 .
2086 1210 2216 1266 Apud
2249 1211 2483 1254 Ciuitatem

542 1295 735 1332 nostram
766 1289 1097 1331 Brechinensem
1130 1289 1263 1330 xxvit0
1294 1289 1362 1331 die
1393 1289 1555 1331 mensis
1586 1289 1752 1345 Aprilis
1773 1303 1887 1332 anno
1909 1289 2087 1331 Domini
2107 1278 2337 1333 millesimo
2359 1291 2483 1346 quin·

541 1371 781 1426 gentesimo
817 1384 944 1419 nono,
977 1370 1252 1425 presentibus
1285 1369 1443 1411 ibidem
1475 1369 1794 1412 venerabilibus
1826 1373 1869 1412 et
1905 1369 2228 1425 circumspectis
2256 1370 2361 1412 viris
2393 1385 2483 1412 ma-

542 1450 691 1506 gistris
712 1455 756 1491 et
777 1449 962 1491 dominis
984 1449 1184 1491 videlicet
1214 1449 1404 1504 Hugone
1433 1448 1666 1505 Dowglace
1698 1449 1877 1498 decano,
1898 1448 2124 1491 Willelmo
2148 1449 2366 1491 Meldrum
2389 1465 2484 1506 pre-

543 1535 730 1578 eentore,
772 1529 960 1592 Patricio
1002 1529 1155 1584 Boyiss
1196 1528 1484 1578 thezaurario,
1527 1528 1671 1570 Dauid
1707 1528 1925 1570 Petkarne
1962 1529 2278 1578 archidiacono,
2315 1530 2483 1572 Thoma

547 1609 762 1651 Meldrum
800 1609 1059 1656 subdecano,
1094 1608 1282 1664 Hugone
1317 1608 1498 1650 Martini
1529 1608 1703 1656 vicario,
1738 1607 1932 1650 Gilberto
1967 1608 2283 1664 Strathaquhin
2311 1610 2481 1665 pensio-

544 1689 680 1739 nario,
710 1688 909 1730 Johanne
942 1687 1161 1729 Meldrum
1192 1687 1475 1743 prebendario
1506 1688 1558 1728 de
1588 1687 1857 1742 Bukkergill,
1879 1687 2099 1730 canonicis
2129 1692 2276 1731 nostre
2306 1689 2483 1732 ecclesie

543 1767 802 1810 cathedralis
825 1766 1145 1816 Brechinensis,
1169 1766 1197 1807 J
1200 1767 1370 1808 ohanne
1393 1765 1619 1822 Chapman
1640 1766 1864 1822 capellano
1889 1767 1941 1809 de
1966 1766 2218 1818 Caldhame,
2242 1772 2287 1811 et
2307 1770 2484 1811 Andrea

543 1847 783 1889 Briantoun
807 1846 988 1888 notariis
1008 1845 1192 1901 publicis
1215 1859 1309 1887 cum
1333 1845 1519 1887 diuersis
1540 1845 1639 1887 aliis
1660 1846 1847 1888 testibus
1879 1878 1888 1888 .

1006 1925 1198 1967 Willms.
1221 1925 1464 1981 Episcopus
1486 1925 1792 1968 Brechinensis
1813 1941 1944 1968 manu
1966 1928 2141 1984 propria
2173 1962 2182 1970 .

1006 2007 1140 2063 Hugo
1165 2006 1365 2062 Douglas
1386 2006 1574 2048 decanus
1596 2006 1902 2050 Brechinensis
1923 2022 2055 2050 manu
2075 2009 2251 2065 propria
2283 2042 2291 2052 .

1005 2086 1199 2128 Willms.
1221 2085 1437 2128 Meldrum
1459 2091 1611 2129 cantor
1632 2087 1938 2130 Breehinensis
1959 2103 2091 2130 manu
2111 2090 2288 2145 propria
2320 2122 2329 2132 .

1007 2166 1221 2208 Patricius
1243 2166 1358 2221 Boys
1379 2166 1681 2209 thesaurarius
1702 2167 2008 2210 Brechinensis
2041 2200 2050 2210 .

1007 2246 1195 2287 Thomas
1220 2245 1438 2287 Meldrum
1462 2246 1733 2288 subdecanus
1755 2247 2063 2290 Brechinensis
2085 2263 2215 2291 manu
2235 2253 2409 2307 propria
2440 2285 2448 2294 .

1006 2325 1149 2368 Dauid
1171 2326 1357 2368 Petcarn
1378 2325 1707 2368 archidiaconus
1729 2326 2036 2369 Brechinensis
2058 2342 2188 2370 manu
2211 2331 2385 2386 propria
2417 2365 2426 2371 .

1007 2405 1140 2461 Hugo
1164 2405 1343 2461 Martyn
1365 2405 1564 2447 wicarius
1586 2405 1892 2448 Brechinensis
1915 2421 2046 2448 manu
2066 2408 2242 2464 propria
2271 2441 2280 2451 .

1009 2485 1228 2527 Gilbertus
1253 2484 1563 2527 Strathauchin
1585 2485 1887 2541 pensionarius
1909 2487 2142 2529 subscribit
2173 2521 2183 2530 .

1008 2565 1033 2607 J
1036 2565 1228 2606 ohannes
1246 2564 1463 2606 Meldrum
1480 2565 1791 2620 prebendarius
1805 2565 1857 2607 de
1874 2566 2122 2623 Burtergyll
2137 2582 2266 2610 manu
2283 2572 2457 2626 propria
2477 2604 2486 2612 .

555 2808 821 2851 presentatio
844 2806 1015 2849 Nicolai
1038 2806 1289 2850 Thomsoun
1310 2807 1548 2863 capellanie
1570 2807 1622 2850 de
1645 2807 1759 2850 Dwn
1793 2838 1802 2848 .

553 2955 816 3009 Reuerendo
849 2967 893 3006 in
931 2965 1104 3008 Christo
1134 2965 1249 3021 patri
1280 2970 1323 3008 et
1353 2965 1527 3008 domino
1556 2965 1588 3008 J
1591 2966 1720 3008 oanni
1752 2998 1761 3008 .
1796 2998 1804 3007 .
1840 2998 1849 3008 .
1882 2967 2163 3010 Brechinensi
2189 2970 2387 3027 episcopo
2408 2971 2485 3015 Jo-

552 3060 686 3088 annes
707 3045 904 3087 dominus
935 3045 987 3086 de
1014 3045 1187 3100 Erskyn
1208 3044 1477 3087 reuerentia-s
1507 3044 1676 3086 debitas
1707 3049 1752 3087 et
1782 3046 1969 3088 honores
2000 3048 2055 3088 ad
2086 3048 2194 3090 duas
2215 3050 2314 3093 illas
2345 3053 2486 3108 capel-

553 3125 692 3167 lanias
712 3124 764 3165 de
787 3123 899 3165 Dwn
920 3127 1191 3179 nuncupatas
1212 3123 1267 3165 ad
1287 3123 1426 3166 altare
1448 3125 1574 3166 beate
1597 3124 1739 3165 Marie
1761 3124 1943 3180 virginis
1964 3125 2080 3168 intra
2100 3127 2326 3171 ecclesiam
2342 3133 2487 3174 cathe-

551 3205 714 3247 dralem
737 3204 1069 3246 Brechinensem
1089 3204 1294 3246 fundatas
1324 3218 1438 3246 nunc
1465 3204 1511 3245 in
1542 3218 1674 3246 unam
1702 3204 1987 3259 capellaniam
2018 3207 2164 3249 unitas
2184 3214 2388 3252 vacantes
2411 3227 2487 3267 per

555 3319 563 3327 .
598 3318 606 3326 .
641 3317 649 3326 .
681 3284 976 3325 dimissionem
1016 3283 1286 3326 dominorum
1325 3283 1543 3326 Johannis
1583 3283 1896 3325 Williamsoun
1937 3288 1983 3326 et
2026 3285 2198 3328 Nicolai
2236 3288 2485 3332 Thomsoun

554 3365 802 3407 ultimorum
824 3362 1143 3417 capellanorum
1172 3367 1216 3405 et
1246 3376 1547 3418 possessorum
1577 3363 1811 3405 earundem
1842 3376 1919 3405 seu
1949 3363 2059 3406 alias
2091 3397 2099 3406 .
2134 3399 2143 3407 .
2177 3398 2186 3407 .
2218 3367 2273 3409 ad
2293 3374 2487 3412 nostram
