<?xml version="1.0" encoding="UTF-8"?>
<!DOCTYPE html PUBLIC "-//W3C//DTD XHTML 1.0 Transitional//EN"
    "http://www.w3.org/TR/xhtml1/DTD/xhtml1-transitional.dtd">
<html xmlns="http://www.w3.org/1999/xhtml" xml:lang="en" lang="en">
 <head>
  <title>
</title>
<meta http-equiv="Content-Type" content="text/html;charset=utf-8" />
  <meta name='ocr-system' content='tesseract 3.04.00' />
  <meta name='ocr-capabilities' content='ocr_page ocr_carea ocr_par ocr_line ocrx_word'/>
</head>
<body>
  <div class='ocr_page' id='page_1' title='image "./registrumepiscop02brecuoft_0165.png"; bbox 0 0 3016 3958; ppageno 0'>
   <div class='ocr_carea' id='block_1_1' title="bbox 1105 605 2510 662">
    <p class='ocr_par' dir='ltr' id='par_1_1' title="bbox 1105 605 2510 662">
     <span class='ocr_line' id='line_1_1' title="bbox 1105 605 2510 662; baseline 0.001 -2"><span class='ocrx_word' id='word_1_1' title='bbox 1105 605 1400 661; x_wconf 79' lang='lat' dir='ltr'><strong>GARTAE</strong></span> <span class='ocrx_word' id='word_1_2' title='bbox 1444 607 1946 662; x_wconf 74' lang='lat' dir='ltr'><strong>ORIGINALES.</strong></span> <span class='ocrx_word' id='word_1_3' title='bbox 2405 609 2510 662; x_wconf 83' lang='lat'>151</span> 
     </span>
    </p>
   </div>
   <div class='ocr_carea' id='block_1_2' title="bbox 549 794 2511 3363">
    <p class='ocr_par' dir='ltr' id='par_1_2' title="bbox 549 794 2511 3363">
     <span class='ocr_line' id='line_1_2' title="bbox 552 794 2457 858; baseline 0.002 -17"><span class='ocrx_word' id='word_1_4' title='bbox 552 810 637 857; x_wconf 90' lang='lat' dir='ltr'>per</span> <span class='ocrx_word' id='word_1_5' title='bbox 673 794 762 842; x_wconf 92' lang='lat' dir='ltr'>hoc</span> <span class='ocrx_word' id='word_1_6' title='bbox 801 794 1015 858; x_wconf 76' lang='lat' dir='ltr'>diligenti</span> <span class='ocrx_word' id='word_1_7' title='bbox 1055 800 1269 844; x_wconf 85' lang='lat' dir='ltr'>tractatu</span> <span class='ocrx_word' id='word_1_8' title='bbox 1292 797 1492 846; x_wconf 80' lang='lat' dir='ltr'>ecclesie</span> <span class='ocrx_word' id='word_1_9' title='bbox 1517 802 1677 847; x_wconf 88' lang='lat' dir='ltr'>nostre</span> <span class='ocrx_word' id='word_1_10' title='bbox 1703 797 1993 846; x_wconf 90' lang='lat' dir='ltr'>cathedralis</span> <span class='ocrx_word' id='word_1_11' title='bbox 2020 797 2359 846; x_wconf 87' lang='lat' dir='ltr'>Brechinensis</span> <span class='ocrx_word' id='word_1_12' title='bbox 2398 826 2406 834; x_wconf 93' lang='lat'><em>·</em></span> <span class='ocrx_word' id='word_1_13' title='bbox 2448 825 2457 834; x_wconf 93' lang='lat'><strong>·</strong></span> 
     </span>
     <span class='ocr_line' id='line_1_3' title="bbox 552 883 2511 936; baseline 0.002 -6"><span class='ocrx_word' id='word_1_14' title='bbox 552 883 738 932; x_wconf 80' lang='lat' dir='ltr'>dedisse</span> <span class='ocrx_word' id='word_1_15' title='bbox 777 913 787 922; x_wconf 89' lang='lat'>-</span> <span class='ocrx_word' id='word_1_16' title='bbox 827 913 837 923; x_wconf 86' lang='lat'>-</span> <span class='ocrx_word' id='word_1_17' title='bbox 877 913 887 922; x_wconf 93' lang='lat'><strong>·</strong></span> <span class='ocrx_word' id='word_1_18' title='bbox 925 884 1115 934; x_wconf 91' lang='lat' dir='ltr'>dilectis</span> <span class='ocrx_word' id='word_1_19' title='bbox 1149 887 1326 935; x_wconf 89' lang='lat' dir='ltr'>nostris</span> <span class='ocrx_word' id='word_1_20' title='bbox 1359 887 1573 935; x_wconf 80' lang='lat' dir='ltr'>Johanni</span> <span class='ocrx_word' id='word_1_21' title='bbox 1600 889 1805 936; x_wconf 90' lang='lat' dir='ltr'>Annand</span> <span class='ocrx_word' id='word_1_22' title='bbox 1831 887 1926 935; x_wconf 90' lang='lat' dir='ltr'>ciui</span> <span class='ocrx_word' id='word_1_23' title='bbox 1950 891 2114 936; x_wconf 86' lang='lat' dir='ltr'>nostre</span> <span class='ocrx_word' id='word_1_24' title='bbox 2141 887 2368 936; x_wconf 86' lang='lat' dir='ltr'>Ciuitatis</span> <span class='ocrx_word' id='word_1_25' title='bbox 2394 887 2511 934; x_wconf 86' lang='lat' dir='ltr'>Bre-</span> 
     </span>
     <span class='ocr_line' id='line_1_4' title="bbox 551 973 2510 1041; baseline 0.002 -22"><span class='ocrx_word' id='word_1_26' title='bbox 551 973 788 1022; x_wconf 88' lang='lat' dir='ltr'>chinensis</span> <span class='ocrx_word' id='word_1_27' title='bbox 812 979 861 1022; x_wconf 92' lang='lat' dir='ltr'>et</span> <span class='ocrx_word' id='word_1_28' title='bbox 884 974 918 1021; x_wconf 87' lang='lat' dir='ltr'>J</span> <span class='ocrx_word' id='word_1_29' title='bbox 922 978 1064 1022; x_wconf 89' lang='lat' dir='ltr'>onete</span> <span class='ocrx_word' id='word_1_30' title='bbox 1090 974 1298 1023; x_wconf 87' lang='lat' dir='ltr'>Sadillar</span> <span class='ocrx_word' id='word_1_31' title='bbox 1322 976 1423 1025; x_wconf 91' lang='lat' dir='ltr'>eius</span> <span class='ocrx_word' id='word_1_32' title='bbox 1451 993 1622 1041; x_wconf 88' lang='lat' dir='ltr'>sponse</span> <span class='ocrx_word' id='word_1_33' title='bbox 1649 982 1698 1025; x_wconf 91' lang='lat' dir='ltr'>et</span> <span class='ocrx_word' id='word_1_34' title='bbox 1723 976 1887 1025; x_wconf 87' lang='lat' dir='ltr'>eorum</span> <span class='ocrx_word' id='word_1_35' title='bbox 1913 977 2095 1025; x_wconf 87' lang='lat' dir='ltr'>diutius</span> <span class='ocrx_word' id='word_1_36' title='bbox 2119 977 2301 1025; x_wconf 83' lang='lat' dir='ltr'>viuenti</span> <span class='ocrx_word' id='word_1_37' title='bbox 2325 978 2510 1024; x_wconf 89' lang='lat' dir='ltr'>heredi-</span> 
     </span>
     <span class='ocr_line' id='line_1_5' title="bbox 551 1063 2508 1130; baseline 0.002 -20"><span class='ocrx_word' id='word_1_38' title='bbox 551 1063 639 1112; x_wconf 85' lang='lat' dir='ltr'>bus</span> <span class='ocrx_word' id='word_1_39' title='bbox 679 1063 778 1113; x_wconf 85' lang='lat' dir='ltr'>suis</span> <span class='ocrx_word' id='word_1_40' title='bbox 814 1067 864 1112; x_wconf 83' lang='lat' dir='ltr'>et</span> <span class='ocrx_word' id='word_1_41' title='bbox 901 1064 1156 1127; x_wconf 82' lang='lat' dir='ltr'>assignatis</span> <span class='ocrx_word' id='word_1_42' title='bbox 1194 1081 1340 1114; x_wconf 91' lang='lat' dir='ltr'>unum</span> <span class='ocrx_word' id='word_1_43' title='bbox 1380 1070 1707 1115; x_wconf 74' lang='lat' dir='ltr'>tenementum</span> <span class='ocrx_word' id='word_1_44' title='bbox 1756 1083 1862 1116; x_wconf 91' lang='lat' dir='ltr'>cum</span> <span class='ocrx_word' id='word_1_45' title='bbox 1911 1066 2219 1130; x_wconf 85' lang='lat' dir='ltr'>pertinentiis</span> <span class='ocrx_word' id='word_1_46' title='bbox 2253 1067 2422 1128; x_wconf 87' lang='lat' dir='ltr'>jacens</span> <span class='ocrx_word' id='word_1_47' title='bbox 2459 1067 2508 1113; x_wconf 91' lang='lat' dir='ltr'>in</span> 
     </span>
     <span class='ocr_line' id='line_1_6' title="bbox 553 1153 2509 1219; baseline 0.001 -19"><span class='ocrx_word' id='word_1_48' title='bbox 553 1153 763 1203; x_wconf 81' lang='lat' dir='ltr'>Ciuitate</span> <span class='ocrx_word' id='word_1_49' title='bbox 787 1158 950 1202; x_wconf 85' lang='lat' dir='ltr'>nostra</span> <span class='ocrx_word' id='word_1_50' title='bbox 974 1155 1190 1217; x_wconf 87' lang='lat' dir='ltr'>predicta</span> <span class='ocrx_word' id='word_1_51' title='bbox 1213 1171 1274 1202; x_wconf 89' lang='lat' dir='ltr'>ex</span> <span class='ocrx_word' id='word_1_52' title='bbox 1300 1160 1437 1219; x_wconf 88' lang='lat' dir='ltr'>parte</span> <span class='ocrx_word' id='word_1_53' title='bbox 1462 1156 1684 1204; x_wconf 85' lang='lat' dir='ltr'>orientali</span> <span class='ocrx_word' id='word_1_54' title='bbox 1709 1156 1921 1205; x_wconf 86' lang='lat' dir='ltr'>eiusdem</span> <span class='ocrx_word' id='word_1_55' title='bbox 1945 1156 2072 1204; x_wconf 88' lang='lat' dir='ltr'>inter</span> <span class='ocrx_word' id='word_1_56' title='bbox 2095 1160 2250 1204; x_wconf 85' lang='lat' dir='ltr'>terras</span> <span class='ocrx_word' id='word_1_57' title='bbox 2272 1156 2306 1202; x_wconf 85' lang='lat' dir='ltr'><strong>J</strong></span> <span class='ocrx_word' id='word_1_58' title='bbox 2311 1156 2509 1203; x_wconf 87' lang='lat' dir='ltr'>ohannis</span> 
     </span>
     <span class='ocr_line' id='line_1_7' title="bbox 555 1243 2511 1308; baseline 0.001 -19"><span class='ocrx_word' id='word_1_59' title='bbox 555 1243 782 1292; x_wconf 88' lang='lat' dir='ltr'>Webster</span> <span class='ocrx_word' id='word_1_60' title='bbox 818 1243 1030 1292; x_wconf 86' lang='lat' dir='ltr'>allutarii</span> <span class='ocrx_word' id='word_1_61' title='bbox 1068 1245 1128 1292; x_wconf 88' lang='lat' dir='ltr'>ad</span> <span class='ocrx_word' id='word_1_62' title='bbox 1165 1245 1357 1292; x_wconf 87' lang='lat' dir='ltr'>boream</span> <span class='ocrx_word' id='word_1_63' title='bbox 1383 1248 1434 1293; x_wconf 89' lang='lat' dir='ltr'>et</span> <span class='ocrx_word' id='word_1_64' title='bbox 1457 1252 1613 1294; x_wconf 87' lang='lat' dir='ltr'>terras</span> <span class='ocrx_word' id='word_1_65' title='bbox 1641 1245 1855 1308; x_wconf 82' lang='lat' dir='ltr'>magistri</span> <span class='ocrx_word' id='word_1_66' title='bbox 1882 1243 2091 1293; x_wconf 90' lang='lat' dir='ltr'>Walteri</span> <span class='ocrx_word' id='word_1_67' title='bbox 2117 1243 2247 1292; x_wconf 88' lang='lat' dir='ltr'>Scall</span> <span class='ocrx_word' id='word_1_68' title='bbox 2272 1245 2333 1292; x_wconf 88' lang='lat' dir='ltr'>ad</span> <span class='ocrx_word' id='word_1_69' title='bbox 2359 1245 2511 1292; x_wconf 88' lang='lat' dir='ltr'>orien-</span> 
     </span>
     <span class='ocr_line' id='line_1_8' title="bbox 550 1333 2510 1396; baseline -0.001 -16"><span class='ocrx_word' id='word_1_70' title='bbox 550 1336 648 1380; x_wconf 84' lang='lat' dir='ltr'>tem</span> <span class='ocrx_word' id='word_1_71' title='bbox 673 1336 723 1381; x_wconf 86' lang='lat' dir='ltr'>et</span> <span class='ocrx_word' id='word_1_72' title='bbox 746 1337 901 1382; x_wconf 86' lang='lat' dir='ltr'>terras</span> <span class='ocrx_word' id='word_1_73' title='bbox 934 1333 969 1379; x_wconf 86' lang='lat' dir='ltr'><strong>J</strong></span> <span class='ocrx_word' id='word_1_74' title='bbox 973 1333 1173 1381; x_wconf 80' lang='lat' dir='ltr'>ohannis</span> <span class='ocrx_word' id='word_1_75' title='bbox 1206 1333 1346 1381; x_wconf 89' lang='lat' dir='ltr'>Avail</span> <span class='ocrx_word' id='word_1_76' title='bbox 1370 1335 1431 1382; x_wconf 89' lang='lat' dir='ltr'>ad</span> <span class='ocrx_word' id='word_1_77' title='bbox 1455 1339 1671 1382; x_wconf 81' lang='lat' dir='ltr'>austrum</span> <span class='ocrx_word' id='word_1_78' title='bbox 1695 1338 1745 1382; x_wconf 89' lang='lat' dir='ltr'>et</span> <span class='ocrx_word' id='word_1_79' title='bbox 1770 1350 2068 1382; x_wconf 87' lang='lat' dir='ltr'>communem</span> <span class='ocrx_word' id='word_1_80' title='bbox 2094 1334 2219 1382; x_wconf 86' lang='lat' dir='ltr'>viam</span> <span class='ocrx_word' id='word_1_81' title='bbox 2245 1334 2422 1396; x_wconf 84' lang='lat' dir='ltr'>regiam</span> <span class='ocrx_word' id='word_1_82' title='bbox 2449 1334 2510 1380; x_wconf 89' lang='lat' dir='ltr'>ad</span> 
     </span>
     <span class='ocr_line' id='line_1_9' title="bbox 550 1421 2510 1486; baseline -0.001 -17"><span class='ocrx_word' id='word_1_83' title='bbox 550 1421 846 1471; x_wconf 89' lang='lat' dir='ltr'>occidentem</span> <span class='ocrx_word' id='word_1_84' title='bbox 897 1449 909 1460; x_wconf 86' lang='lat'><strong>·</strong></span> <span class='ocrx_word' id='word_1_85' title='bbox 951 1422 1283 1486; x_wconf 81' lang='lat' dir='ltr'>Quodquidem</span> <span class='ocrx_word' id='word_1_86' title='bbox 1325 1427 1652 1472; x_wconf 89' lang='lat' dir='ltr'>tenementum</span> <span class='ocrx_word' id='word_1_87' title='bbox 1691 1451 1701 1460; x_wconf 90' lang='lat'><strong>·</strong></span> <span class='ocrx_word' id='word_1_88' title='bbox 1742 1451 1751 1460; x_wconf 89' lang='lat'><strong>·</strong></span> <span class='ocrx_word' id='word_1_89' title='bbox 1792 1451 1801 1460; x_wconf 91' lang='lat'><strong>·</strong></span> <span class='ocrx_word' id='word_1_90' title='bbox 1839 1423 1952 1471; x_wconf 88' lang='lat' dir='ltr'>olim</span> <span class='ocrx_word' id='word_1_91' title='bbox 1992 1423 2084 1470; x_wconf 85' lang='lat' dir='ltr'>fuit</span> <span class='ocrx_word' id='word_1_92' title='bbox 2127 1423 2371 1486; x_wconf 88' lang='lat' dir='ltr'>quondam</span> <span class='ocrx_word' id='word_1_93' title='bbox 2423 1421 2510 1468; x_wconf 90' lang='lat' dir='ltr'>Ri-</span> 
     </span>
     <span class='ocr_line' id='line_1_10' title="bbox 550 1511 2508 1576; baseline -0.001 -17"><span class='ocrx_word' id='word_1_94' title='bbox 550 1511 681 1559; x_wconf 87' lang='lat' dir='ltr'>cardi</span> <span class='ocrx_word' id='word_1_95' title='bbox 707 1511 892 1560; x_wconf 86' lang='lat' dir='ltr'>Purrok</span> <span class='ocrx_word' id='word_1_96' title='bbox 927 1512 1213 1560; x_wconf 87' lang='lat' dir='ltr'>hereditarie</span> <span class='ocrx_word' id='word_1_97' title='bbox 1253 1517 1301 1560; x_wconf 92' lang='lat' dir='ltr'>et</span> <span class='ocrx_word' id='word_1_98' title='bbox 1338 1528 1463 1560; x_wconf 90' lang='lat' dir='ltr'>nunc</span> <span class='ocrx_word' id='word_1_99' title='bbox 1505 1513 1704 1560; x_wconf 86' lang='lat' dir='ltr'>Ricardi</span> <span class='ocrx_word' id='word_1_100' title='bbox 1727 1511 1811 1559; x_wconf 86' lang='lat' dir='ltr'>filii</span> <span class='ocrx_word' id='word_1_101' title='bbox 1836 1512 1908 1560; x_wconf 84' lang='lat' dir='ltr'>sui</span> <span class='ocrx_word' id='word_1_102' title='bbox 1947 1539 1957 1550; x_wconf 80' lang='lat'>-</span> <span class='ocrx_word' id='word_1_103' title='bbox 1997 1513 2063 1560; x_wconf 94' lang='lat' dir='ltr'>Et</span> <span class='ocrx_word' id='word_1_104' title='bbox 2100 1513 2227 1576; x_wconf 92' lang='lat' dir='ltr'>quod</span> <span class='ocrx_word' id='word_1_105' title='bbox 2262 1517 2508 1561; x_wconf 86' lang='lat' dir='ltr'>tenemen-</span> 
     </span>
     <span class='ocr_line' id='line_1_11' title="bbox 549 1601 2510 1664; baseline 0 -16"><span class='ocrx_word' id='word_1_106' title='bbox 549 1605 652 1649; x_wconf 88' lang='lat' dir='ltr'>tum</span> <span class='ocrx_word' id='word_1_107' title='bbox 690 1617 796 1649; x_wconf 92' lang='lat' dir='ltr'>cum</span> <span class='ocrx_word' id='word_1_108' title='bbox 835 1601 1139 1662; x_wconf 85' lang='lat' dir='ltr'>pertinentiis</span> <span class='ocrx_word' id='word_1_109' title='bbox 1175 1602 1300 1649; x_wconf 87' lang='lat' dir='ltr'>idem</span> <span class='ocrx_word' id='word_1_110' title='bbox 1341 1602 1579 1650; x_wconf 85' lang='lat' dir='ltr'>Ricardus</span> <span class='ocrx_word' id='word_1_111' title='bbox 1615 1601 1739 1650; x_wconf 82' lang='lat' dir='ltr'>filius</span> <span class='ocrx_word' id='word_1_112' title='bbox 1774 1606 1824 1649; x_wconf 87' lang='lat' dir='ltr'>et</span> <span class='ocrx_word' id='word_1_113' title='bbox 1858 1602 1996 1649; x_wconf 89' lang='lat' dir='ltr'>heres</span> <span class='ocrx_word' id='word_1_114' title='bbox 2023 1602 2222 1650; x_wconf 84' lang='lat' dir='ltr'>Ricardi</span> <span class='ocrx_word' id='word_1_115' title='bbox 2258 1602 2331 1649; x_wconf 89' lang='lat' dir='ltr'>sui</span> <span class='ocrx_word' id='word_1_116' title='bbox 2358 1602 2510 1664; x_wconf 84' lang='lat' dir='ltr'>patris</span> 
     </span>
     <span class='ocr_line' id='line_1_12' title="bbox 604 1690 2508 1754; baseline -0.002 -15"><span class='ocrx_word' id='word_1_117' title='bbox 604 1719 614 1728; x_wconf 85' lang='lat'><strong>·</strong></span> <span class='ocrx_word' id='word_1_118' title='bbox 653 1718 663 1728; x_wconf 93' lang='lat'><strong>·</strong></span> <span class='ocrx_word' id='word_1_119' title='bbox 700 1690 748 1739; x_wconf 91' lang='lat' dir='ltr'>in</span> <span class='ocrx_word' id='word_1_120' title='bbox 773 1691 989 1739; x_wconf 87' lang='lat' dir='ltr'>manibus</span> <span class='ocrx_word' id='word_1_121' title='bbox 1012 1691 1189 1740; x_wconf 85' lang='lat' dir='ltr'>nostris</span> <span class='ocrx_word' id='word_1_122' title='bbox 1213 1695 1440 1754; x_wconf 80' lang='lat' dir='ltr'>tanquam</span> <span class='ocrx_word' id='word_1_123' title='bbox 1480 1692 1527 1738; x_wconf 90' lang='lat' dir='ltr'>in</span> <span class='ocrx_word' id='word_1_124' title='bbox 1565 1691 1785 1740; x_wconf 86' lang='lat' dir='ltr'>manibus</span> <span class='ocrx_word' id='word_1_125' title='bbox 1810 1691 1988 1740; x_wconf 90' lang='lat' dir='ltr'>domini</span> <span class='ocrx_word' id='word_1_126' title='bbox 2012 1691 2273 1754; x_wconf 90' lang='lat' dir='ltr'>superioris</span> <span class='ocrx_word' id='word_1_127' title='bbox 2297 1690 2508 1744; x_wconf 86' lang='lat' dir='ltr'>eiusdem</span> 
     </span>
     <span class='ocr_line' id='line_1_13' title="bbox 550 1780 2508 1845; baseline -0.001 -18"><span class='ocrx_word' id='word_1_128' title='bbox 550 1781 675 1843; x_wconf 89' lang='lat' dir='ltr'>apud</span> <span class='ocrx_word' id='word_1_129' title='bbox 713 1784 926 1829; x_wconf 88' lang='lat' dir='ltr'>nostrum</span> <span class='ocrx_word' id='word_1_130' title='bbox 966 1780 1196 1844; x_wconf 89' lang='lat' dir='ltr'>palatium</span> <span class='ocrx_word' id='word_1_131' title='bbox 1236 1782 1295 1828; x_wconf 90' lang='lat' dir='ltr'>de</span> <span class='ocrx_word' id='word_1_132' title='bbox 1335 1781 1541 1829; x_wconf 87' lang='lat' dir='ltr'>Brechin</span> <span class='ocrx_word' id='word_1_133' title='bbox 1571 1797 1656 1845; x_wconf 86' lang='lat' dir='ltr'>per</span> <span class='ocrx_word' id='word_1_134' title='bbox 1678 1782 1855 1830; x_wconf 84' lang='lat' dir='ltr'>fustem</span> <span class='ocrx_word' id='word_1_135' title='bbox 1880 1786 1928 1828; x_wconf 89' lang='lat' dir='ltr'>et</span> <span class='ocrx_word' id='word_1_136' title='bbox 1954 1780 2175 1829; x_wconf 89' lang='lat' dir='ltr'>baculum</span> <span class='ocrx_word' id='word_1_137' title='bbox 2214 1809 2223 1818; x_wconf 93' lang='lat'><strong>·</strong></span> <span class='ocrx_word' id='word_1_138' title='bbox 2264 1809 2274 1818; x_wconf 90' lang='lat'><strong>·</strong></span> <span class='ocrx_word' id='word_1_139' title='bbox 2315 1809 2325 1817; x_wconf 92' lang='lat'><strong>·</strong></span> <span class='ocrx_word' id='word_1_140' title='bbox 2362 1780 2508 1842; x_wconf 82' lang='lat' dir='ltr'>resig-</span> 
     </span>
     <span class='ocr_line' id='line_1_14' title="bbox 550 1870 2510 1920; baseline 0 -4"><span class='ocrx_word' id='word_1_141' title='bbox 550 1870 683 1918; x_wconf 89' lang='lat' dir='ltr'>nanit</span> <span class='ocrx_word' id='word_1_142' title='bbox 723 1898 733 1907; x_wconf 93' lang='lat'><strong>·</strong></span> <span class='ocrx_word' id='word_1_143' title='bbox 772 1870 1048 1919; x_wconf 78' lang='lat' dir='ltr'>Tenendum</span> <span class='ocrx_word' id='word_1_144' title='bbox 1087 1898 1097 1908; x_wconf 88' lang='lat'><strong>·</strong></span> <span class='ocrx_word' id='word_1_145' title='bbox 1138 1898 1147 1907; x_wconf 91' lang='lat'><strong>·</strong></span> <span class='ocrx_word' id='word_1_146' title='bbox 1188 1898 1197 1907; x_wconf 89' lang='lat'><strong>·</strong></span> <span class='ocrx_word' id='word_1_147' title='bbox 1235 1871 1294 1918; x_wconf 89' lang='lat' dir='ltr'>de</span> <span class='ocrx_word' id='word_1_148' title='bbox 1333 1870 1470 1920; x_wconf 90' lang='lat' dir='ltr'>nobis</span> <span class='ocrx_word' id='word_1_149' title='bbox 1509 1874 1558 1918; x_wconf 87' lang='lat' dir='ltr'>et</span> <span class='ocrx_word' id='word_1_150' title='bbox 1596 1871 1949 1919; x_wconf 83' lang='lat' dir='ltr'>successoribus</span> <span class='ocrx_word' id='word_1_151' title='bbox 1974 1871 2151 1919; x_wconf 87' lang='lat' dir='ltr'>nostris</span> <span class='ocrx_word' id='word_1_152' title='bbox 2178 1870 2510 1918; x_wconf 84' lang='lat' dir='ltr'>Brechinensi-</span> 
     </span>
     <span class='ocr_line' id='line_1_15' title="bbox 552 1959 2506 2024; baseline -0.001 -17"><span class='ocrx_word' id='word_1_153' title='bbox 552 1960 638 2008; x_wconf 85' lang='lat' dir='ltr'>bus</span> <span class='ocrx_word' id='word_1_154' title='bbox 662 1960 897 2023; x_wconf 87' lang='lat' dir='ltr'>episcopis</span> <span class='ocrx_word' id='word_1_155' title='bbox 935 1960 983 2007; x_wconf 92' lang='lat' dir='ltr'>in</span> <span class='ocrx_word' id='word_1_156' title='bbox 1020 1961 1161 2008; x_wconf 85' lang='lat' dir='ltr'>feodo</span> <span class='ocrx_word' id='word_1_157' title='bbox 1197 1964 1246 2008; x_wconf 94' lang='lat' dir='ltr'>et</span> <span class='ocrx_word' id='word_1_158' title='bbox 1276 1960 1544 2008; x_wconf 83' lang='lat' dir='ltr'>hereditate</span> <span class='ocrx_word' id='word_1_159' title='bbox 1570 1960 1916 2024; x_wconf 84' lang='lat' dir='ltr'>imperpetuum</span> <span class='ocrx_word' id='word_1_160' title='bbox 1957 1988 1967 1997; x_wconf 90' lang='lat'><strong>·</strong></span> <span class='ocrx_word' id='word_1_161' title='bbox 2007 1988 2016 1997; x_wconf 93' lang='lat'><strong>·</strong></span> <span class='ocrx_word' id='word_1_162' title='bbox 2057 1988 2067 1997; x_wconf 90' lang='lat'><strong>·</strong></span> <span class='ocrx_word' id='word_1_163' title='bbox 2109 1960 2372 2007; x_wconf 87' lang='lat' dir='ltr'>Reddendo</span> <span class='ocrx_word' id='word_1_164' title='bbox 2397 1959 2506 2005; x_wconf 89' lang='lat' dir='ltr'>inde</span> 
     </span>
     <span class='ocr_line' id='line_1_16' title="bbox 550 2043 2506 2113; baseline -0.001 -16"><span class='ocrx_word' id='word_1_165' title='bbox 550 2043 792 2098; x_wconf 87' lang='lat' dir='ltr'>annuatim</span> <span class='ocrx_word' id='word_1_166' title='bbox 835 2078 844 2087; x_wconf 89' lang='lat'><strong>·</strong></span> <span class='ocrx_word' id='word_1_167' title='bbox 884 2079 893 2087; x_wconf 90' lang='lat'>-</span> <span class='ocrx_word' id='word_1_168' title='bbox 934 2078 944 2087; x_wconf 92' lang='lat'><strong>·</strong></span> <span class='ocrx_word' id='word_1_169' title='bbox 981 2049 1118 2097; x_wconf 85' lang='lat' dir='ltr'>nobis</span> <span class='ocrx_word' id='word_1_170' title='bbox 1153 2054 1202 2096; x_wconf 89' lang='lat' dir='ltr'>et</span> <span class='ocrx_word' id='word_1_171' title='bbox 1238 2049 1593 2098; x_wconf 80' lang='lat' dir='ltr'>successoribus</span> <span class='ocrx_word' id='word_1_172' title='bbox 1625 2050 1803 2099; x_wconf 84' lang='lat' dir='ltr'>nostris</span> <span class='ocrx_word' id='word_1_173' title='bbox 1837 2050 2073 2113; x_wconf 88' lang='lat' dir='ltr'>episcopis</span> <span class='ocrx_word' id='word_1_174' title='bbox 2103 2049 2506 2096; x_wconf 85' lang='lat' dir='ltr'>Brechinensibus</span> 
     </span>
     <span class='ocr_line' id='line_1_17' title="bbox 552 2138 2506 2200; baseline -0.001 -14"><span class='ocrx_word' id='word_1_175' title='bbox 552 2140 670 2188; x_wconf 88' lang='lat' dir='ltr'>duos</span> <span class='ocrx_word' id='word_1_176' title='bbox 706 2138 885 2187; x_wconf 82' lang='lat' dir='ltr'>solidos</span> <span class='ocrx_word' id='word_1_177' title='bbox 923 2138 1102 2188; x_wconf 88' lang='lat' dir='ltr'>usualis</span> <span class='ocrx_word' id='word_1_178' title='bbox 1139 2143 1331 2187; x_wconf 86' lang='lat' dir='ltr'>monete</span> <span class='ocrx_word' id='word_1_179' title='bbox 1371 2139 1503 2200; x_wconf 83' lang='lat' dir='ltr'>regni</span> <span class='ocrx_word' id='word_1_180' title='bbox 1541 2139 1704 2187; x_wconf 79' lang='lat' dir='ltr'>Scotie</span> <span class='ocrx_word' id='word_1_181' title='bbox 1742 2140 1802 2187; x_wconf 87' lang='lat' dir='ltr'>ad</span> <span class='ocrx_word' id='word_1_182' title='bbox 1841 2140 1960 2188; x_wconf 90' lang='lat' dir='ltr'>duos</span> <span class='ocrx_word' id='word_1_183' title='bbox 1993 2139 2107 2187; x_wconf 89' lang='lat' dir='ltr'>anni</span> <span class='ocrx_word' id='word_1_184' title='bbox 2140 2138 2371 2186; x_wconf 88' lang='lat' dir='ltr'>terminos</span> <span class='ocrx_word' id='word_1_185' title='bbox 2396 2154 2506 2185; x_wconf 86' lang='lat' dir='ltr'>con-</span> 
     </span>
     <span class='ocr_line' id='line_1_18' title="bbox 551 2227 2508 2291; baseline -0.002 -14"><span class='ocrx_word' id='word_1_186' title='bbox 551 2235 714 2278; x_wconf 84' lang='lat' dir='ltr'>suetos</span> <span class='ocrx_word' id='word_1_187' title='bbox 751 2257 761 2266; x_wconf 91' lang='lat'><strong>·</strong></span> <span class='ocrx_word' id='word_1_188' title='bbox 800 2257 810 2266; x_wconf 90' lang='lat'><strong>·</strong></span> <span class='ocrx_word' id='word_1_189' title='bbox 851 2257 860 2266; x_wconf 91' lang='lat'><em>-</em></span> <span class='ocrx_word' id='word_1_190' title='bbox 898 2244 1006 2276; x_wconf 85' lang='lat' dir='ltr'>cum</span> <span class='ocrx_word' id='word_1_191' title='bbox 1032 2228 1140 2276; x_wconf 88' lang='lat' dir='ltr'>aliis</span> <span class='ocrx_word' id='word_1_192' title='bbox 1164 2231 1214 2277; x_wconf 87' lang='lat' dir='ltr'>et</span> <span class='ocrx_word' id='word_1_193' title='bbox 1237 2228 1436 2291; x_wconf 83' lang='lat' dir='ltr'>singulis</span> <span class='ocrx_word' id='word_1_194' title='bbox 1459 2228 1670 2276; x_wconf 84' lang='lat' dir='ltr'>seruitiis</span> <span class='ocrx_word' id='word_1_195' title='bbox 1696 2228 1834 2276; x_wconf 85' lang='lat' dir='ltr'>nobis</span> <span class='ocrx_word' id='word_1_196' title='bbox 1869 2228 1916 2276; x_wconf 92' lang='lat' dir='ltr'>in</span> <span class='ocrx_word' id='word_1_197' title='bbox 1952 2228 2083 2276; x_wconf 86' lang='lat' dir='ltr'>dicta</span> <span class='ocrx_word' id='word_1_198' title='bbox 2107 2227 2318 2275; x_wconf 79' lang='lat' dir='ltr'>Ciuitate</span> <span class='ocrx_word' id='word_1_199' title='bbox 2342 2232 2508 2274; x_wconf 83' lang='lat' dir='ltr'>nostra</span> 
     </span>
     <span class='ocr_line' id='line_1_19' title="bbox 553 2317 2507 2380; baseline -0.002 -14"><span class='ocrx_word' id='word_1_200' title='bbox 553 2318 727 2367; x_wconf 88' lang='lat' dir='ltr'>debitis</span> <span class='ocrx_word' id='word_1_201' title='bbox 762 2322 812 2366; x_wconf 90' lang='lat' dir='ltr'>et</span> <span class='ocrx_word' id='word_1_202' title='bbox 850 2318 1091 2367; x_wconf 80' lang='lat' dir='ltr'>consuetis</span> <span class='ocrx_word' id='word_1_203' title='bbox 1129 2346 1139 2355; x_wconf 89' lang='lat'><strong>·</strong></span> <span class='ocrx_word' id='word_1_204' title='bbox 1178 2345 1189 2356; x_wconf 90' lang='lat'><strong>·</strong></span> <span class='ocrx_word' id='word_1_205' title='bbox 1229 2345 1239 2355; x_wconf 92' lang='lat'><strong>·</strong></span> <span class='ocrx_word' id='word_1_206' title='bbox 1277 2317 1338 2366; x_wconf 91' lang='lat' dir='ltr'>In</span> <span class='ocrx_word' id='word_1_207' title='bbox 1376 2317 1510 2366; x_wconf 90' lang='lat' dir='ltr'>cuius</span> <span class='ocrx_word' id='word_1_208' title='bbox 1551 2319 1619 2365; x_wconf 87' lang='lat' dir='ltr'>rei</span> <span class='ocrx_word' id='word_1_209' title='bbox 1654 2317 1981 2366; x_wconf 85' lang='lat' dir='ltr'>testimonium</span> <span class='ocrx_word' id='word_1_210' title='bbox 2004 2317 2115 2365; x_wconf 92' lang='lat' dir='ltr'>huic</span> <span class='ocrx_word' id='word_1_211' title='bbox 2139 2317 2351 2380; x_wconf 83' lang='lat' dir='ltr'>presenti</span> <span class='ocrx_word' id='word_1_212' title='bbox 2375 2321 2507 2363; x_wconf 83' lang='lat' dir='ltr'>carte</span> 
     </span>
     <span class='ocr_line' id='line_1_20' title="bbox 553 2405 2509 2471; baseline -0.001 -16"><span class='ocrx_word' id='word_1_213' title='bbox 553 2412 715 2457; x_wconf 86' lang='lat' dir='ltr'>nostre</span> <span class='ocrx_word' id='word_1_214' title='bbox 738 2407 942 2471; x_wconf 85' lang='lat' dir='ltr'>sigillum</span> <span class='ocrx_word' id='word_1_215' title='bbox 967 2411 1182 2456; x_wconf 87' lang='lat' dir='ltr'>nostrum</span> <span class='ocrx_word' id='word_1_216' title='bbox 1206 2408 1459 2455; x_wconf 89' lang='lat' dir='ltr'>rotundum</span> <span class='ocrx_word' id='word_1_217' title='bbox 1488 2423 1688 2454; x_wconf 84' lang='lat' dir='ltr'>unacum</span> <span class='ocrx_word' id='word_1_218' title='bbox 1726 2406 1880 2470; x_wconf 84' lang='lat' dir='ltr'>sigillo</span> <span class='ocrx_word' id='word_1_219' title='bbox 1915 2406 2154 2454; x_wconf 89' lang='lat' dir='ltr'>communi</span> <span class='ocrx_word' id='word_1_220' title='bbox 2179 2405 2378 2469; x_wconf 87' lang='lat' dir='ltr'>capituli</span> <span class='ocrx_word' id='word_1_221' title='bbox 2402 2421 2509 2453; x_wconf 86' lang='lat' dir='ltr'>nos-</span> 
     </span>
     <span class='ocr_line' id='line_1_21' title="bbox 554 2495 2507 2561; baseline -0.003 -15"><span class='ocrx_word' id='word_1_222' title='bbox 554 2499 618 2546; x_wconf 86' lang='lat' dir='ltr'>tri</span> <span class='ocrx_word' id='word_1_223' title='bbox 656 2497 859 2561; x_wconf 82' lang='lat' dir='ltr'>predicti</span> <span class='ocrx_word' id='word_1_224' title='bbox 896 2513 982 2560; x_wconf 87' lang='lat' dir='ltr'>pro</span> <span class='ocrx_word' id='word_1_225' title='bbox 1021 2513 1182 2545; x_wconf 89' lang='lat' dir='ltr'>eorum</span> <span class='ocrx_word' id='word_1_226' title='bbox 1221 2512 1453 2545; x_wconf 87' lang='lat' dir='ltr'>consensu</span> <span class='ocrx_word' id='word_1_227' title='bbox 1478 2500 1527 2544; x_wconf 91' lang='lat' dir='ltr'>et</span> <span class='ocrx_word' id='word_1_228' title='bbox 1552 2512 1748 2545; x_wconf 90' lang='lat' dir='ltr'>assensu</span> <span class='ocrx_word' id='word_1_229' title='bbox 1783 2495 2225 2559; x_wconf 20' lang='lat' dir='ltr'>presentibusrsunt</span> <span class='ocrx_word' id='word_1_230' title='bbox 2250 2511 2460 2558; x_wconf 86' lang='lat' dir='ltr'>appensa</span> <span class='ocrx_word' id='word_1_231' title='bbox 2498 2522 2507 2531; x_wconf 91' lang='lat'><em>—</em></span> 
     </span>
     <span class='ocr_line' id='line_1_22' title="bbox 557 2583 2509 2652; baseline -0.003 -17"><span class='ocrx_word' id='word_1_232' title='bbox 557 2589 697 2652; x_wconf 87' lang='lat' dir='ltr'>Apud</span> <span class='ocrx_word' id='word_1_233' title='bbox 724 2586 999 2651; x_wconf 85' lang='lat' dir='ltr'>Capitulum</span> <span class='ocrx_word' id='word_1_234' title='bbox 1036 2591 1248 2635; x_wconf 87' lang='lat' dir='ltr'>nostrum</span> <span class='ocrx_word' id='word_1_235' title='bbox 1287 2586 1551 2650; x_wconf 89' lang='lat' dir='ltr'>predictum</span> <span class='ocrx_word' id='word_1_236' title='bbox 1592 2602 1717 2633; x_wconf 87' lang='lat' dir='ltr'>nono</span> <span class='ocrx_word' id='word_1_237' title='bbox 1753 2585 1830 2632; x_wconf 92' lang='lat' dir='ltr'>die</span> <span class='ocrx_word' id='word_1_238' title='bbox 1865 2585 2042 2633; x_wconf 88' lang='lat' dir='ltr'>mensis</span> <span class='ocrx_word' id='word_1_239' title='bbox 2075 2584 2109 2631; x_wconf 87' lang='lat' dir='ltr'>J</span> <span class='ocrx_word' id='word_1_240' title='bbox 2114 2583 2212 2632; x_wconf 91' lang='lat' dir='ltr'>unii</span> <span class='ocrx_word' id='word_1_241' title='bbox 2247 2599 2372 2631; x_wconf 87' lang='lat' dir='ltr'>anno</span> <span class='ocrx_word' id='word_1_242' title='bbox 2409 2583 2509 2630; x_wconf 88' lang='lat' dir='ltr'>Do—</span> 
     </span>
     <span class='ocr_line' id='line_1_23' title="bbox 555 2671 2506 2740; baseline -0.004 -15"><span class='ocrx_word' id='word_1_243' title='bbox 555 2677 670 2725; x_wconf 91' lang='lat' dir='ltr'>mini</span> <span class='ocrx_word' id='word_1_244' title='bbox 694 2676 943 2726; x_wconf 88' lang='lat' dir='ltr'>millesimo</span> <span class='ocrx_word' id='word_1_245' title='bbox 968 2675 1348 2740; x_wconf 83' lang='lat' dir='ltr'>quingentesimo</span> <span class='ocrx_word' id='word_1_246' title='bbox 1370 2679 1511 2724; x_wconf 85' lang='lat' dir='ltr'>sexto</span> <span class='ocrx_word' id='word_1_247' title='bbox 1535 2674 1837 2737; x_wconf 86' lang='lat' dir='ltr'>presentibus</span> <span class='ocrx_word' id='word_1_248' title='bbox 1871 2673 2047 2720; x_wconf 87' lang='lat' dir='ltr'>ibidem</span> <span class='ocrx_word' id='word_1_249' title='bbox 2072 2671 2423 2720; x_wconf 84' lang='lat' dir='ltr'>venerabilibus</span> <span class='ocrx_word' id='word_1_250' title='bbox 2457 2676 2506 2719; x_wconf 89' lang='lat' dir='ltr'>et</span> 
     </span>
     <span class='ocr_line' id='line_1_24' title="bbox 556 2761 2507 2830; baseline -0.004 -15"><span class='ocrx_word' id='word_1_251' title='bbox 556 2766 912 2830; x_wconf 81' lang='lat' dir='ltr'>circumspectis</span> <span class='ocrx_word' id='word_1_252' title='bbox 952 2765 1065 2813; x_wconf 87' lang='lat' dir='ltr'>viris</span> <span class='ocrx_word' id='word_1_253' title='bbox 1110 2764 1350 2827; x_wconf 82' lang='lat' dir='ltr'>magistris</span> <span class='ocrx_word' id='word_1_254' title='bbox 1396 2768 1445 2811; x_wconf 88' lang='lat' dir='ltr'>et</span> <span class='ocrx_word' id='word_1_255' title='bbox 1494 2764 1697 2812; x_wconf 74' lang='lat' dir='ltr'>dominis</span> <span class='ocrx_word' id='word_1_256' title='bbox 1742 2762 1986 2810; x_wconf 91' lang='lat' dir='ltr'>Willelmo</span> <span class='ocrx_word' id='word_1_257' title='bbox 2029 2761 2269 2809; x_wconf 91' lang='lat' dir='ltr'>Meldrum</span> <span class='ocrx_word' id='word_1_258' title='bbox 2312 2766 2507 2809; x_wconf 80' lang='lat' dir='ltr'>cantore</span> 
     </span>
     <span class='ocr_line' id='line_1_25' title="bbox 556 2851 2508 2924; baseline -0.004 -19"><span class='ocrx_word' id='word_1_259' title='bbox 556 2855 828 2924; x_wconf 82' lang='lat' dir='ltr'>presedenti</span> <span class='ocrx_word' id='word_1_260' title='bbox 855 2855 1063 2903; x_wconf 88' lang='lat' dir='ltr'>Patricio</span> <span class='ocrx_word' id='word_1_261' title='bbox 1103 2855 1262 2917; x_wconf 85' lang='lat' dir='ltr'>Boyes</span> <span class='ocrx_word' id='word_1_262' title='bbox 1297 2854 1595 2901; x_wconf 86' lang='lat' dir='ltr'>thezaurario</span> <span class='ocrx_word' id='word_1_263' title='bbox 1633 2853 1816 2900; x_wconf 86' lang='lat' dir='ltr'>Thoma</span> <span class='ocrx_word' id='word_1_264' title='bbox 1854 2851 2092 2899; x_wconf 79' lang='lat' dir='ltr'>Meldrum</span> <span class='ocrx_word' id='word_1_265' title='bbox 2126 2852 2397 2900; x_wconf 86' lang='lat' dir='ltr'>subdecano</span> <span class='ocrx_word' id='word_1_266' title='bbox 2421 2852 2455 2897; x_wconf 87' lang='lat' dir='ltr'><strong>J</strong></span> <span class='ocrx_word' id='word_1_267' title='bbox 2459 2867 2508 2898; x_wconf 88' lang='lat' dir='ltr'>o-</span> 
     </span>
     <span class='ocr_line' id='line_1_26' title="bbox 556 2939 2504 3006; baseline -0.003 -12"><span class='ocrx_word' id='word_1_268' title='bbox 556 2947 717 2994; x_wconf 89' lang='lat' dir='ltr'>hanne</span> <span class='ocrx_word' id='word_1_269' title='bbox 751 2943 990 2993; x_wconf 88' lang='lat' dir='ltr'>Meldrum</span> <span class='ocrx_word' id='word_1_270' title='bbox 1031 2945 1089 2991; x_wconf 88' lang='lat' dir='ltr'>de</span> <span class='ocrx_word' id='word_1_271' title='bbox 1130 2942 1404 3006; x_wconf 84' lang='lat' dir='ltr'>Bukgergill</span> <span class='ocrx_word' id='word_1_272' title='bbox 1439 2942 1661 2989; x_wconf 61' lang='lat' dir='ltr'>«Iohanne</span> <span class='ocrx_word' id='word_1_273' title='bbox 1699 2941 1892 2990; x_wconf 89' lang='lat' dir='ltr'>Forsith</span> <span class='ocrx_word' id='word_1_274' title='bbox 1931 2942 1991 2988; x_wconf 91' lang='lat' dir='ltr'>de</span> <span class='ocrx_word' id='word_1_275' title='bbox 2030 2939 2240 2989; x_wconf 79' lang='lat' dir='ltr'>Kilmoir</span> <span class='ocrx_word' id='word_1_276' title='bbox 2263 2941 2504 2989; x_wconf 81' lang='lat' dir='ltr'>canon-icis</span> 
     </span>
     <span class='ocr_line' id='line_1_27' title="bbox 557 3029 2508 3098; baseline -0.005 -13"><span class='ocrx_word' id='word_1_277' title='bbox 557 3040 718 3085; x_wconf 89' lang='lat' dir='ltr'>nostre</span> <span class='ocrx_word' id='word_1_278' title='bbox 756 3034 961 3083; x_wconf 57' lang='lat' dir='ltr'>ecclesie,</span> <span class='ocrx_word' id='word_1_279' title='bbox 993 3032 1287 3082; x_wconf 84' lang='lat' dir='ltr'>cathedralis</span> <span class='ocrx_word' id='word_1_280' title='bbox 1321 3031 1662 3079; x_wconf 85' lang='lat' dir='ltr'>Brechinensis</span> <span class='ocrx_word' id='word_1_281' title='bbox 1688 3030 1902 3078; x_wconf 84' lang='lat' dir='ltr'>Roberto</span> <span class='ocrx_word' id='word_1_282' title='bbox 1927 3029 2067 3077; x_wconf 78' lang='lat' dir='ltr'>Avail</span> <span class='ocrx_word' id='word_1_283' title='bbox 2092 3033 2141 3077; x_wconf 91' lang='lat' dir='ltr'>et</span> <span class='ocrx_word' id='word_1_284' title='bbox 2167 3031 2362 3077; x_wconf 80' lang='lat' dir='ltr'>Andrea</span> <span class='ocrx_word' id='word_1_285' title='bbox 2387 3030 2508 3098; x_wconf 65' lang='lat' dir='ltr'>Bry-</span> 
     </span>
     <span class='ocr_line' id='line_1_28' title="bbox 558 3099 2488 3187; baseline -0.006 -12"><span class='ocrx_word' id='word_1_286' title='bbox 558 3130 767 3174; x_wconf 86' lang='lat' dir='ltr'>autoune</span> <span class='ocrx_word' id='word_1_287' title='bbox 790 3124 978 3173; x_wconf 85' lang='lat' dir='ltr'>notario</span> <span class='ocrx_word' id='word_1_288' title='bbox 1002 3122 1192 3187; x_wconf 82' lang='lat' dir='ltr'>publico</span> <span class='ocrx_word' id='word_1_289' title='bbox 1217 3138 1325 3170; x_wconf 80' lang='lat' dir='ltr'>eum</span> <span class='ocrx_word' id='word_1_290' title='bbox 1352 3121 1554 3168; x_wconf 76' lang='lat' dir='ltr'>diuersis</span> <span class='ocrx_word' id='word_1_291' title='bbox 1576 3119 1684 3168; x_wconf 90' lang='lat' dir='ltr'>aliis</span> <span class='ocrx_word' id='word_1_292' title='bbox 1722 3147 1732 3156; x_wconf 91' lang='lat'><strong>·</strong></span> <span class='ocrx_word' id='word_1_293' title='bbox 2484 3099 2488 3107; x_wconf 39' lang='lat'><strong>¹</strong></span> 
     </span>
     <span class='ocr_line' id='line_1_29' title="bbox 1357 3208 2435 3272; baseline -0.003 -16"><span class='ocrx_word' id='word_1_294' title='bbox 1357 3209 1551 3258; x_wconf 76' lang='lat' dir='ltr'>Willffis</span> <span class='ocrx_word' id='word_1_295' title='bbox 1578 3209 1710 3272; x_wconf 73' lang='lat' dir='ltr'>Epfis</span> <span class='ocrx_word' id='word_1_296' title='bbox 1735 3208 2004 3256; x_wconf 77' lang='lat' dir='ltr'>Brechinefl</span> <span class='ocrx_word' id='word_1_297' title='bbox 2028 3224 2172 3255; x_wconf 89' lang='lat' dir='ltr'>manu</span> <span class='ocrx_word' id='word_1_298' title='bbox 2197 3209 2387 3271; x_wconf 85' lang='lat' dir='ltr'>propria</span> <span class='ocrx_word' id='word_1_299' title='bbox 2426 3236 2435 3245; x_wconf 87' lang='lat'><strong>·</strong></span> 
     </span>
     <span class='ocr_line' id='line_1_30' title="bbox 1354 3297 2394 3363; baseline -0.003 -17"><span class='ocrx_word' id='word_1_300' title='bbox 1354 3299 1502 3363; x_wconf 86' lang='lat' dir='ltr'>Hugo</span> <span class='ocrx_word' id='word_1_301' title='bbox 1527 3297 1739 3361; x_wconf 82' lang='lat' dir='ltr'>Douglas</span> <span class='ocrx_word' id='word_1_302' title='bbox 1763 3299 1968 3346; x_wconf 85' lang='lat' dir='ltr'>decanus</span> <span class='ocrx_word' id='word_1_303' title='bbox 1993 3313 2133 3344; x_wconf 84' lang='lat' dir='ltr'>manu</span> <span class='ocrx_word' id='word_1_304' title='bbox 2158 3297 2347 3360; x_wconf 87' lang='lat' dir='ltr'>propria</span> <span class='ocrx_word' id='word_1_305' title='bbox 2385 3325 2394 3334; x_wconf 90' lang='lat'><strong>·</strong></span> 
     </span>
    </p>
   </div>
  </div>
 </body>
</html>
