3016 3958
1079 612 1370 668 CARTAE
1415 587 1914 668 omeiNALEs.
2387 614 2458 671 77

511 799 722 863 aliquam
759 801 808 848 in
851 800 1054 851 ecclesia
1098 803 1316 865 predicta
1351 803 1425 851 vel
1461 807 1602 851 extra
1636 804 1719 851 sed
1754 819 1917 851 eorum
1954 803 2183 850 beneficia
2220 804 2457 865 prebende

514 893 625 937 sunt
661 889 900 954 simplices
935 895 985 939 et
1020 891 1375 955 compassibiles
1410 896 1463 940 ut
1499 891 1715 955 superius
1765 896 1838 940 est
1887 895 2104 939 notatum
2159 920 2168 929 ·
2220 891 2280 938 In
2330 892 2462 939 cuius

514 983 676 1027 nostre
712 984 761 1028 et
795 981 946 1029 nostri
984 979 1180 1044 capituli
1230 980 1567 1030 declarationis
1614 981 1939 1030 testimonium
1990 979 2195 1044 sigillum
2245 985 2460 1029 nostrum

515 1085 716 1117 unacum
764 1068 919 1132 sigillo
966 1069 1205 1117 communi
1242 1064 1374 1118 dicti
1407 1069 1560 1119 nostri
1609 1069 1807 1133 capituli
1850 1069 2153 1133 presentibus
2193 1069 2346 1118 literis
2388 1074 2460 1118 est

513 1174 771 1222 appensum
810 1187 820 1195 -
857 1159 1038 1207 Datum
1079 1159 1128 1206 in
1169 1159 1336 1207 eodem
1360 1158 1571 1222 capitulo
1594 1162 1758 1207 nostro
1794 1159 1842 1205 in
1878 1158 2121 1221 presentia
2145 1159 2459 1207 discretorum

514 1248 720 1296 virorum
746 1248 1042 1296 dominorum
1069 1248 1286 1311 Fergusii
1313 1248 1371 1295 de
1398 1247 1610 1295 Tulache
1633 1247 1943 1311 precentoris,
1984 1247 2184 1295 Ricardi
2211 1248 2268 1294 de
2296 1248 2465 1295 Monte

515 1336 632 1385 Alto
657 1335 943 1390 cancellarii,
971 1336 1158 1384 Mathei
1183 1336 1242 1383 de
1267 1336 1622 1383 Abbirbrothoc
1659 1335 1959 1390 thezaurarii‚
1999 1336 2231 1399 Stephani
2262 1337 2320 1382 de
2357 1335 2465 1382 Cel-

514 1425 633 1473 lario
681 1424 1036 1480 Archidiaconi‚
1087 1423 1322 1473 Willelmi
1360 1425 1419 1472 de
1458 1423 1737 1488 Dalgarnok
1782 1424 1960 1479 vicarii,
2014 1424 2289 1487 Randulphi
2328 1424 2463 1470 Wild

512 1516 785 1571 subdecani,
822 1514 1060 1563 ,Iohannis
1097 1515 1156 1561 (16
1205 1514 1358 1561 Drum
1406 1513 1708 1578 prebendarii
1756 1514 1814 1560 de
1863 1512 2135 1576 Buthirgill,
2183 1513 2364 1560 Thome
2404 1514 2461 1559 de

515 1585 729 1668 Lochrys
743 1604 1043 1668 prebendarii
1059 1604 1118 1651 de
1135 1604 1338 1666 Guthry,
1353 1603 1388 1650 J
1391 1602 1592 1651 ohannis
1609 1601 1743 1649 Wild
1763 1602 1963 1650 rectoris
1981 1602 2041 1649 de
2060 1602 2206 1665 Logy,
2225 1602 2258 1649 J
2263 1602 2462 1649 ohannis

513 1697 572 1743 (16
599 1695 734 1742 Taok
758 1693 921 1742 vicarii
961 1694 1020 1740 de
1061 1692 1320 1756 Monyeky,
1361 1691 1625 1739 Alexandri
1665 1691 1802 1754 Doge
1839 1691 2004 1739 vicarii
2041 1692 2100 1739 de
2137 1691 2459 1754 Dunnechtyn

513 1783 843 1832 canonicorum
870 1781 1070 1830 ecclesie
1092 1782 1320 1845 predicte,
1347 1782 1526 1828 decano
1564 1780 1611 1827 in
1650 1780 1848 1828 remotis
1871 1783 2041 1842 agente
2066 1780 2368 1844 pensionario
2406 1785 2455 1828 et

513 1872 828 1939 prebendario
852 1872 911 1919 de
938 1870 1147 1918 Kilmoir
1172 1870 1468 1919 solummodo
1492 1869 1770 1918 absentibus
1794 1868 1847 1916 ob
1872 1885 2056 1916 causam
2096 1898 2106 1906 ·
2145 1868 2239 1915 Die
2263 1868 2373 1916 lune
2409 1870 2457 1915 in

513 1963 721 2012 crastino
747 1962 923 2009 Sancte
949 1960 1201 2008 Trinitatis
1238 1975 1363 2007 anno
1401 1957 1598 2006 Domini
1636 1957 1888 2005 millesimo
1926 1965 2064 2004 666Πιο
2101 1958 2454 2021 septuagesimo

512 2054 721 2103 secundo
766 2081 775 2089 -
814 2052 931 2099 Post
951 2066 1042 2113 que
1062 2049 1222 2097 omnia
1245 2053 1294 2097 et
1320 2047 1504 2110 singula
1527 2047 1803 2110 supradicta
1827 2061 1913 2094 nos
1935 2046 1970 2093 J
1974 2046 2185 2095 ohannes
2207 2047 2456 2109 episcopus

511 2143 724 2207 prefatus
747 2155 941 2204 presens
963 2141 1340 2200 transsumptum
1363 2135 1604 2200 publicum
1630 2151 1736 2183 611111
1762 2135 1979 2199 originali
2017 2135 2268 2199 diligenter
2305 2135 2458 2184 ascul-

510 2232 603 2280 tari
629 2229 927 2279 collationari
950 2231 1000 2276 et
1025 2226 1302 2275 concordari
1325 2225 1525 2273 fecimus
1562 2229 1611 2273 et
1649 2225 1845 2272 tandem
1888 2225 1999 2288 quia
2035 2229 2144 2288 post
2183 2225 2455 2288 diligentem

512 2320 814 2369 collationem
854 2322 903 2365 et
945 2315 1311 2365 ascultationem
1352 2314 1671 2377 comperimus
1708 2330 1901 2377 presens
1938 2318 2311 2377 transsumptum
2351 2331 2456 2361 cum

511 2408 776 2473 prescripto
801 2404 1016 2468 originali
1053 2404 1100 2451 in
1139 2403 1355 2451 omnibus
1382 2406 1431 2451 et
1454 2419 1540 2466 per
1564 2402 1723 2450 omnia
1747 2403 2034 2450 concordare
2059 2406 2108 2450 et
2134 2403 2181 2449 in
2206 2402 2336 2449 nullo
2362 2403 2454 2450 dis-

511 2515 707 2564 crepare
746 2527 756 2536 ·
794 2497 985 2544 Idcirco
1009 2494 1270 2542 autoritate
1295 2497 1458 2541 nostra
1482 2492 1700 2556 predicta
1724 2492 2020 2540 deceruimus
2058 2495 2107 2539 et
2144 2496 2310 2539 tenore
2348 2508 2453 2554 pre-

511 2589 717 2639 sentium
742 2585 1042 2635 decreuimus
1081 2584 1205 2647 quod
1244 2582 1454 2646 presenti
1491 2585 1815 2645 transsumpto
1854 2579 2046 2643 publico
2083 2584 2312 2643 tanquam
2350 2596 2455 2642 pre-

511 2680 690 2742 scripto
714 2674 930 2739 originali
954 2674 1126 2735 ubique
1150 2671 1360 2719 locorum
1383 2674 1484 2718 tam
1509 2670 1557 2716 in
1594 2669 1769 2717 iudicio
1794 2685 1934 2732 quam
1959 2673 2100 2716 extra
2138 2669 2363 2715 iudicium
2403 2669 2450 2715 in

512 2767 727 2832 originali
750 2767 902 2814 forma
924 2763 1094 2811 merito
1119 2760 1268 2824 possit
1295 2763 1344 2807 et
1370 2758 1542 2806 debeat
1566 2757 1778 2821 plenaria
1803 2761 1852 2804 et
1876 2757 2061 2819 integra
2095 2761 2145 2804 et
2181 2757 2453 2804 indubitata

511 2860 629 2907 fides
652 2855 866 2905 adhiberi
891 2869 948 2901 ac
972 2850 1084 2900 talis
1109 2854 1158 2898 et
1182 2853 1321 2896 tanta
1345 2846 1500 2911 qualis
1523 2851 1572 2894 et
1597 2850 1776 2910 quanta
1801 2845 1930 2893 dicto
1956 2844 2172 2908 originali
2206 2846 2453 2892 adhibere-

511 2954 590 2997 tur
614 2947 654 2995 si
678 2946 727 2993 in
750 2943 974 2991 iudicium
999 2941 1047 2987 in
1071 2937 1288 3001 originali
1311 2937 1464 2984 forma
1487 2936 1827 2999 produceretur
1865 2962 1874 2972 ·
1912 2935 1971 2982 In
2008 2950 2204 2998 quorum
2242 2935 2450 2982 omnium

513 3034 834 3086 testimonium
860 3033 950 3080 hoc
975 3044 1169 3094 presens
1195 3025 1431 3090 publicum
1449 3025 1813 3072 instrumentum
1839 3023 1939 3071 siue
1962 3027 2338 3086 transsumptum
2365 3039 2452 3086 per

514 3125 750 3174 notarium
774 3121 1012 3186 publicum
1032 3116 1385 3179 infrascriptum
1411 3115 1468 3161 de
1495 3113 1720 3160 mandato
1745 3116 1908 3160 nostro
1933 3094 2135 3175 desuper
2158 3111 2450 3175 publicatum

515 3213 655 3278 sigilli
678 3211 828 3260 nostri
852 3207 1081 3258 autentici
1100 3205 1320 3254 iussimus
1343 3207 1393 3250 et
1416 3201 1612 3249 fecimus
1631 3201 1917 3263 appensione
1937 3200 2108 3247 muniri
2146 3228 2156 3237 ·
2194 3200 2374 3248 Datum
2403 3205 2451 3248 et

516 3308 676 3352 actum
701 3301 825 3365 apud
865 3296 1072 3345 Brechin
1109 3295 1158 3342 in
1197 3293 1302 3340 loco
1341 3288 1657 3339 consistoriali
1697 3292 1860 3336 nostro
1898 3292 2126 3337 consueto
2164 3288 2302 3337 nobis
2340 3289 2455 3336 inibi
