3016 3958
557 610 666 665 356
1033 609 1347 664 CARTAE
1388 607 2011 662 MISCELLANEAE.

564 786 762 842 praefato
783 786 997 841 quondam
1019 786 1218 841 episcopo
1245 786 1418 840 suisque
1450 785 1769 827 successoribus
1799 785 1845 825 in
1875 785 2118 826 feudifirma
2148 787 2192 827 et
2223 785 2491 828 haereditate

560 864 878 921 imperpetuum
912 897 921 907 .
954 864 1117 906 Datum
1139 864 1252 920 apud
1276 864 1616 906 Halieruidhous
1642 867 1658 904 1
1685 862 1936 906 Decembris
1962 865 2069 906 1586
2105 895 2113 905 .

282 1103 536 1146 GCCLVII.
562 1093 828 1161 Preceptum
864 1108 980 1147 carte
1017 1103 1354 1147 confirmationis
1391 1117 1520 1159 super
1553 1103 1721 1144 duabus
1756 1102 1888 1144 cartis
1923 1101 2165 1143 feudifirme
2206 1101 2486 1157 subscriptis:

560 1199 648 1227 una
676 1185 907 1227 earundem
943 1184 1059 1226 facta
1089 1197 1166 1236 per
1198 1182 1382 1224 vicarios
1412 1182 1659 1237 capellanos
1693 1185 1738 1223 et
1771 1181 1985 1223 choristas
2017 1180 2194 1222 ecclesie
2226 1181 2487 1223 cathedralis

564 1265 865 1306 Brechinensis
898 1263 1111 1318 quondam
1142 1262 1314 1304 domino
1345 1262 1509 1303 Jacobo
1540 1262 1683 1303 Leslie
1715 1261 1938 1316 capellano
1970 1261 2207 1316 capellanie
2240 1264 2487 1316 nuncupate

560 1343 615 1385 lie
638 1343 819 1398 Barclay
843 1342 953 1384 Stall
974 1342 1088 1383 infra
1109 1340 1333 1382 ecclesiam
1354 1345 1398 1382 et
1420 1341 1598 1382 chorum
1619 1340 1911 1382 cathedralem
1942 1339 2278 1382 Brechinensem
2310 1339 2487 1381 fundate

560 1423 788 1464 heredibus
829 1422 919 1463 suis
959 1424 1005 1462 et
1042 1420 1279 1475 assignatis
1315 1420 1638 1474 quibuscunque
1673 1419 1726 1460 de
1757 1448 1770 1460 .
1802 1451 1812 1461 .
1847 1448 1857 1459 .
1889 1433 1974 1460 uno
2010 1423 2257 1461 tenemento
2292 1422 2408 1461 terre
2443 1423 2489 1460 et

559 1502 686 1543 horto
708 1501 897 1542 eiusdem
923 1499 1093 1555 jacente
1125 1512 1176 1540 ex
1209 1497 1460 1540 occidentali
1489 1502 1614 1553 parte
1646 1497 1849 1540 Ciuitatis
1872 1498 2175 1540 Brechinensis
2197 1512 2380 1541 unacum
2403 1512 2489 1540 una

560 1593 660 1621 acra
689 1583 803 1621 terre
836 1578 1012 1620 arabilis
1043 1582 1087 1620 et
1118 1608 1126 1619 ,
1160 1609 1169 1619 .
1202 1609 1211 1619 .
1245 1577 1335 1618 suis
1365 1577 1636 1632 pertinentiis
1669 1577 1890 1632 speciatim
1919 1578 2110 1620 bondata
2139 1582 2268 1633 prout
2296 1578 2341 1620 in
2373 1579 2489 1622 dicta

559 1662 680 1700 carta
700 1657 972 1705 continetur3
1002 1656 1199 1698 tenendis
1230 1657 1281 1697 de
1311 1655 1438 1698 dictis
1460 1656 1630 1698 vicariis
1656 1656 1890 1711 capellanis
1921 1660 1966 1699 et
1995 1657 2197 1699 choristis
2218 1658 2338 1700 chori
2367 1663 2489 1701 ante-

559 1737 661 1778 dicti
682 1739 726 1778 et
747 1737 837 1778 suis
870 1736 1189 1778 successoribus
1211 1736 1254 1776 in
1276 1735 1517 1777 feudifirma
1538 1739 1581 1777 et
1600 1735 1840 1777 hereditate
1871 1767 1882 1778 .
1914 1768 1924 1775 .
1956 1767 1965 1777 .
1998 1750 2048 1778 ac
2069 1736 2208 1778 altera
2232 1740 2353 1779 carta
2372 1739 2490 1780 facta

558 1830 635 1871 per
654 1816 792 1858 dictos
821 1816 1006 1857 vicarios
1036 1815 1283 1871 capellanos
1314 1818 1357 1856 et
1387 1815 1599 1857 choristas
1630 1847 1640 1856 .
1674 1847 1683 1857 .
1717 1847 1726 1856 .
1760 1815 1946 1871 Georgio
1977 1815 2252 1858 Robertsoun
2282 1818 2487 1873 burgensi

559 1895 683 1950 burgi
704 1895 756 1936 de
778 1894 949 1935 Dundie
971 1898 1015 1936 et
1038 1894 1287 1949 Margarete
1315 1893 1566 1948 Fergusoun
1598 1894 1691 1935 eius
1722 1895 1893 1950 coniugi
1925 1909 2156 1950 eorumque
2177 1896 2304 1938 alteri
2325 1897 2488 1939 diutius

559 1973 721 2014 viuenti
751 1973 794 2014 in
826 1973 1054 2014 coniuncta
1083 1972 1373 2022 infeodatione
1404 1978 1448 2015 et
1478 1973 1706 2014 heredibus
1735 1973 1850 2015 inter
1878 1973 1997 2028 ipsos
2027 1973 2220 2030 legitime
2250 1976 2489 2031 procreatis

561 2067 635 2093 seu
674 2052 950 2108 procreandis
991 2052 1147 2107 quibus
1187 2051 1484 2093 deficientibus
1524 2052 1753 2093 heredibus
1798 2055 1843 2094 et
1886 2052 2122 2107 assignatis
2165 2053 2268 2095 dicti
2313 2053 2493 2111 Georgii-

560 2132 885 2187 quibuscunque
918 2130 970 2172 de
1003 2163 1012 2172 .
1045 2162 1054 2172 .
1089 2163 1099 2172 .
1129 2130 1204 2172 illo
1236 2133 1483 2172 tenemento
1518 2134 1632 2171 terre
1671 2130 1848 2172 ruinoso
1890 2135 1935 2172 et
1973 2145 2052 2186 pro
2093 2135 2286 2188 tempore
2327 2134 2488 2176 caduco

554 2212 726 2266 jacente
759 2225 812 2252 ex
842 2210 1094 2252 occidentali
1114 2214 1236 2266 parte
1260 2210 1462 2252 Ciuitatis
1492 2210 1706 2252 antedicte
1728 2225 1824 2252 cum
1844 2211 1970 2253 horto
1992 2211 2182 2253 eiusdem
2212 2212 2328 2254 inter
2347 2218 2487 2255 terras

560 2289 890 2331 feudifirmarias
911 2289 1071 2330 domini
1092 2288 1329 2330 Alexandri
1361 2288 1526 2330 Moreis
1556 2288 1766 2344 capellani
1797 2303 1875 2344 per
1904 2288 2200 2346 Margaretam
2232 2291 2398 2334 Moreis
2418 2307 2488 2335 oc-

561 2372 740 2423 cupatas
761 2382 813 2409 ex
833 2368 1033 2409 orientali
1053 2371 1194 2410 terras
1213 2368 1544 2409 feudifirmarias
1577 2367 1790 2409 Johannis
1811 2368 1955 2410 Leslie
1987 2383 2039 2410 ex
2071 2369 2324 2412 occidentali
2345 2375 2487 2414 terras

560 2446 748 2488 Walteri
770 2446 879 2487 Wat
899 2460 951 2487 ex
971 2446 1135 2488 boreali
1165 2450 1210 2488 et
1239 2460 1503 2487 communem
1527 2446 1641 2487 viam
1662 2447 1826 2502 regiam
1850 2448 1963 2490 dicte
1986 2447 2191 2491 Ciuitatis
2222 2464 2275 2490 ex
2304 2451 2487 2494 australi

560 2525 755 2578 partibus
773 2540 784 2574 ;
814 2525 1000 2566 tenendo
1021 2525 1072 2566 de
1093 2524 1219 2566 dictis
1239 2525 1411 2566 vicariis
1442 2524 1675 2580 capellanis
1697 2529 1741 2567 et
1760 2526 1961 2569 choristis
1981 2530 2024 2569 et
2047 2528 2137 2570 suis
2168 2531 2488 2574 successoribus

561 2603 603 2643 in
639 2603 881 2644 feudifirma
916 2607 996 2645 etc.
1030 2635 1038 2644 .
1069 2603 1197 2659 Apud
1237 2603 1575 2646 Halieruidhous
1611 2607 1764 2647 octauo
1798 2605 1866 2647 die
1900 2607 2062 2649 mensis
2093 2606 2343 2652 Decembris
2374 2625 2493 2653 anno

561 2680 734 2723 Domini
756 2694 791 2724 M
811 2687 856 2722 v⁰
876 2681 1168 2738 octuagesimo
1190 2685 1313 2725 sexto
1347 2714 1356 2723 .

257 2916 535 2958 CCCLVIII·
562 2907 670 2963 Grift
688 2920 756 2963 for
775 2921 850 2963 life
869 2925 914 2964 to
936 2922 1182 2964 Alexander
1202 2923 1359 2965 Purdie
1379 2923 1526 2966 lawful
1552 2939 1630 2967 son
1649 2928 1694 2967 to
1716 2924 1745 2966 J
1748 2938 1866 2967 ames
1888 2925 2059 2975 Purdie,
2078 2926 2146 2967 for
2164 2926 2233 2968 his
2249 2928 2483 2969 entertain-

561 3002 680 3041 ment
699 3003 746 3041 at
766 3001 839 3042 the
861 3000 1044 3051 schools‚
1068 3002 1116 3042 of
1141 3002 1215 3044 the
1235 3002 1354 3044 teind
1376 3003 1557 3045 sheaves
1587 3004 1636 3045 of
1661 3003 1899 3058 Kynnaber
1917 3004 2002 3045 and
2024 3003 2216 3059 Claylek‚
2238 3006 2485 3063 pertaining

562 3077 764 3134 formerly
794 3083 839 3121 to
869 3078 1038 3121 Johnne
1074 3080 1232 3123 Purdie
1269 3081 1452 3123 scholar.
1512 3081 1655 3124 Dated
1690 3087 1738 3124 at
1772 3081 2112 3125 Halieruidhous
2149 3084 2254 3125 23rd
2290 3084 2486 3141 January

568 3158 688 3198 1586.
1879 3167 1894 3177 *
