3016 3958
309 1991 505 2038 XLIII.

532 652 605 704 80
1121 654 1412 709 CARTAE
1457 654 1951 710 ORIGINALES.

532 840 730 889 ciuitate
754 842 802 888 in
830 842 966 905 aquis
990 844 1048 890 de
1075 843 1283 891 Suthesk
1318 847 1368 891 et
1403 844 1461 891 de
1498 844 1601 907 Tay
1628 844 1692 891 Et
1716 844 1840 907 quod
1868 843 1984 891 dicti
2008 843 2137 892 ciues
2165 844 2224 891 de
2246 843 2338 892 hiis
2361 850 2471 894 sunt

531 929 579 975 in
603 930 898 992 possessione
921 946 1046 978 nunc
1083 935 1132 978 et
1170 931 1423 980 retroactis
1458 932 1751 996 temporibus
1788 931 1911 980 vltra
1934 932 2172 980 hominum
2198 933 2470 982 memoriam

532 1018 738 1081 Insuper
774 1019 976 1082 predicti
1006 1019 1158 1081 jurati
1196 1020 1360 1068 dicunt
1398 1022 1523 1085 quod
1561 1021 1848 1069 reuerendus
1887 1021 1935 1067 in
1978 1020 2171 1068 Christo
2209 1024 2347 1084 pater
2385 1021 2473 1068 Jo-

530 1106 710 1154 hannes
735 1107 999 1170 Episcopus
1023 1108 1359 1158 Brechinensis
1381 1114 1431 1158 et
1455 1110 1813 1173 predecessores
1837 1110 1909 1158 sui
1933 1109 2110 1157 habent
2134 1112 2183 1156 et
2207 1108 2473 1156 habuerunt

530 1195 652 1242 infra
686 1211 737 1243 se
772 1197 831 1243 de
866 1196 1242 1246 inhabitantibus
1266 1198 1444 1246 dictam
1468 1198 1717 1247 ciuitatem
1740 1202 1954 1262 tempore
1979 1199 2203 1246 moderno
2239 1201 2288 1245 et
2323 1201 2473 1245 retro-

529 1285 651 1332 actis
689 1286 981 1349 temporibus
1015 1286 1096 1347 jus
1136 1291 1187 1334 et
1225 1288 1615 1335 consuetudinem
1649 1287 1845 1335 tenendi
1880 1287 2038 1335 curias
2072 1286 2330 1335 camerarie
2365 1301 2472 1333 cum

528 1374 908 1423 amerciamentis
931 1376 1185 1423 earundem
1223 1376 1272 1422 in
1310 1375 1488 1425 talibus
1510 1376 1611 1424 fieri
1635 1376 1876 1425 consuetis
1914 1376 1973 1424 In
2011 1391 2208 1439 quorum
2244 1374 2384 1422 fidem
2421 1379 2471 1422 et

527 1461 849 1510 testimonium
892 1462 1096 1526 sigillum
1137 1464 1339 1528 predicti
1380 1465 1673 1514 vicecomitis
1713 1481 1805 1513 vna
1841 1480 1948 1513 cum
1986 1463 2155 1527 sigillis
2190 1479 2352 1511 eorum
2390 1464 2470 1526 qui

531 1551 657 1598 dicte
695 1551 989 1615 inquisitioni
1027 1553 1289 1602 intererant
1326 1554 1542 1602 faciende
1580 1558 1693 1603 sunt
1739 1554 1960 1617 apposita
1995 1568 2119 1600 anno
2155 1552 2232 1600 die
2267 1557 2317 1600 et
2363 1551 2471 1600 loco

530 1641 816 1703 supradictis
856 1669 868 1678 ·

532 1840 697 1888 Litera
722 1843 1056 1891 Procuratoria
1079 1844 1266 1891 Decani
1292 1844 1628 1893 Brechinensis
1666 1873 1677 1881 ·

540 1965 815 2046 Nouerint
849 1999 1075 2048 Uniuersi
1099 2003 1148 2048 et
1173 1999 1356 2063 Singuli
1392 2005 1638 2064 presentes
1659 2000 1826 2050 literas
1859 1999 2117 2064 inspecturi
2154 1998 2253 2048 Nos
2286 1999 2321 2046 J
2325 1999 2469 2047 ohan-

531 2104 637 2135 nem
677 2089 735 2136 de
774 2087 1027 2151 Lychtoun
1065 2088 1313 2137 Decanum
1351 2089 1720 2139 Brechinensem
1758 2093 1808 2138 et
1843 2087 2115 2153 Capitulum
2150 2088 2359 2136 eiusdem
2405 2088 2466 2135 ad

530 2177 620 2225 hoc
666 2176 938 2240 specialiter
984 2182 1293 2241 congregatos
1338 2178 1506 2227 fecisse
1543 2205 1555 2217 ·
1596 2211 1604 2217 -
1644 2206 1654 2216 -
1691 2183 1742 2226 et
1795 2177 2013 2225 ordinare
2052 2204 2062 2216 ·
2101 2204 2111 2214 ·
2150 2203 2161 2214 ·
2195 2177 2229 2223 J
2233 2177 2465 2224 ohannem

533 2294 543 2304 ·
583 2294 593 2303 ·
632 2295 642 2304 ·
679 2267 887 2314 eiusdem
925 2265 1123 2314 ecclesie
1161 2266 1450 2330 Episcopum
1485 2266 1647 2314 Dauid
1673 2266 1937 2329 Dempstar
1971 2266 2030 2314 de
2066 2264 2340 2313 Ochterless
2362 2266 2465 2313 eius

530 2361 578 2403 et
602 2372 685 2404 sue
712 2355 926 2403 Ecclesie
950 2354 1175 2402 balliuum
1201 2355 1459 2418 Magistros
1494 2355 1791 2418 Stephanum
1815 2355 1874 2402 de
1900 2354 2094 2417 Anguss
2115 2354 2460 2402 thesaurarium

529 2450 578 2493 et
612 2446 646 2491 J
650 2446 882 2493 ohannem
922 2443 1152 2491 Willelmi
1187 2443 1434 2492 officialem
1476 2443 1687 2492 eiusdem
1730 2443 1988 2491 Ricardum
2030 2442 2274 2506 Chapman
2316 2443 2463 2490 Cuth-

527 2536 710 2583 bertum
751 2535 885 2581 Rede
920 2538 970 2581 et
1003 2533 1037 2579 J
1042 2533 1274 2581 ohannem
1311 2532 1565 2596 Lyttystar
1599 2532 1726 2580 dicte
1761 2531 1973 2580 ciuitatis
2006 2530 2207 2579 balliuos
2248 2530 2462 2580 Alexan-

528 2625 660 2670 drum
687 2622 882 2670 Cristini
909 2622 1221 2669 Laurencium
1246 2621 1438 2684 Smytht
1463 2622 1704 2669 Andream
1729 2620 1904 2684 Scalpy
1940 2625 1990 2668 et
2023 2621 2056 2667 J
2061 2620 2293 2669 ohannem
2331 2621 2462 2669 Tode

527 2712 656 2759 ciues
678 2711 886 2759 eiusdem
910 2710 1121 2758 ciuitatis
1155 2714 1343 2759 nostros
1380 2738 1391 2747 ·
1430 2738 1439 2747 -
1479 2737 1489 2748 ·
1524 2715 1854 2774 procuratores
1891 2738 1901 2747 -
1940 2738 1951 2748 ·
1990 2737 2000 2747 ·
2035 2709 2266 2773 speciales
2299 2713 2349 2757 et
2382 2726 2462 2772 ge-

526 2800 711 2848 nerales
746 2799 815 2846 ita
849 2799 973 2861 quod
1019 2797 1292 2861 specialitas
1335 2797 1638 2860 generalitati
1671 2814 1765 2846 non
1800 2799 1994 2860 deroget
2028 2813 2115 2846 nec
2149 2814 2176 2845 e
2211 2802 2376 2846 contra
2409 2803 2459 2846 et

525 2888 746 2951 precipue
782 2887 831 2933 in
865 2902 1009 2934 causa
1043 2886 1286 2934 cuiusdam
1327 2886 1749 2949 perambulationis
1783 2891 1832 2934 et
1867 2887 2079 2935 eiusdem
2126 2886 2459 2936 declarationis

524 2978 649 3024 inter
670 2981 824 3024 terras
847 2975 1020 3038 prefati
1044 2975 1290 3022 reuerendi
1313 2975 1464 3038 patris
1495 2974 1691 3038 capituli
1726 2980 1776 3023 et
1810 2974 2010 3024 ecclesie
2047 2975 2381 3024 Brechinensis
2407 2980 2457 3024 et

524 3071 678 3114 terras
699 3066 732 3111 J
737 3064 935 3112 ohannis
969 3065 1027 3111 de
1063 3063 1232 3113 Culass
1255 3068 1305 3112 et
1329 3079 1520 3112 suorum
1544 3064 2045 3127 comportionariorum
2069 3063 2362 3112 dominorum
2398 3066 2456 3112 de

527 3155 745 3201 Menmor
778 3168 864 3215 per
897 3155 1054 3200 certos
1076 3151 1258 3200 nobiles
1280 3152 1434 3215 patrie
1472 3179 1483 3189 -
1522 3179 1533 3190 ·
1572 3179 1582 3189 ·
1616 3152 1850 3200 factarum
1888 3179 1899 3189 ·
1937 3152 2003 3199 Et
2027 3151 2268 3215 signanter
2290 3157 2456 3202 contra

525 3258 607 3291 eos
639 3242 719 3304 qui
753 3256 869 3288 ausu
904 3239 1156 3288 temerario
1191 3244 1240 3287 et
1275 3239 1507 3288 violenter
1540 3240 1588 3287 in
1623 3243 1898 3303 contemptu
1934 3239 2059 3302 regie
2082 3241 2383 3290 auctoritatis
2405 3246 2455 3290 et

525 3330 736 3379 mandati
770 3334 820 3376 et
855 3327 1052 3377 ecclesie
1089 3328 1422 3377 Brechinensis
1445 3329 1699 3391 dampnum
1722 3331 1875 3376 metas
1896 3343 1981 3377 seu
2004 3328 2137 3391 signa
2159 3329 2333 3378 virtute
2358 3330 2455 3378 dic-
