3016 3958
506 633 612 686 198
1052 630 1344 687 GARTAE
1390 630 1892 688 ORIGINALES.

505 821 674 869 Sancti
715 820 891 870 Jacobi
933 822 992 869 ad
1041 822 1232 870 boream
1275 825 1430 870 terras
1476 822 1625 885 ipsius
1672 823 1907 885 quondam
1957 823 2170 886 magistri
2220 822 2450 870 Willelmi

506 909 746 958 Meldrum
771 910 1090 961 adorientem
1129 914 1178 958 et
1215 925 1514 958 communem
1543 910 1664 958 viam
1688 915 1900 959 nostram
1926 912 1986 959 ad
2019 911 2314 959 occidentem
2339 927 2453 958 una-

504 1015 615 1046 cum
644 999 848 1063 quadam
873 999 1010 1063 pecia
1026 1002 1153 1046 terre
1172 998 1390 1048 arrabilis
1415 998 1569 1046 eidem
1595 1002 1872 1048 tenemento
1896 1016 1958 1047 ex
1981 1000 2180 1064 antiquo
2204 1000 2451 1048 adiacente

504 1093 553 1136 et
589 1092 841 1152 spectante
877 1088 1072 1151 jacente
1108 1088 1231 1136 infra
1265 1087 1444 1136 limites
1485 1103 1703 1136 acrarum
1745 1089 2021 1152 supradicte
2064 1089 2291 1137 Ciuitatis
2328 1089 2454 1136 inter

507 1181 663 1226 terras
686 1176 855 1226 altaris
881 1177 1045 1225 Sancti
1072 1177 1281 1225 Nuniani
1313 1178 1374 1225 ad
1407 1177 1705 1226 occidentem
1729 1181 1886 1227 terras
1911 1178 2145 1226 Willelmi
2172 1177 2367 1226 Ricardi
2391 1178 2452 1225 ad

504 1267 699 1314 boream
736 1271 891 1315 terras
932 1267 1172 1329 quondam
1216 1266 1416 1314 Henrici
1461 1266 1701 1314 Meldrum
1740 1268 1801 1314 ad
1843 1267 2074 1315 orientem
2117 1272 2165 1315 et
2207 1283 2452 1315 commune

501 1359 689 1403 antrum
714 1356 775 1402 ad
802 1359 1014 1404 austrum
1051 1371 1109 1403 ac
1145 1356 1203 1403 de
1239 1355 1334 1403 alio
1374 1383 1383 1392 ·
1423 1383 1433 1393 ·
1473 1384 1483 1392 ·
1520 1360 1797 1404 tenemento
1827 1372 1932 1404 cum
1958 1357 2260 1420 pertinentiis
2283 1360 2452 1404 vocato

501 1443 687 1506 Craigis
716 1443 828 1491 land
866 1443 1061 1505 jacente
1086 1444 1134 1490 in
1160 1443 1372 1491 Ciuitate
1410 1444 1721 1493 Brechinensi
1747 1461 1808 1492 ex
1834 1449 1971 1509 parte
1997 1445 2216 1494 orientali
2242 1446 2450 1494 eiusdem

502 1533 627 1581 inter
660 1537 817 1581 terras
853 1531 1068 1595 magistri
1107 1531 1318 1581 Walteri
1353 1532 1491 1580 Skall
1523 1532 1756 1598 capellani
1793 1550 1855 1581 ex
1890 1538 2028 1597 parte
2054 1534 2275 1582 orientali
2299 1538 2452 1582 terras

497 1622 530 1667 J
535 1622 736 1670 ohannis
762 1621 1024 1684 Stirueling
1047 1637 1110 1669 ex
1134 1626 1271 1685 parte
1295 1621 1496 1670 australi
1520 1637 1817 1670 communem
1843 1623 1966 1671 viam
1991 1627 2202 1672 nostram
2228 1640 2289 1671 ex
2312 1628 2449 1687 parte

500 1709 790 1758 occidentali
813 1711 969 1757 terras
1001 1710 1034 1756 J
1040 1710 1239 1758 ohannis
1263 1710 1387 1757 Cure
1412 1727 1476 1758 ex-
1498 1715 1635 1774 parte
1659 1711 1840 1759 boreali
1866 1728 1973 1760 cum
1998 1717 2105 1761 orto
2127 1713 2297 1761 horreo
2321 1713 2450 1761 dicto

498 1803 778 1847 tenemento
801 1799 1153 1862 pertinentibus
1176 1803 1225 1847 et
1251 1799 1310 1847 de
1335 1800 1538 1862 quadam
1562 1800 1700 1863 pecia
1722 1804 1850 1849 terre
1873 1801 2092 1850 arrabilis
2116 1803 2245 1850 dicto
2269 1806 2375 1850 orto
2401 1807 2449 1850 et

499 1889 670 1936 horreo
707 1888 979 1952 pertinente
1019 1903 1081 1935 ex
1113 1888 1280 1936 eadem
1314 1892 1453 1951 parte
1489 1888 1618 1936 dicte
1652 1889 1882 1939 Ciuitatis
1906 1891 2100 1952 jacente
2138 1891 2263 1939 inter
2295 1896 2450 1939 terras

499 1978 671 2040 prefati
697 1976 911 2040 magistri
940 1975 1150 2024 Walteri
1175 1975 1310 2024 Skall
1335 1993 1397 2024 ex
1420 1981 1558 2040 parte
1579 1977 1800 2026 orientali
1815 1983 1971 2028 terras
1991 1979 2223 2028 Willelmi
2251 1980 2448 2028 Michel-

500 2083 617 2114 soun
653 2082 715 2114 ex
749 2069 887 2129 parte
913 2064 1199 2113 occidentali
1221 2069 1377 2114 terras
1402 2066 1562 2114 Dauid
1588 2067 1801 2115 Baxstar
1834 2084 1897 2116 ex
1931 2073 2068 2132 parte
2093 2069 2271 2117 boreali
2294 2073 2448 2118 terras

499 2156 532 2202 J
538 2154 736 2203 ohannis
761 2155 971 2203 Baxstar
994 2169 1055 2201 ex
1079 2158 1216 2217 parte
1239 2154 1438 2202 australi
1473 2171 1531 2202 ac
1567 2156 1626 2203 de
1660 2155 1756 2204 alio
1778 2160 2053 2206 tenemento
2078 2174 2185 2206 cum
2210 2175 2304 2206 una
2335 2175 2447 2206 acra

499 2248 627 2292 terre
667 2242 889 2292 arrabilis
930 2242 1087 2290 eidem
1133 2247 1409 2291 tenemento
1455 2246 1726 2306 pertinente
1774 2261 1881 2294 cum
1927 2247 2230 2310 pertinentiis
2276 2252 2445 2296 vocato

502 2333 678 2382 Skallis
723 2332 836 2380 land
875 2331 1071 2393 jacente
1118 2347 1180 2379 ex
1220 2336 1358 2395 parte
1406 2333 1627 2381 orientali
1676 2334 1904 2384 Ciuitatis
1945 2336 2280 2386 Brechinensis
2321 2338 2445 2386 inter

502 2428 657 2470 terras
698 2421 814 2469 dicti
856 2420 1070 2483 magistri
1114 2420 1347 2468 Willelmi
1391 2422 1630 2470 Meldrum
1671 2425 1732 2471 ad
1773 2429 1987 2473 austrum
2029 2429 2078 2474 et
2121 2427 2352 2475 orientem
2393 2432 2443 2475 et

500 2517 654 2560 terras
687 2511 913 2558 heredum
951 2510 1188 2573 quondam
1223 2510 1258 2556 J
1263 2511 1462 2559 ohannis
1498 2511 1707 2561 Thoulas
1740 2514 1802 2560 ad
1836 2514 2028 2562 boream
2063 2519 2112 2563 et
2148 2531 2442 2564 communem

502 2602 625 2648 viam
649 2603 859 2648 nostram
894 2599 956 2646 ad
991 2598 1288 2646 occidentem
1314 2603 1363 2647 et
1391 2598 1501 2665 [de]
1529 2600 1659 2648 dicta
1687 2617 1799 2649 acra
1821 2606 1951 2651 terre
1974 2604 2192 2653 arrabilis
2215 2621 2321 2652 cum
2345 2606 2443 2654 suis

505 2689 804 2753 pertinentiis
843 2687 1037 2750 jacente
1084 2703 1145 2734 ex
1192 2691 1330 2750 parte
1372 2688 1595 2737 orientali
1635 2690 1846 2739 eiusdem
1888 2692 2114 2742 Ciuitatis
2158 2722 2168 2732 ·
2215 2723 2224 2732 ·
2268 2723 2278 2732 ·
2321 2695 2447 2744 inter

504 2785 657 2826 terras
694 2777 895 2825 Roberti
932 2776 1130 2824 Buchan
1165 2778 1227 2824 ad
1262 2781 1478 2825 austrum
1511 2782 1667 2828 terras
1700 2780 1914 2843 magistri
1950 2782 2146 2830 Ricardi
2173 2783 2364 2831 Hornar
2386 2786 2448 2832 ad

507 2868 734 2916 orientem
762 2871 811 2915 et
836 2881 1133 2937 communem
1157 2866 1281 2914 viam
1304 2870 1517 2915 nostram
1541 2872 1591 2916 et
1615 2869 1834 2932 contigue
1858 2871 1919 2917 ad
1953 2869 2004 2934 ly
2026 2871 2122 2919 bak
2145 2872 2298 2922 zardis
2321 2873 2448 2922 dicte

509 2956 734 3004 Ciuitatis
758 2956 819 3002 ad
852 2954 1150 3002 occidentem
1174 2970 1359 3002 necnon
1395 2957 1454 3003 de
1486 2972 1577 3004 uno
1601 2957 1696 3004 alio
1720 2961 1996 3007 tenemento
2020 2975 2126 3006 cum
2150 2961 2451 3023 pertinentiis

510 3050 679 3094 vocato
715 3043 981 3091 Cokburnis
1016 3042 1128 3090 land
1157 3043 1351 3104 jacente
1387 3044 1436 3091 in
1472 3045 1602 3093 dicta
1635 3045 1846 3094 Ciuitate
1872 3046 2181 3096 Brechinensi
2218 3065 2279 3097 ex
2314 3055 2449 3113 parte

512 3133 795 3183 occidentali
821 3131 1082 3180 communis
1106 3133 1198 3179 vici
1222 3132 1374 3180 nostri
1398 3132 1613 3181 eiusdem
1637 3134 1763 3181 inter
1784 3138 1939 3183 terras
1966 3135 2198 3184 Willelmi
2224 3137 2363 3202 Reyd
2389 3157 2450 3188 ex

511 3227 646 3287 parte
670 3221 848 3269 boreali
871 3224 1024 3268 terras
1048 3221 1272 3268 heredum
1298 3221 1536 3284 quondam
1562 3221 1722 3269 Dauid
1748 3223 1959 3272 Baxstar
1994 3240 2055 3272 ex
2086 3229 2223 3288 parte
2250 3229 2448 3276 australi

512 3327 711 3360 unacum
751 3309 904 3358 crofta
949 3312 1076 3356 terre
1122 3309 1340 3358 arrabilis
1380 3325 1487 3357 cum
1527 3311 1832 3374 pertinentiis
1873 3312 2026 3362 eidem
2068 3318 2344 3365 tenemento
2384 3334 2443 3366 ex
