3016 3958
1078 637 1372 693 OARTAE
1415 639 1916 695 ORIGINALES.
2395 643 2467 697 93

513 821 734 871 uentibus
772 827 824 872 ut
862 825 1006 874 moris
1044 831 1117 875 est
1143 843 1248 875 oum
1273 827 1472 892 placebo
1511 833 1560 876 et
1601 829 1748 892 dirige
1774 833 1823 877 et
1848 830 1895 876 in
1921 829 2130 878 crastino
2155 829 2343 879 missam
2382 846 2456 878 so-

513 907 747 974 lempnem
774 913 832 960 de
856 914 1064 978 requiem
1089 931 1194 964 cum
1220 921 1336 965 nota
1370 922 1420 966 et
1454 917 1697 981 trigentali
1723 917 1959 982 completo
1985 922 2213 982 sequente
2238 919 2455 967 habendo

513 999 696 1048 animas
736 1002 1055 1065 predictorum
1098 1009 1147 1053 et
1187 1006 1393 1054 animam
1432 1023 1582 1054 meam
1625 1007 1672 1054 in
1712 1007 1810 1055 suis
1844 1011 2083 1055 memento
2119 1023 2226 1055 cum
2262 1008 2455 1071 speciali

513 1088 717 1138 collecta
752 1095 801 1139 et
836 1094 1063 1141 memoria
1098 1095 1156 1142 de
1191 1111 1266 1142 me
1303 1095 1350 1142 in
1385 1096 1584 1159 prefatis
1607 1096 1763 1144 missis
1787 1096 1985 1144 secretis
2008 1096 2252 1144 annuatim
2289 1100 2338 1144 et
2374 1097 2458 1144 im-

513 1183 794 1242 perpetuum
819 1180 867 1228 in
890 1185 1105 1246 tempore
1129 1183 1465 1232 celebrationis
1490 1185 1607 1233 dicti
1631 1184 1902 1248 trigentalis
1936 1185 1981 1232 in
2020 1201 2314 1249 quocumque
2338 1190 2458 1233 tem-

513 1283 626 1330 pore
651 1269 762 1316 anni
786 1270 1038 1333 contigerit
1075 1299 1086 1309 ·
1125 1271 1399 1320 Tenendum
1424 1277 1474 1321 et
1497 1273 1762 1321 habendum
1790 1274 1968 1322 dictum
1987 1290 2193 1321 annuum
2219 1275 2454 1322 redditum

513 1356 710 1419 triginta
733 1357 988 1406 solidorum
1015 1363 1064 1407 et
1089 1361 1558 1424 proportionabiliter
1576 1362 1922 1426 imperpetuum
1948 1363 2207 1426 capellanis
2229 1364 2456 1427 predictis
2484 1404 2487 1407 .

565 1473 575 1482 ·
615 1474 625 1483 ·
661 1461 691 1494 a
714 1462 789 1494 me
814 1450 862 1494 et
886 1447 1140 1497 heredibus
1172 1449 1290 1497 meis
1334 1477 1343 1486 ·
1383 1477 1393 1486 -
1433 1477 1442 1487 ·
1480 1450 1528 1496 in
1552 1466 1716 1514 puram
1754 1455 1803 1498 et
1838 1455 2118 1515 perpetuam
2149 1452 2451 1501 elemosinam

517 1563 526 1572 ·
568 1563 578 1572 ·
619 1563 628 1572 -
667 1536 726 1583 In
751 1552 950 1600 quorum
974 1536 1180 1585 omnium
1208 1541 1257 1585 et
1282 1538 1570 1602 singulorum
1595 1539 1919 1588 testimonium
1945 1540 2146 1603 sigillum
2173 1557 2327 1589 meum
2353 1559 2456 1605 pre-

499 1616 726 1672 sentibus
750 1629 823 1673 est
846 1640 1106 1689 appensum
1132 1642 1291 1674 coram
1315 1627 1521 1675 testibus
1554 1629 1814 1676 reuerendo
1852 1629 1900 1675 in
1941 1629 2131 1678 Christo
2168 1634 2304 1694 patre
2344 1659 2353 1668 ·
2393 1660 2403 1668 ·
2443 1660 2451 1668 ·

511 1713 734 1761 Johanne
777 1713 1016 1778 Episcopo
1055 1715 1367 1764 Brechinensi
1405 1717 1652 1764 antedicto
1688 1733 1871 1766 necnon
1897 1719 2135 1782 magistris
2170 1724 2219 1767 et
2255 1720 2455 1768 dominis

514 1802 673 1850 Dauid
714 1803 772 1849 de
812 1801 1085 1852 Crannacht
1124 1804 1305 1851 decano
1339 1804 1649 1853 Brechinensi
1684 1822 1741 1853 ac
1778 1811 1962 1855 rectore
1998 1808 2056 1855 de
2093 1808 2313 1857 Tanadas
2348 1811 2454 1857 Ste-

511 1891 668 1954 phano
691 1891 885 1955 Anguss
906 1892 1204 1941 thesaurario
1227 1893 1262 1939 J
1267 1893 1451 1941 ohanne
1489 1893 1638 1942 Steile
1672 1895 1707 1942 J
1710 1896 1895 1943 ohanne
1924 1896 2199 1960 Monypeny
2224 1913 2454 1946 concano-

511 1980 631 2029 nicis
653 1980 866 2044 predicte
905 1980 1104 2029 ecclesie
1144 1982 1480 2032 Brechinensis
1517 1988 1566 2032 et
1603 1984 1826 2033 Johanne
1852 1985 2083 2033 Willelmi
2119 1986 2306 2033 officiali
2332 1988 2453 2034 eius-

513 2069 619 2116 dem
658 2085 763 2116 cum
802 2068 967 2118 multis
1003 2069 1111 2118 aliis
1148 2072 1275 2134 apud
1315 2072 1522 2119 Brechin
1560 2073 1714 2136 prima
1751 2074 1827 2121 die
1866 2074 2041 2122 mensis
2083 2076 2285 2138 Augusti
2326 2091 2449 2123 anno

513 2159 708 2207 Domini
746 2158 997 2208 millesimo
1035 2160 1499 2224 quadringentesimo
1535 2163 1921 2227 quinquagesimo
1967 2165 2111 2212 tertio
2150 2193 2159 2202 ·
2197 2166 2454 2229 Quamqui-

514 2250 620 2297 dem
646 2249 839 2296 Cartam
864 2263 922 2296 ac
946 2249 1252 2297 donationem
1275 2266 1362 2314 pro
1385 2255 1614 2315 perpetuo
1638 2253 2004 2302 admortizamus
2040 2257 2088 2301 et
2123 2255 2451 2302 confirmamus

515 2337 671 2385 Saluis
711 2337 848 2386 nobis
894 2338 1146 2387 heredibus
1193 2342 1243 2386 et
1289 2341 1640 2389 successoribus
1687 2343 1862 2390 nostris
1909 2342 2174 2390 orationum
2222 2342 2452 2405 suffragiis

514 2427 792 2474 deuotarum
830 2453 840 2464 ·
877 2426 937 2473 In
975 2426 1108 2475 cuius
1149 2427 1217 2475 rei
1255 2428 1578 2477 testimonium
1618 2431 1827 2493 presenti
1863 2435 1994 2478 carte
2019 2434 2179 2479 nostre
2204 2431 2448 2478 confirma-

514 2515 660 2562 tionis
682 2530 900 2577 magnum
927 2514 1142 2577 Sigillum
1167 2520 1380 2564 nostrum
1415 2517 1588 2580 apponi
1623 2519 1920 2582 precepimus
1945 2519 2167 2567 Testibus
2192 2520 2450 2566 reuerendo

517 2605 563 2651 in
604 2604 674 2650 Χ0
708 2607 844 2666 patre
882 2603 916 2649 J
920 2603 1069 2651 acobo
1107 2604 1330 2668 episcopo
1355 2605 1697 2654 Sanctiandree
1733 2607 2078 2670 consanguineo
2113 2611 2275 2655 nostro
2311 2609 2454 2656 caris-

517 2693 635 2741 simo
673 2691 917 2739 Willelmo
954 2692 1143 2739 domino
1178 2692 1494 2741 Creichtoune
1518 2698 1681 2743 nostro
1705 2695 1987 2744 cancellario
2023 2700 2073 2744 et
2107 2696 2449 2759 consanguineo

518 2781 780 2846 predilecto
804 2781 1010 2829 Dilectis
1033 2781 1392 2844 consanguineis
1416 2783 1592 2831 nostris
1618 2783 1799 2831 Thoma
1823 2784 2012 2832 domino
2038 2784 2228 2847 Erskyn
2249 2785 2452 2847 Georgio

520 2871 709 2919 domino
746 2870 790 2918 le
831 2869 975 2933 Lesly
1007 2870 1216 2918 Patricio
1252 2870 1441 2918 domino
1478 2871 1522 2918 le
1563 2870 1795 2919 Glammis
1821 2871 2064 2920 Willelmo
2089 2873 2277 2920 domino
2304 2873 2452 2920 Keith

520 2959 798 3009 marescallo
821 2959 951 3023 regni
975 2959 1126 3006 nostri
1151 2959 1346 3006 Andrea
1369 2959 1561 3006 domino
1599 2958 1643 3007 le
1684 2960 1815 3022 Gray
1838 2960 2064 3023 magistro
2087 2961 2278 3024 hospitii
2304 2963 2452 3010 nostri

520 3051 554 3097 J
558 3050 706 3099 acobo
743 3049 933 3097 domino
972 3047 1154 3096 For-bas
1191 3047 1428 3110 magistris
1464 3047 1651 3095 Jacobo
1695 3048 1933 3111 Lindesay
1972 3049 2214 3113 preposito
2255 3050 2452 3098 ecclesie

523 3139 771 3202 collegiate
810 3139 869 3186 de
909 3137 1231 3185 Lincloudane
1270 3136 1420 3184 nostri
1457 3136 1629 3184 secreti
1666 3135 1808 3199 sigilli
1841 3138 2037 3185 custode
2072 3141 2120 3185 et
2158 3138 2361 3201 Georgio
2397 3140 2455 3185 de
2518 3198 2521 3201 ‚

527 3227 826 3276 Schoriswod
867 3226 1149 3275 cancellario
1188 3224 1515 3273 Dunkeldensi
1554 3225 1810 3273 secretario
1845 3229 2008 3274 nostro
2038 3225 2183 3289 Apud
2210 3227 2459 3275 Aberdene
