3016 3958
539 645 648 700 120
1119 647 1411 703 CARTAE
1455 648 1955 705 ORIGINALES.

540 834 782 883 Willelmo
809 836 914 885 Liel
949 836 1207 901 capellanis
1244 866 1254 875 ·
1291 837 1513 886 Johanne
1549 837 1682 886 Colle
1706 838 1930 887 «Iohanne
1954 839 2095 887 Dune
2118 839 2390 903 sergeandis
2429 844 2481 888 et

536 923 757 971 Johanne
784 925 954 973 Portet
990 954 1000 963 ·
1040 954 1050 963 -
1090 953 1100 964 ·

604 1013 672 1060 Et
699 1013 801 1075 Ego
827 1014 1043 1063 Andreas
1068 1013 1191 1062 Blak
1230 1042 1240 1052 -
1280 1043 1291 1053 ·
1328 1042 1340 1053 ·

538 1213 685 1262 Carta
707 1214 843 1277 probi
869 1214 954 1262 viri
986 1214 1209 1262 Malcomi
1236 1216 1421 1264 Guthre
1446 1216 1557 1264 olim
1582 1217 1702 1266 ciuis
1731 1217 1944 1266 ciuitatis
1969 1218 2304 1267 Brechineusis
2342 1247 2352 1256 ·

325 1366 508 1413 LXIX·
547 1337 818 1421 Omnibus
854 1373 976 1420 hanc
1014 1377 1193 1421 cartam
1233 1373 1402 1422 visuris
1440 1373 1515 1422 vel
1551 1373 1785 1422 audituris
1826 1373 2093 1423 Malcomus
2137 1375 2322 1423 Guthre
2366 1375 2486 1423 ciuis

538 1461 750 1510 ciuitatis
787 1461 1122 1510 Brechinensis
1160 1490 1170 1499 ·
1210 1489 1222 1499 ·
1261 1489 1271 1500 ·
1308 1461 1522 1510 Salutem
1561 1491 1571 1500 ·
1610 1463 1787 1512 Sciatis
1810 1479 1884 1510 me
1909 1479 2014 1511 cum
2051 1479 2284 1513 consensu
2322 1468 2372 1512 et
2409 1480 2484 1512 as—

536 1566 676 1599 sensu
702 1550 939 1599 Johannis
966 1551 1151 1599 Guthre
1175 1550 1258 1597 filii
1293 1551 1386 1598 mei
1423 1555 1473 1599 et
1510 1551 1700 1599 heredis
1736 1552 1828 1599 mei
1866 1552 2140 1616 apparentis
2178 1553 2255 1600 Ad
2292 1551 2480 1601 laudem

538 1668 549 1678 ·
589 1668 598 1677 ·
638 1668 648 1677 ·
686 1639 780 1687 Dei
815 1643 865 1687 et
900 1639 1172 1687 beatissime
1210 1638 1365 1686 Marie
1391 1639 1582 1702 virginis
1618 1667 1629 1678 ·
1668 1669 1679 1678 -
1719 1668 1729 1678 ·
1766 1640 1952 1689 dedisse
1991 1669 2001 1678 ·
2041 1668 2052 1678 ·
2091 1669 2102 1678 ·
2139 1641 2248 1689 Deo
2284 1669 2294 1679 ·
2333 1670 2344 1679 ·
2383 1669 2393 1679 ·
2430 1646 2479 1690 et

539 1728 797 1791 capellanis
834 1728 881 1775 in
920 1728 1065 1775 choro
1106 1727 1370 1776 cathedrali
1409 1728 1718 1778 Brechinensi
1756 1757 1767 1766 ·
1805 1757 1816 1768 ·
1856 1757 1866 1767 ·
1902 1734 1952 1777 et
1993 1730 2091 1778 suis
2130 1730 2481 1780 successoribus

541 1846 552 1855 ·
591 1846 600 1855 -
641 1846 651 1855 ·
688 1815 774 1882 pro
810 1816 964 1866 salute
1001 1817 1158 1864 anime
1183 1833 1287 1864 mee
1325 1821 1375 1865 et
1410 1817 1578 1880 Egidie
1614 1833 1785 1881 sponse
1808 1833 1911 1866 mee
1935 1833 2119 1866 necnon
2143 1822 2193 1866 et
2216 1819 2477 1867 animarum

537 1906 686 1970 patris
710 1906 803 1954 mei
827 1910 877 1953 et
901 1905 1068 1954 matris
1090 1921 1194 1954 mee
1218 1905 1425 1954 omnium
1449 1906 1706 1955 amicorum
1732 1922 1941 1954 meorum
1977 1911 2026 1954 et
2062 1905 2246 1956 illorum
2271 1907 2476 1956 omnium

537 1996 706 2059 quibus
730 1994 906 2059 deliqui
930 1999 979 2043 et
1003 1995 1249 2042 emendam
1275 2010 1367 2043 non
1391 1994 1484 2042 feci
1522 2010 1580 2042 ac
1615 1995 1821 2043 omnium
1846 1995 2052 2044 fidelium
2077 1997 2402 2045 defunctorum
2428 1996 2476 2044 in

536 2101 702 2148 puram
744 2089 793 2132 et
834 2088 1111 2148 perpetua-m
1153 2083 1455 2132 elemosinam
1498 2100 1639 2132 unum
1681 2100 1886 2132 annuum
1929 2085 2164 2133 redditum
2211 2085 2475 2133 octodecim

536 2173 792 2223 solidorum
833 2201 843 2210 ·
883 2202 893 2211 ·
933 2202 943 2210 -
978 2172 1221 2222 annuatim
1261 2201 1271 2210 ·
1310 2201 1320 2210 ·
1359 2201 1369 2210 ·
1406 2174 1465 2220 ad
1501 2174 1618 2221 duos
1649 2173 1759 2220 anni
1794 2173 2022 2222 terminos
2046 2173 2232 2222 usuales
2269 2202 2280 2211 ·
2319 2203 2329 2211 -
2358 2201 2379 2214 ⁴·
2415 2174 2475 2221 de

536 2268 641 2311 toto
678 2267 728 2311 et
765 2262 949 2324 integro
987 2265 1262 2309 tenemento
1286 2277 1392 2309 meo
1416 2277 1519 2309 cum
1547 2261 1847 2325 pertinentiis
1862 2262 2056 2324 jacente
2081 2262 2203 2310 infra
2225 2262 2472 2311 ciuitatem

537 2352 903 2400 Brechinensem
928 2367 988 2399 ex
1013 2355 1149 2414 parte
1174 2350 1393 2399 orientali
1417 2351 1627 2399 eiusdem
1665 2351 1790 2398 inter
1826 2355 2002 2398 terram
2040 2351 2240 2399 Roberti
2266 2350 2474 2400 Thoulas

535 2459 595 2489 ex
621 2446 756 2505 parte
780 2439 978 2488 australi
1002 2456 1062 2487 ex
1098 2443 1234 2502 parte
1270 2455 1364 2486 nna
1400 2443 1450 2487 et
1486 2443 1663 2487 terram
1687 2440 1922 2503 quondam
1953 2439 2180 2488 Willelmi
2207 2439 2475 2489 Michelson

534 2547 595 2577 ex
619 2534 754 2593 parte
779 2528 957 2577 boreali
981 2545 1042 2576 ex
1067 2532 1202 2592 parte
1225 2527 1379 2576 altera
1415 2556 1425 2566 ·
1464 2528 1659 2576 Necnon
1694 2529 1856 2576 decem
1893 2528 2070 2577 solidos
2092 2531 2236 2576 annui
2259 2529 2473 2578 redditus

534 2619 675 2666 michi
701 2618 849 2666 debiti
874 2618 1117 2666 annuatim
1157 2617 1215 2665 de
1251 2621 1358 2665 toto
1396 2622 1444 2666 et
1483 2618 1666 2680 integro
1702 2621 1976 2666 tenemento
2014 2617 2214 2666 Roberti
2251 2616 2473 2666 Thowlas

533 2723 639 2754 cum
680 2706 979 2770 pertinentiis
1012 2706 1206 2768 jacente
1246 2706 1294 2753 in
1337 2706 1467 2754 dicta
1507 2706 1705 2754 ciuitate
1740 2722 1802 2754 ex
1835 2711 1973 2770 parte
2007 2705 2226 2754 orientali
2260 2705 2468 2754 eiusdem

533 2796 656 2843 inter
689 2801 864 2843 terram
902 2795 936 2842 J
941 2794 1140 2843 ohannis
1177 2794 1306 2842 Scall
1343 2811 1404 2842 ex
1442 2799 1578 2858 parte
1613 2795 1811 2844 australi
1847 2812 1909 2843 ex
1943 2799 2080 2859 parte
2103 2809 2198 2842 una
2220 2799 2269 2842 et
2291 2798 2468 2842 terram

534 2884 648 2930 dicti
676 2879 901 2931 Malcom'i
927 2883 1111 2931 Guthre
1150 2899 1212 2931 ex
1248 2887 1385 2947 parte
1411 2883 1588 2932 boreali
1626 2899 1688 2931 ex
1722 2888 1859 2947 parte
1894 2883 2049 2932 altera
2083 2919 2095 2930 .
2131 2882 2317 2938 Quibus
2335 2886 2468 2930 tene-

532 2973 703 3020 mentis
726 2972 1052 3020 deficientibus
1073 2987 1178 3020 cum
1198 2972 1497 3035 pertinentiis
1531 2973 1591 3020 de
1625 2973 1842 3021 omnibus
1875 2975 1924 3020 et
1958 2970 2153 3034 singulis
2185 2970 2327 3018 terris
2350 2970 2469 3018 meis

530 3077 586 3107 ac
610 3061 778 3108 annuis
802 3061 1063 3109 redditibus
1087 3076 1191 3108 cum
1217 3061 1519 3125 pertinentiis
1534 3061 1807 3123 jacentibus
1829 3059 1878 3108 in
1902 3060 2033 3109 dicta
2056 3058 2252 3107 ciuitate
2277 3057 2466 3122 quibus-

529 3165 728 3212 cumque
766 3177 776 3186 ·
814 3149 1062 3198 Tenendos
1098 3177 1109 3187 ·
1149 3177 1159 3187 ·
1198 3178 1209 3187 ·
1246 3149 1400 3198 dictos
1422 3165 1603 3198 annuos
1626 3149 1840 3198 redditus
1863 3148 2027 3212 viginti
2064 3152 2175 3196 octo
2209 3146 2463 3195 solidorum

529 3237 670 3286 dictis
709 3236 966 3300 capellanis
1003 3265 1013 3274 ·
1053 3265 1062 3274 ·
1102 3266 1112 3275 ·
1149 3238 1197 3285 in
1237 3253 1403 3301 puram
1440 3264 1451 3276 ι
1490 3265 1501 3275 ·
1540 3265 1551 3275 -
1586 3236 1890 3286 elemosinam
1931 3237 1994 3284 ad
2035 3235 2366 3284 celebrandum
2413 3235 2461 3282 in

527 3326 741 3388 predicta
764 3324 964 3373 ecclesia
1001 3326 1062 3372 ad
1099 3325 1250 3374 altare
1274 3326 1428 3391 sancti
1454 3326 1665 3374 Duthaci
1702 3325 1751 3374 in
1786 3314 1999 3390 qualibet
2021 3325 2286 3374 ebdomada
2308 3324 2460 3372 cuius-
