3016 3958
320 2791 536 2838 XXXV.

1101 633 1394 690 oARTAE
1438 629 1939 715 ORIGINALEs.
2433 627 2503 682 63

554 822 685 870 curia
715 823 796 885 jus
836 823 1152 874 assedationis
1191 825 1252 872 ad
1289 824 1466 873 dictam
1508 822 1686 878 uillam,
1722 825 1772 870 et
1807 821 1898 868 hoc
1931 819 2055 866 idem
2092 818 2282 882 proprio
2324 833 2406 867 ore
2449 820 2498 866 in

550 911 792 976 presentia
831 910 1039 960 omnium
1081 913 1140 962 de
1175 913 1308 962 curia
1344 914 1469 961 idem
1507 910 1783 961 Alexander
1818 911 1877 958 de
1913 909 2211 957 Craumvnde
2244 907 2496 955 affirmauit
2584 954 2588 958 Α

552 1005 601 1049 et
636 1001 874 1050 consensit
909 1003 1034 1066 quod
1069 1018 1294 1066 processu
1327 1003 1457 1052 facto
1492 1018 1586 1050 non
1621 1001 1843 1051 obstante
1867 997 2168 1048 associatione
2193 995 2386 1060 aliquali
2410 997 2500 1045 sibi

551 1091 681 1139 facta
715 1094 798 1139 aut
834 1089 1019 1154 plenius
1053 1091 1208 1140 fienda
1244 1093 1302 1140 de
1337 1093 1503 1140 eadem
1539 1090 1655 1140 uilla
1690 1090 1818 1155 quod
1855 1089 2012 1137 dictus
2049 1087 2339 1136 reuerendus
2363 1091 2501 1151 pater

552 1180 796 1228 assedaret
824 1179 951 1228 dicte
975 1180 1009 1227 J
1013 1184 1153 1229 onete
1177 1180 1337 1230 villam
1372 1181 1607 1245 prefatam
1642 1195 1729 1244 pro
1762 1183 1868 1228 toto
1891 1183 2106 1242 tempore
2130 1177 2228 1226 vite
2253 1193 2336 1226 sue
2375 1206 2384 1216 ·
2422 1178 2499 1227 De

553 1272 602 1317 et
639 1284 784 1332 super
818 1269 1038 1319 omnibus
1072 1274 1122 1319 et
1157 1270 1352 1334 singulis
1376 1270 1533 1319 dictus
1568 1270 1856 1318 reuerendus
1890 1272 2030 1333 pater
2064 1284 2094 1316 a
2129 1268 2266 1317 nobis
2302 1269 2502 1319 notariis

552 1357 643 1406 sibi
665 1357 766 1405 fieri
789 1358 932 1422 petiit
966 1358 1210 1422 publicum
1245 1359 1611 1408 instrumentum
1647 1358 1724 1407 vel
1758 1357 1950 1422 publica
1973 1358 2290 1406 instrumenta
2330 1386 2339 1396 ·
2376 1360 2503 1407 Acta

551 1446 742 1494 fuerunt
782 1447 871 1495 hec
912 1447 1039 1511 apud
1081 1448 1375 1511 Maryntoun
1416 1464 1559 1513 super
1592 1448 1790 1496 fundum
1833 1447 2043 1496 eiusdem
2079 1447 2128 1494 in
2160 1447 2350 1496 dioecesi
2388 1450 2503 1496 Bre-

553 1535 766 1585 chinensi
807 1540 857 1584 et
899 1537 950 1584 in
993 1536 1348 1586 Vicecomitatu
1388 1538 1446 1585 de
1488 1537 1659 1586 Forfar
1701 1537 1788 1586 sub
1826 1552 1952 1584 anno
1986 1552 2150 1585 mense
2187 1564 2198 1575 ·
2237 1564 2247 1577 ·
2286 1565 2296 1575 ·
2334 1538 2503 1601 quibus

552 1641 696 1689 supra
733 1653 743 1664 ·
781 1626 1088 1676 Presentibus
1122 1627 1271 1676 nobili
1306 1627 1406 1676 viro
1443 1626 1664 1675 Waltero
1702 1626 1958 1690 Lyndesay
1991 1625 2140 1674 fratre
2175 1641 2398 1689 germano
2423 1628 2504 1676 do-

553 1715 669 1763 mini
692 1715 883 1764 comitis
908 1716 1191 1765 Craufurdie
1228 1716 1504 1765 Alexandro
1541 1717 1599 1764 de
1638 1717 1868 1764 Stratoun
1901 1715 2091 1763 domino
2127 1716 2185 1762 de
2224 1716 2504 1765 Lowrance-

553 1809 670 1854 toun
696 1805 941 1854 WiHelmo
967 1805 1336 1870 Ouchterlowny
1361 1806 1551 1855 domino
1577 1806 1635 1853 de
1662 1804 1808 1868 Kelly
1832 1804 1994 1852 Dauid
2031 1803 2291 1868 Dempstar
2315 1806 2504 1854 domino

555 1896 614 1943 de
639 1894 956 1944 Caraldstoun
981 1895 1258 1944 Alexandro
1285 1895 1531 1944 Wischart
1559 1896 1616 1942 de
1643 1895 1866 1942 Pettarro
1890 1891 2170 1942 Alexandro
2205 1894 2503 1943 Craumonde

555 1985 614 2032 de
639 1985 805 2033 eodem
830 1989 880 2033 et
907 1984 1122 2033 Roberto
1147 1984 1442 2034 Foulertoun
1466 2000 1573 2032 cum
1597 1982 1760 2031 multis
1784 1982 1892 2030 aliis
1914 1982 2118 2031 testibus
2155 2011 2166 2021 ·
2206 2010 2216 2022 ·
2256 2011 2267 2021 ·

623 2074 689 2122 Et
723 2089 811 2137 ego
845 2072 1125 2122 Alexander
1158 2074 1339 2122 Thome
1377 2073 1620 2122 Presbiter
1657 2071 1992 2121 Brechinensis
2031 2072 2247 2122 dioecesis
2287 2074 2503 2137 publicus

555 2162 789 2227 imperiali
813 2163 1075 2212 autorItate
1099 2163 1317 2212 notarius
1354 2191 1364 2201 ·
1405 2192 1414 2202 ·
1454 2192 1464 2202 ·

625 2252 692 2300 Et
735 2268 822 2315 ego
862 2252 896 2299 J
900 2252 1111 2301 ohannes
1151 2252 1306 2316 Steyll
1350 2253 1592 2301 Presbiter
1634 2250 1989 2300 Dunkeldensis
2031 2250 2246 2301 dioecesis
2287 2253 2505 2316 publicus

556 2341 817 2390 autoritate
841 2341 1058 2390 notarius
1095 2369 1104 2379 ·
1147 2370 1157 2380 ·
1198 2370 1207 2380 ·

560 2541 740 2590 Citatio
781 2542 979 2590 Patricii
1022 2541 1285 2591 Folartoun
1326 2543 1375 2590 in
1415 2558 1619 2607 persona
1659 2543 1719 2590 ad
1765 2540 2132 2605 comparendum
2174 2558 2331 2591 coram
2375 2545 2503 2594 dicto

557 2631 818 2679 reuerendo
843 2634 978 2694 patre
1005 2631 1171 2695 quinto
1200 2632 1423 2680 Octobris
1459 2659 1471 2671 ·

570 2753 651 2835 In
675 2788 770 2836 Dei
793 2788 983 2836 nomine
1021 2816 1031 2826 ·
1071 2818 1080 2826 -
1121 2817 1131 2827 -
1167 2792 1333 2852 pateat
1357 2789 1604 2838 euidenter
1638 2793 1763 2854 quod
1799 2809 1923 2855 anno
1956 2794 2308 2843 Incarnationis
2332 2792 2501 2841 Domi-

558 2880 663 2927 nice
687 2876 936 2926 millesimo
961 2877 1423 2941 quadringentesimo
1448 2880 1806 2942 quadragesimo
1830 2884 2033 2947 septimo
2057 2885 2231 2933 mensis
2254 2898 2364 2932 vero
2402 2886 2502 2930 Au-

559 2968 686 3032 gusti
727 2967 818 3015 die'
844 2967 1048 3031 septima
1071 2970 1120 3016 et
1141 2967 1398 3015 indictione
1423 2967 1608 3016 decima
1641 2970 1946 3032 pontificatus
1984 3001 1994 3011 ·
2034 3001 2045 3011 ·
2084 3001 2093 3011 ·
2132 2973 2350 3021 Nicholai
2391 3002 2401 3011 -
2441 3001 2450 3011 -

561 3074 682 3122 pape
718 3057 870 3120 quinti
893 3073 1018 3105 anno
1057 3057 1210 3122 primo
1247 3084 1258 3096 ·
1296 3085 1308 3096 ·
1347 3086 1358 3096 ·
1393 3061 1529 3105 tenta
1568 3057 1659 3107 fuit
1694 3061 1835 3108 curia
1870 3078 1956 3125 per
1989 3064 2297 3110 reuerendum
2333 3063 2381 3109 in
2418 3064 2498 3109 X0·

562 3151 747 3211 patrem
787 3174 797 3184 ·
836 3174 847 3184 ·
886 3173 897 3184 ·
932 3146 966 3193 J
970 3146 1203 3194 ohannem
1242 3174 1252 3184 ·
1292 3175 1301 3185 ·
1341 3175 1351 3184 ·
1388 3146 1659 3211 episcopum
1686 3149 2052 3199 Brechinensem
2072 3151 2121 3199 in
2139 3151 2249 3199 aula
2267 3168 2352 3200 sua
2375 3154 2501 3215 apud

564 3235 771 3284 Brechin
805 3252 867 3284 ex
902 3235 1248 3299 premunitione
1285 3241 1334 3284 et
1373 3237 1714 3286 conuocatione
1739 3239 2008 3302 quindecim
2034 3241 2217 3289 dierum
2241 3242 2415 3291 abante
2441 3243 2498 3290 de

565 3324 788 3373 vicesima
823 3329 993 3387 quarta
1027 3325 1203 3374 mensis
1237 3325 1268 3371 J
1277 3324 1358 3373 ulii
1393 3325 1666 3374 immediate
1690 3329 2001 3390 precedentis,
2035 3345 2128 3393 qua
2151 3330 2228 3378 die
2251 3333 2387 3378 tenta
2409 3331 2498 3378 fuit
