3016 3958
249 1711 570 1761 CXXXVII.

1154 627 1449 683 GARTAE
1494 629 1995 690 ORIGINALES.
2446 642 2557 697 211

603 815 747 864 latori
772 816 1063 879 presentium
1088 818 1218 881 apud
1242 818 1423 866 dictum
1446 819 1733 870 fortalicium
1771 824 1829 871 de
1868 795 2112 875 Farnvirell
2137 829 2394 877 secundum
2417 834 2549 879 teno-

604 921 703 953 rem
740 906 1032 970 antescripto
1070 911 1232 955 nostre
1279 911 1411 956 carte
1454 908 1577 958 iuste
1618 909 1783 959 haberi
1824 912 2015 963 faciatis
2055 942 2064 952 ·
2105 942 2116 953 ·
2155 943 2166 953 ·
2203 916 2262 963 In
2305 917 2437 967 euius
2477 920 2545 966 rei

602 995 927 1043 testimonium
964 996 1170 1059 sigillum
1208 1000 1423 1046 nostrum
1463 999 1717 1060 rotundum
1757 1016 1955 1050 vnacum
1994 1007 2157 1052 nostra
2199 1005 2542 1070 subscriptione

601 1084 809 1133 manuali
856 1100 1040 1134 necnon
1087 1085 1268 1149 sigillo.
1300 1087 1537 1134 communi
1585 1087 1702 1135 dieti
1761 1091 1957 1154 capituli
2015 1097 2064 1140 et
2123 1093 2543 1158 subscriptionibus

600 1173 899 1223 manualibus
923 1174 1091 1222 decani
1127 1178 1176 1223 et
1212 1175 1549 1223 canonicorum.
1577 1176 1788 1226 eiusdem
1825 1178 1874 1226 in
1909 1180 2090 1243 signum
2117 1182 2189 1230 sui
2215 1198 2470 1233 consensus
2494 1190 2541 1233 et

598 1278 820 1313 assensus
854 1263 915 1311 ad
950 1263 1182 1327 premissa
1205 1264 1507 1328 presentibus
1544 1269 1617 1313 est
1653 1282 1914 1330 appensum
1953 1270 2079 1333 apud
2115 1271 2334 1334 Breohyn
2360 1273 2541 1322 decimo

599 1352 675 1400 die
700 1352 876 1402 mensis
900 1353 1183 1403 Decembris
1206 1370 1331 1403 anno
1357 1354 1534 1402 domini
1572 1354 1821 1404 millesimo
1854 1357 2228 1421 quingentesimo
2253 1362 2563 1436 ser-{agesimq

597 1444 737 1489 sexto
777 1442 818 1479 -*

607 1679 792 1760 Carta
814 1713 1107 1768 feodifirmae
1144 1730 1370 1764 concessa
1405 1731 1490 1779 per
1526 1715 1852 1764 Alexandrum
1877 1717 2153 1781 episcopum
2176 1719 2540 1769 Brechinensem

596 1816 704 1847 cum
729 1818 960 1850 consensu
986 1802 1185 1866 capituli
1220 1804 1293 1852 sui
1328 1820 1413 1867 pro
1450 1821 1634 1853 summa
1657 1805 1822 1868 viginti
1857 1805 2082 1854 librarum
2107 1812 2325 1856 monetae
2350 1808 2539 1857 Scotiae

564 1889 840 1952 'Willelmo
868 1892 1091 1954 Kynloch
1127 1893 1347 1956 burgensi
1383 1894 1516 1957 burgi
1556 1896 1615 1942 de
1653 1895 1827 1943 Dunde
1867 1911 1925 1943 ac
1960 1896 2167 1951 Jonetae
2193 1897 2416 1961 Lyndsay
2440 1899 2540 1960 ejus

589 1995 791 2043 sponsae
827 1981 875 2028 in
910 1981 1044 2029 vitali
1068 1982 1258 2053 redditu
1282 1999 1367 2046 pro
1390 1987 1497 2032 toto
1521 1987 1735 2047 tempore
1759 2000 1922 2032 eorum
1959 1985 2085 2033 vitae
2121 2002 2177 2033 ac
2213 2002 2372 2034 eorum
2396 1987 2535 2035 alteri

588 2070 767 2118 diutius
805 2071 982 2118 viventi
1019 2087 1203 2119 necnon
1246 2071 1526 2120 Alexandro
1571 2073 1785 2136 Ramsay
1825 2073 1923 2122 filio
1971 2077 2022 2122 et
2067 2075 2259 2122 haeredi
2302 2077 2535 2142 quondam

591 2158 822 2207 Willelmi
849 2160 1062 2223 Ramsay
1085 2160 1202 2208 civis
1227 2160 1564 2210 Brechinensis
1586 2162 1871 2211 haeredibus
1905 2163 2076 2211 suiset
2101 2164 2352 2227 assignatis
2375 2165 2538 2213 haere-

588 2249 759 2297 ditarie
799 2247 1056 2298 molendini
1096 2267 1348 2314 granorum
1389 2251 1546 2300 vocati
1587 2250 1650 2299 lie
1691 2250 1826 2300 littill
1874 2251 2031 2315 mylne
2079 2253 2360 2316 pertinentis
2407 2255 2534 2303 dicto

587 2339 810 2403 episcopo
841 2355 949 2399 cum
986 2355 1099 2388 acra
1125 2343 1293 2389 ‚terrae
1331 2340 1487 2388 eidem.
1524 2340 1796 2389 molendino
1827 2340 2131 2389 incumbente
2172 2357 2280 2390 cum
2318 2343 2532 2393 omnibus

589 2428 808 2477 multuris
865 2429 1078 2477 astrictis
1126 2429 1256 2477 dicto
1313 2429 1585 2478 molendino
1645 2429 1995 2493 pertinentibus
2050 2433 2165 2478 tunc
2218 2446 2303 2493 per
2355 2431 2530 2478 dictam

589 2518 624 2564 J
629 2522 816 2567 onetam
842 2523 892 2567 et
917 2534 1027 2567 suos
1049 2522 1271 2567 tenentes
1294 2518 1514 2582 occupati
1533 2518 1740 2581 jacentis
1763 2519 1812 2565 in
1837 2518 2044 2566 Civitate
2076 2519 2383 2567 Brechinensi
2406 2519 2531 2567 inter

589 2611 743 2656 terras
765 2607 980 2670 magistri
1004 2607 1197 2670 Georgii
1235 2607 1472 2655 Meldrom
1510 2624 1572 2655 ex
1607 2607 1809 2656 australi
1842 2611 1995 2656 terras
2017 2607 2270 2655 haeredum
2295 2609 2529 2670 quondam

590 2697 791 2745 Davidis
810 2697 1015 2760 Cowpar
1038 2713 1099 2744 ex
1123 2696 1623 2752 boreali,communem
1644 2696 1854 2760 plateam
1873 2713 1935 2743 ex
1954 2695 2175 2744 orientali
2200 2699 2248 2743 et
2271 2700 2528 2744 torrentem

588 2790 807 2834 vocatum
842 2785 904 2833 lie
941 2785 1119 2849 college
1143 2786 1291 2834 burne
1316 2802 1378 2834 ex
1403 2785 1688 2834 occidentali
1708 2802 1720 2842 ;
1755 2785 1949 2833 tenendi
1974 2785 2022 2831 in
2044 2784 2325 2848 emphiteosi
2348 2788 2397 2832 et
2420 2786 2530 2832 hae-

586 2876 791 2924 reditate
811 2876 1172 2939 imperpetuum,
1192 2891 1396 2923 unacum
1415 2879 1658 2939 potestate
1683 2879 1732 2923 et
1755 2874 1987 2923 facultate
2012 2874 2223 2922 fodiendi
2247 2878 2295 2922 et
2318 2873 2529 2921 lucrandi

585 2965 821 3029 caespites
857 2964 1146 3027 vulgo‘feall
1183 2965 1277 3012 and
1317 2965 1482 3013 devott
1518 2964 1566 3011 in
1599 2963 1664 3011 lie
1700 2979 1948 3011 commoun
1984 2963 2075 3010 den
2112 2963 2169 3010 de
2207 2963 2410 3011 Brechin
2446 2980 2529 3025 pro

584 3054 910 3102 aedificatione
947 3057 996 3102 et
1033 3054 1382 3103 sustentatione
1419 3053 1536 3102 dicti
1571 3052 1827 3101 molendini
1862 3053 2104 3099 domorum
2130 3051 2455 3099 molendinarii
2479 3056 2527 3099 et

584 3143 647 3191 lie
673 3143 938 3206 mylndams
961 3159 1018 3190 ac
1042 3142 1393 3192 sustentatione
1431 3146 1481 3190 et
1519 3140 1875 3190 conservatione
1911 3156 2139 3203 aquarum
2163 3140 2368 3188 omnium
2393 3156 2525 3203 prae-

638 3286 660 3306 *
690 3286 775 3324 Hoc
790 3299 842 3324 ex
855 3286 1076 3337 apographo
1091 3299 1208 3337 penes
1229 3285 1416 3325 Comitem
1433 3285 1479 3323 de
1498 3282 1622 3323 Airlie
1642 3283 1915 3334 transcriptum
1930 3295 2016 3321 cum
2030 3282 2105 3321 alio
2117 3283 2157 3320 in
2168 3282 2330 3334 publicis
2349 3283 2513 3321 archivis

585 3339 766 3378 collatum
787 3340 872 3383 fuit.
