3022 3964
249 2228 450 2277 XVIII.

473 612 547 667 28
1028 615 1318 672 CARTAE
1362 615 1863 672 ORIGINALES.

477 817 675 867 cumque
710 803 800 852 sibi
835 804 1004 854 melius
1043 805 1276 870 placuerit
1317 807 1440 855 infra
1486 822 1680 870 regnum
1728 805 1890 854 Scotie
1929 805 2033 854 sine
2068 805 2406 869 impedimento

476 892 780 942 reuocatione
804 898 1016 943 nostrum
1040 911 1124 943 seu
1147 911 1471 945 successorum
1495 899 1776 950 nostrorum,
1801 893 1930 941 nullo
1954 894 2070 942 iuris
2093 894 2301 942 remedio
2324 898 2408 942 aut

475 981 722 1045 priuilegio
749 982 944 1047 speciali
979 987 1062 1032 aut
1096 985 1304 1048 generali
1339 1002 1423 1034 seu
1459 983 1798 1033 constitutione
1832 982 1992 1047 papali
2027 981 2173 1045 regali
2208 982 2409 1031 sinodali

475 1086 559 1120 seu
581 1071 860 1135 prouinciali
894 1073 943 1121 in
978 1074 1265 1122 contrarium
1290 1073 1506 1122 valituris
1528 1074 1612 1122 sed
1647 1072 1794 1121 simus
1829 1072 1889 1120 ab
1925 1072 2052 1120 omni
2087 1071 2204 1119 iuris
2239 1070 2410 1119 clamio

477 1160 594 1208 dicti
616 1160 760 1208 annui
785 1162 998 1210 redditus
1020 1164 1388 1226 presentationis
1412 1162 1612 1211 ecclesie
1635 1161 1850 1225 predicte
1874 1175 1931 1209 ac
1954 1160 2214 1209 mansionis
2248 1176 2412 1223 supra-

477 1250 605 1298 dicte
640 1249 822 1299 exclusi
857 1255 907 1300 et
943 1267 1030 1315 pro
1065 1256 1295 1316 perpetuo
1329 1252 1520 1316 penitus
1558 1250 1764 1300 absoluti
1803 1278 1813 1288 ·
1850 1244 1977 1298 Item
2024 1249 2239 1298 volumus
2285 1250 2409 1312 quod

476 1339 628 1388 nostri
661 1355 956 1389 successores
993 1341 1220 1405 Episcopi
1256 1341 1441 1389 Decani
1483 1345 1533 1389 et
1570 1339 1799 1388 Canonici
1841 1339 1889 1386 in
1930 1338 2201 1402 receptione
2248 1353 2409 1386 eorum

477 1429 634 1477 iurent
669 1429 828 1477 omnia
862 1429 1078 1493 predicta
1111 1431 1364 1479 obseruare
1401 1434 1451 1478 et
1485 1434 1699 1494 tempore
1734 1444 1908 1483 eorum,
1944 1429 2002 1476 de
2037 1443 2161 1476 nouo
2195 1432 2411 1491 receptos

476 1518 633 1566 facere
657 1518 746 1566 hoc
771 1519 895 1566 idem
919 1519 1073 1567 iurare
1111 1547 1122 1558 ·
1158 1520 1220 1567 In
1244 1519 1377 1568 cuius
1397 1519 1488 1567 Rei
1505 1517 1828 1568 testimonium
1847 1516 2002 1580 sigilla
2023 1521 2186 1566 nostra
2210 1532 2409 1564 unacum

477 1606 644 1670 sigillis
669 1607 892 1656 Cantoris
915 1612 964 1656 et
988 1607 1271 1656 Cancellarii
1294 1608 1592 1672 presentibus
1615 1610 1724 1656 sunt
1748 1622 1958 1670 appensa
1987 1607 2112 1669 apud
2151 1605 2409 1654 Ciuitatem

477 1700 687 1744 nostram
711 1696 770 1743 de
795 1696 1000 1744 Brechin
1024 1697 1246 1745 vicesimo
1271 1696 1346 1744 die
1371 1696 1545 1746 mensis
1563 1695 1784 1761 Octobris
1801 1711 1925 1743 anno
1949 1695 2143 1743 Domini
2162 1695 2410 1745 millesimo

478 1785 940 1849 quadringentesimo
963 1786 1186 1834 vicesimo
1209 1801 1334 1834 nono
1372 1813 1382 1823 ·
2264 1775 2267 1777 Δ

478 1987 578 2035 The
605 1987 766 2050 Paipis
789 1986 1175 2035 confirmatioune
1200 2002 1353 2050 upone
1376 1987 1459 2034 the
1484 1986 1668 2049 uniting
1691 1986 1759 2033 off
1786 2001 1845 2049 ye
1873 1985 1998 2033 Kirk
2022 1985 2091 2033 off
2119 1985 2409 2050 Cortoquhie

473 2080 525 2123 to
548 2092 607 2139 ye
633 2074 793 2124 Cath¹¹·
827 2075 952 2123 Kirk
976 2075 1045 2124 off
1065 2075 1300 2124 Brechine
1341 2104 1350 2114 ·

484 2201 763 2280 Martinus
788 2231 1052 2295 Episcopus
1076 2231 1252 2279 Seruus
1276 2230 1530 2278 Seruorum
1566 2230 1660 2290 Dei
1699 2230 1778 2278 Ad
1817 2234 2093 2294 perpetuam
2120 2231 2212 2279 Rei
2235 2248 2409 2280 memo-

475 2321 591 2369 riam
631 2349 642 2358 ·
680 2321 758 2368 Ex
794 2320 955 2368 debito
977 2319 1232 2383 pastoralis
1263 2318 1404 2367 officii
1439 2334 1534 2382 quo
1570 2318 1874 2367 ecclesiarum
1899 2319 2105 2367 omnium
2130 2320 2408 2384 disponente

475 2409 685 2457 Domino
722 2408 935 2472 regimini
972 2408 1264 2472 presidemus
1300 2408 1362 2455 ad
1400 2423 1458 2456 ea
1492 2423 1583 2471 que
1618 2407 1919 2456 ecclesiarum
1958 2409 2164 2472 ipsarum
2200 2425 2257 2457 ac
2303 2426 2408 2473 per-

475 2514 692 2547 sonarum
727 2497 1158 2546 ecclesiasticarum
1193 2496 1429 2545 utilitates
1463 2500 1513 2544 et
1549 2497 1808 2552 commoda,
1843 2512 1906 2545 ac‘
1937 2497 2084 2546 diuini
2116 2498 2273 2547 cultus
2294 2515 2407 2563 aug—

474 2591 683 2635 mentum
708 2586 965 2650 respiciunt
990 2585 1240 2648 diligenter
1267 2585 1556 2634 intendimus
1590 2589 1640 2633 et
1676 2602 1766 2649 que
1801 2602 1887 2650 pro
1922 2587 2014 2636 hiis
2047 2588 2244 2651 prouide
2277 2589 2409 2637 facta

474 2677 570 2725 sint
608 2681 660 2724 ut
698 2675 896 2723 illabata
931 2675 1188 2738 persistant
1219 2674 1423 2722 libenter
1457 2689 1562 2723 cum
1598 2691 1628 2722 a
1661 2674 1798 2724 nobis
1819 2675 2000 2739 petitur
2021 2676 2284 2740 apostolico
2307 2693 2407 2725 mu-

474 2765 649 2812 nimine
685 2764 970 2812 -roboramus
1007 2791 1016 2801 ·
1053 2763 1178 2811 Sane
1224 2779 1309 2826 pro
1356 2766 1492 2826 parte
1540 2762 1822 2811 dilectorum
1869 2763 2086 2820 filiorum,
2128 2765 2313 2813 Decani
2356 2770 2405 2813 et

474 2852 670 2917 capituli
693 2850 892 2899 ecclesie
917 2851 1195 2899 Brechinen.
1219 2851 1355 2900 nobis
1384 2866 1533 2915 nuper
1554 2851 1770 2899 exhibita
1791 2851 1962 2915 petitio
1985 2852 2258 2901 continebat
2281 2856 2404 2917 quod

454 2942 586 2991 olim
623 2940 824 2988 dilectus
862 2939 985 2988 filius
1022 2939 1207 2989 Nobilis
1246 2939 1335 2987 Vir
1372 2938 1620 2988 Walterus
1657 2938 1852 2988 Atholie
1887 2943 1937 2988 et
1973 2939 2206 2989 Cathanie
2246 2957 2405 2992 comes

475 3030 699 3094 singulari
723 3045 816 3093 qua
837 3029 927 3092 ipsi
951 3028 1149 3077 ecclesie
1185 3033 1234 3077 et
1268 3027 1395 3077 illius
1427 3027 1642 3092 personis
1675 3027 1881 3076 afficitur
1904 3029 2154 3077 deuotione
2177 3045 2402 3079 accensus

474 3123 547 3170 ius
591 3122 869 3184 patronatus
914 3117 1219 3182 parrochialis
1263 3117 1461 3166 ecclesie
1506 3116 1599 3164 loci
1645 3117 1704 3164 de
1750 3117 2070 3181 Cortowquhy
2123 3118 2400 3168 Brechinen.

473 3208 688 3259 dioecesis
726 3207 786 3255 ad
833 3221 941 3254 eum
987 3206 1170 3254 ratione
1208 3205 1402 3254 dominii
1439 3205 1556 3253 dicti
1592 3203 1684 3252 loci
1718 3203 1927 3268 legitime
1962 3206 2204 3269 pertinens
2250 3210 2403 3271 prefa-

471 3300 536 3348 tis
571 3298 770 3346 Decano
810 3300 859 3343 et
896 3294 1104 3369 capitulo
1140 3295 1200 3342 ad
1238 3293 1457 3342 effectum
1499 3297 1551 3341 ut
1592 3293 1696 3356 ipsa
1728 3293 2041 3356 parrochialis
2081 3295 2282 3345 ecclesia
2325 3313 2402 3346 ca-
