3016 3958
1032 663 1324 719 CARTAE
1370 662 1873 720 ORIGINALES.
2382 666 2490 719 115

542 852 756 901 Roberto
780 853 1015 902 Falconer
1050 858 1100 902 et
1139 853 1299 901 Dauid
1325 855 1478 918 Eyme
1494 858 1562 902 et
1599 854 1802 903 diuersis
1824 853 1932 902 aliis
1953 854 2079 918 apud
2114 854 2320 903 Brechin
2344 855 2488 902 tertio

542 941 619 989 die
642 941 817 992 mensis
840 942 1021 1007 Aprilis
1043 958 1168 991 anno
1193 942 1388 991 Domini
1423 941 1674 992 millesimo
1708 942 2174 1007 quadringentesimo
2196 943 2487 1007 septuagesi-

541 1047 620 1079 mo
642 1032 850 1081 seeundo
887 1060 898 1070 ·
1679 1032 1682 1036 ’
1835 1034 1837 1036 ’

547 1232 694 1281 Carta
719 1232 981 1280 Alexandri
1009 1232 1146 1280 Rede
1184 1261 1195 1270 ·

333 1389 525 1438 LXIV.
553 1356 832 1437 Omnibus
871 1389 994 1436 hane
1034 1392 1215 1436 cartam
1258 1386 1428 1435 visuris
1468 1386 1543 1434 vel
1584 1387 1820 1436 audituris
1861 1386 2144 1435 Alexander
2191 1387 2328 1435 Rede
2374 1387 2493 1436 ciuis

548 1478 763 1526 ciuitatis
810 1476 1146 1525 Breehinensis
1192 1474 1406 1524 Salutem
1445 1503 1456 1513 ·
1494 1503 1506 1513 ·
1546 1504 1556 1513 ›
1593 1475 1770 1524 Sciatis
1815 1491 1891 1524 me
1929 1503 1940 1514 ·
1979 1502 2002 1514 ··
2029 1504 2040 1514 ·
2076 1476 2343 1526 vendidisse
2381 1505 2392 1515 ·
2432 1505 2442 1514 -
2481 1505 2491 1514 ·

546 1566 781 1615 alienasse
818 1593 830 1603 ·
867 1594 879 1604 ·
919 1593 929 1604 ·
964 1569 1016 1614 et
1037 1565 1340 1614 confirmasse
1375 1564 1566 1613 domino
1591 1564 1825 1614 Nieholao
1846 1565 2099 1614 Jhonsoun
2123 1565 2370 1630 capellano
2392 1581 2498 1630 per-

550 1661 696 1720 petuo
731 1654 919 1718 collegii
957 1653 1293 1703 Breehinensis
1315 1654 1569 1703 heredibus
1602 1653 1703 1703 suis
1738 1658 1789 1702 et
1826 1654 2080 1718 assignatis
2114 1668 2256 1703 vnum
2290 1671 2496 1703 annuum

550 1745 787 1794 redditum
824 1743 1078 1792 tresdecim
1115 1742 1374 1792 solidorum
1412 1746 1463 1791 et
1508 1746 1714 1807 quatuor
1752 1743 2053 1791 denariorum
2095 1742 2270 1792 vsualis
2308 1749 2496 1792 monete

547 1835 679 1898 regni
702 1833 864 1882 Seotie
888 1832 1132 1880 annuatim
1157 1832 1218 1880 ad
1244 1832 1362 1880 duos
1384 1831 1503 1879 anui·
1519 1831 1750 1880 terminos
1787 1834 2041 1881 consuetos
2078 1859 2091 1870 ·
2128 1859 2140 1870 ·
2178 1860 2189 1870 ·
2225 1835 2276 1880 et
2298 1833 2500 1896 pereipi-

547 1925 719 1973 endum
755 1924 814 1971 de
848 1925 955 1971 toto
988 1925 1039 1970 et
1073 1921 1258 1985 integro
1281 1923 1556 1969 tenemento
1580 1935 1689 1968 meo
1711 1935 1770 1968 ae
1790 1919 1920 1970 aeris
1941 1920 2062 1970 meis
2078 1920 2353 1983 jacentibus
2375 1921 2499 1968 infra

547 2013 794 2062 ciuitatem
833 2010 1202 2059 Breehinensem
1240 2009 1367 2057 inter
1401 2013 1580 2057 terram
1620 2008 1825 2056 -Roberti
1850 2008 2096 2073 Chapman
2132 2024 2193 2057 ex
2231 2013 2367 2073 parte
2390 2025 2500 2058 aus-

547 2101 659 2152 trali
699 2118 762 2150 ex
797 2104 936 2165 parte
959 2115 1055 2148 nna
1090 2102 1141 2147 et
1177 2098 1224 2146 le
1261 2097 1397 2147 leche
1420 2098 1482 2146 de
1507 2097 1777 2147 Masindew
1800 2113 1863 2145 ex
1898 2101 2036 2161 parte
2071 2098 2251 2146 boreali
2276 2114 2338 2146 ex
2360 2104 2497 2162 parte

549 2191 702 2240 altera
743 2205 848 2237 eum
889 2187 1126 2237 communi
1165 2187 1271 2235 vieo
1311 2203 1374 2235 ex
1410 2190 1548 2251 parte
1572 2185 1810 2235 orientali
1850 2186 1969 2234 dieti
2007 2187 2271 2236 tenementi
2313 2188 2405 2236 mei
2447 2191 2496 2235 et

549 2296 712 2330 aeram
737 2279 919 2328 Thome
943 2277 1149 2326 Buthlar
1183 2293 1247 2325 ex
1283 2280 1421 2341 parte
1459 2275 1747 2325 occidentali
1768 2291 1985 2324 aerarum
2010 2291 2221 2324 mearum
2261 2304 2272 2314 ·
2310 2303 2322 2315 ·
2360 2304 2371 2315 ·
2408 2277 2499 2324 Te·

553 2370 758 2418 nendum
799 2372 850 2416 et
867 2396 873 2397 ff
893 2367 1160 2415 habendum
1198 2366 1435 2430 prefatum
1471 2381 1679 2414 annuum
1718 2365 1954 2413 redditum
1993 2393 2005 2402 -
2042 2392 2054 2403 ·
2092 2393 2103 2403 ·
2139 2365 2271 2413 dioto
2308 2365 2498 2414 domino

557 2457 790 2507 Nieholao
812 2455 1066 2505 heredibus
1087 2455 1185 2504 suis
1208 2459 1258 2503 et
1281 2455 1535 2518 assignatis
1568 2470 1599 2502 a
1632 2454 1861 2517 magistro
1884 2452 2153 2518 Hospitalis
2176 2454 2317 2502 beate
2343 2454 2498 2502 Marie

558 2549 617 2595 de
644 2546 911 2595 Masiudew
933 2549 983 2592 et
1005 2543 1355 2593 suecessoribus
1377 2543 1475 2592 suis
1509 2543 1880 2606 quibuscumque
1902 2543 1951 2590 in
1974 2543 2115 2591 feodo
2148 2547 2199 2591 et
2233 2543 2499 2591 hereditate

557 2637 902 2700 imperpetuum
939 2660 950 2670 ·
993 2661 1004 2670 ·
1042 2658 1054 2671 ·
1092 2632 1357 2680 Reddendo
1392 2632 1502 2679 inde
1536 2633 1783 2680 annuatim
1819 2631 1976 2680 dietus
1999 2630 2217 2680 dominus
2241 2630 2499 2680 Nieholaus

558 2725 758 2773 heredes
794 2723 867 2771 sui
904 2726 955 2770 et
991 2721 1219 2785 assignati
1254 2737 1397 2768 unum
1421 2720 1666 2768 denarium
1691 2719 1866 2769 venalis
1888 2723 2080 2768 monete
2116 2747 2128 2758 ·
2166 2747 2178 2757 ·
2215 2747 2227 2757 ·
2265 2719 2499 2783 Magistro

559 2813 675 2862 dieti
715 2809 983 2875 Hospitalis
1020 2836 1031 2846 ·
1069 2837 1098 2847 ·›
1119 2837 1130 2847 ·
1166 2810 1215 2856 in
1250 2809 1375 2858 festo
1411 2808 1566 2856 saneti
1602 2808 1636 2855 J
1639 2808 1840 2856 ohannis
1878 2808 2100 2872 Baptiste
2132 2823 2278 2872 super
2298 2808 2497 2856 fundum

560 2903 792 2952 dictarum
832 2904 1064 2948 terrarum
1107 2898 1148 2946 si
1187 2901 1381 2961 petatur
1418 2901 1607 2945 tautum
1646 2924 1657 2934 -
1695 2924 1706 2934 ·
1744 2924 1756 2934 ·
1794 2897 1860 2944 Et
1898 2913 1985 2959 ego
2023 2897 2182 2946 dietus
2222 2896 2499 2945 Alexander

557 2991 757 3040 heredes
796 2988 891 3037 mei
927 3016 939 3026 ·
978 3015 990 3025 ·
1027 3015 1038 3025 ·
1074 2986 1486 3034 warantizabimus
1522 3013 1533 3023 ·
1572 3013 1583 3022 -
1620 3013 1632 3023 ·
1669 2985 1727 3032 In
1769 2985 1903 3034 euius
1943 2986 2011 3033 rei
2051 2986 2374 3035 testimonium
2423 2988 2497 3034 Si-

558 3079 719 3144 gillum
758 3093 912 3126 meum
950 3075 1060 3124 huic
1098 3075 1307 3139 presenti
1345 3079 1477 3123 carte
1507 3090 1612 3122 mee
1643 3078 1719 3123 est
1754 3089 2013 3138 appensum
2036 3074 2163 3138 apud
2188 3074 2392 3122 Breehin
2419 3091 2493 3122 xv.

561 3170 637 3218 die
674 3167 849 3216 mensis
870 3166 904 3213 J
909 3165 1007 3214 unii
1029 3180 1154 3213 anno
1191 3163 1386 3212 Domini
1422 3162 1674 3211 millesimo
1714 3163 2176 3226 quadringentesimo
2209 3163 2499 3226 octogesimo

561 3258 767 3308 seeundo
805 3284 816 3294 ·
852 3255 1023 3304 Coram
1062 3254 1155 3302 hiis
1199 3252 1404 3302 testibus
1442 3252 1476 3298 J
1480 3251 1664 3300 ohanne
1708 3250 1906 3299 Walcar
1946 3250 2191 3300 Willelmo
2232 3251 2496 3300 Durwarde
