3016 3958
526 612 635 671 174
1102 613 1393 669 CARTAE
1437 613 1937 674 ORIGINALES.

335 897 500 944 CXII.
537 861 720 940 Carta
763 892 797 938 J
801 891 998 940 ohannis
1046 890 1272 954 Episcopi
1319 890 1654 939 Brechinensis
1690 891 1902 939 «Iohanni
1939 893 2174 942 Lundoris
2213 895 2457 958 capellano

524 980 766 1042 cujusdam
815 980 973 1043 petiae
1020 983 1178 1027 terrae
1224 978 1502 1026 aedificatae
1547 994 1750 1027 unacum
1784 981 1937 1028 cauda
1985 986 2035 1029 ct
2080 982 2220 1030 horto
2260 984 2453 1030 eaedem

521 1069 680 1132 petiae
702 1072 859 1116 terrae
882 1067 1209 1130 adjacentibus
1232 1071 1282 1115 et
1307 1067 1654 1130 pertinentibus
1672 1082 1777 1114 cum
1794 1068 2095 1130 pertinentiis
2111 1070 2318 1131 jacentis
2335 1070 2457 1117 infra

522 1157 776 1205 Civitatem
797 1155 1164 1204 Brechinensem
1182 1156 1308 1203 inter
1324 1159 1478 1203 terras
1500 1155 1756 1203 haeredum
1780 1156 2016 1219 quondam
2039 1156 2074 1203 J
2077 1157 2276 1206 ohannis
2301 1157 2457 1206 Avale

521 1246 582 1292 ad
617 1246 807 1291 boream
842 1247 996 1291 terras
1030 1242 1196 1291 altaris
1220 1243 1386 1291 Sancti
1415 1243 1663 1291 Cristoferi
1697 1244 1759 1291 ad
1794 1248 2010 1294 austrum
2044 1249 2198 1294 terras
2222 1247 2455 1309 quondam

520 1333 554 1379 J
558 1333 754 1381 ohannis
778 1331 906 1380 Scall
930 1333 991 1379 ad
1017 1332 1173 1380 oriens
1207 1335 1261 1379 et·
1292 1347 1586 1379 communem
1621 1331 1746 1379 viam
1781 1332 1955 1394 regiam
1990 1333 2052 1380 ad
2087 1333 2307 1382 occidens
2328 1335 2458 1397 prius

521 1421 785 1484 resignatae
808 1421 868 1468 ab
896 1419 1087 1483 Agnete
1125 1420 1312 1468 Baxtar
1334 1419 1384 1466 in
1407 1419 1624 1467 manibus
1660 1420 1776 1468 dicti
1801 1420 2009 1483 episcopi
2033 1437 2119 1484 per
2141 1421 2455 1470 venerabilem

522 1510 669 1557 virum
689 1508 964 1571 magistrum
986 1507 1247 1555 Hem-icum
1264 1508 1435 1555 Rouch
1454 1512 1807 1570 procuratorem
1826 1524 1990 1564 suum;
2015 1511 2249 1557 tenendae
2265 1511 2323 1558 de
2340 1511 2457 1557 Bre-

522 1597 822 1646 chinensibus
845 1596 1080 1660 episcopis
1114 1596 1162 1642 in
1199 1595 1339 1643 feodo
1363 1599 1412 1644 et
1435 1596 1732 1644 haereditate
1763 1598 2106 1661 imperpetuum
2144 1626 2155 1636 ·
2195 1599 2457 1646 Reddendo

522 1686 630 1733 inde
668 1685 912 1733 annuatim
947 1684 1260 1747 quadraginta
1295 1684 1512 1746 denarios
1548 1689 1768 1733 monetae
1807 1685 1999 1734 Scotiae
2036 1714 2047 1725 ·
2083 1686 2216 1735 Data
2261 1688 2349 1735 sub
2397 1689 2457 1735 si-

521 1775 633 1837 gillo
669 1776 872 1823 rotundo
907 1775 1023 1822 dicti
1058 1774 1266 1838 episcopi
1303 1789 1507 1821 unacum
1541 1773 1695 1836 sigillo
1730 1774 1966 1822 communi
1990 1774 2186 1838 capituli
2221 1776 2294 1823 sui
2329 1778 2454 1838 apud

523 1863 842 1927 supradictam
879 1863 1132 1910 Civitatem
1170 1861 1536 1910 Brechinensem
1573 1862 1649 1909 die
1688 1862 1907 1924 vigesimo
1944 1867 2114 1926 quarto
2137 1864 2312 1912 mensis
2339 1865 2456 1912 Maii

524 1968 647 1999 anno
672 1951 866 1999 Domini
890 1950 1140 1999 millesimo
1164 1950 1542 2014 quingentesimo
1579 1951 1761 1998 decimo
1796 1967 1920 1998 nono
1956 1966 2113 1999 coram
2147 1952 2223 2001 his
2256 1953 2458 2001 testibus

525 2040 749 2101 magistro
785 2039 819 2085 J
823 2039 1008 2087 ohanne
1052 2039 1247 2086 Forrest
1290 2038 1479 2086 domino
1519 2039 1554 2085 J
1557 2039 1706 2087 acobo
1753 2039 1880 2088 Dwn
1927 2039 2183 2103 capellanis
2217 2045 2266 2089 et
2302 2041 2458 2089 David

528 2129 688 2175 Bonar
710 2127 832 2175 laico
855 2142 962 2174 cum
987 2126 1185 2175 diversis
1208 2125 1316 2174 aliis
1353 2153 1364 2164 ·

530 2327 902 2374 Instrumentum
926 2327 1160 2374 sententie
1185 2326 1285 2374 siue
1310 2326 1488 2373 decreti
1523 2341 1609 2388 per
1641 2326 1676 2372 J
1679 2341 1879 2374 oannem
1919 2327 2206 2391 Episcopum
2234 2330 2459 2378 Brechin-

532 2431 691 2463 ensem
714 2415 839 2463 inter
862 2414 1113 2462 canonicos
1136 2418 1185 2461 et
1209 2413 1478 2476 collegistas
1504 2413 1849 2462 Brechinenses
1881 2451 1890 2461 .

317 2573 510 2619 CXIII.
542 2536 675 2614 Die
700 2566 882 2614 decimo
904 2565 1050 2613 tertio
1067 2565 1242 2613 mensis
1262 2563 1445 2627 Aprilis
1462 2580 1586 2612 anno
1605 2564 1801 2613 Domini
1821 2565 2069 2617 millesimo
2088 2571 2460 2634 quingentesimo

535 2655 756 2704 vicesimo
796 2658 965 2717 quarto
1002 2653 1102 2701 Nos
1134 2652 1380 2700 «Iohannes
1417 2651 1666 2715 episcopus
1700 2653 2034 2704 Brechinensis
2067 2658 2326 2708 arbitrator
2357 2665 2463 2710 tan·

538 2759 677 2806 quam
717 2743 868 2790 bonus
902 2742 974 2788 vir
1007 2757 1092 2804 per
1126 2744 1176 2788 et
1211 2740 1336 2788 inter
1368 2740 1662 2789 venerabiles
1695 2741 1822 2790 viros
1857 2743 2085 2792 decanum
2128 2748 2379 2797 canonicos
2413 2755 2462 2798 et

538 2829 796 2893 capitulum
827 2828 1146 2877 Brechinense
1187 2843 1248 2876 ex
1283 2843 1379 2875 una
1414 2831 1464 2876 et
1499 2828 1731 2878 discretos
1770 2829 1897 2878 viros
1942 2832 2156 2882 dominos
2204 2834 2462 2885 Patricium

540 2916 756 2965 Tendaill
781 2915 1062 2978 Gylbertum
1088 2915 1320 2964 Willelmi
1347 2915 1576 2963 Thomam
1602 2915 1813 2979 Ramsay
1847 2921 1897 2966 et
1936 2918 2228 2970 Willelmum
2253 2923 2464 2988 Ramsay

541 3004 810 3067 capellanos
843 3003 1027 3066 collegii
1061 3008 1152 3051 etc.
1190 3004 1524 3052 Brechinensis
1569 3019 1654 3066 per
1698 3005 1992 3067 magnificum
2040 3007 2188 3056 virum
2224 3011 2462 3060 dominum

544 3092 795 3140 Valterum
832 3091 1133 3139 Palantinum
1170 3092 1228 3138 de
1265 3091 1542 3139 Stretherne
1581 3091 1775 3139 Atholie
1809 3096 1859 3140 et
1895 3093 2126 3144 Cathanie
2161 3099 2382 3147 comitem
2418 3107 2467 3151 et

547 3181 781 3228 dominum
819 3180 877 3226 de
914 3179 1156 3226 Brechene
1191 3182 1241 3226 et
1278 3178 1553 3241 Cortoquhy
1574 3178 1764 3226 fundati
1800 3180 1862 3226 ad
1895 3179 2007 3230 lites
2041 3186 2090 3230 et
2125 3189 2468 3237 contrauersias

552 3270 674 3316 inter
709 3268 895 3315 eosdem
939 3267 1194 3314 sedandum
1239 3266 1561 3314 dorimendum
1599 3269 1650 3313 et
1684 3267 2050 3329 extinguendum
2087 3271 2355 3323 dubietates
2390 3277 2471 3324 ob-
