3016 3958
510 633 617 686 108
1090 634 1382 690 CARTAE
1426 634 1930 690 ORIGINALES.

513 822 628 870 with
664 823 712 870 in
747 827 877 886 tyme
912 828 964 871 to
1000 839 1105 872 cum
1130 826 1276 873 vnder
1311 825 1358 873 al
1393 841 1514 888 pane
1538 826 1660 872 ande
1685 824 1854 887 charge
1879 824 1956 886 yai
1994 839 2103 886 may
2140 824 2262 871 inrin
2293 822 2456 886 aganis

515 928 627 960 oure
651 928 881 961 souerane
904 912 1051 962 lordis
1074 918 1230 962 areste
1262 915 1384 961 ande
1420 930 1506 962 our
1539 929 1767 962 souerane
1802 912 1949 961 lordis
1983 913 2163 975 hyenes
2196 916 2249 960 to
2284 911 2454 958 defend

514 1002 597 1049 the
621 1002 723 1051 said
747 1003 978 1050 reuerend
1001 1003 1135 1050 fader
1156 1002 1231 1050 his
1254 1002 1363 1050 kirk
1381 1003 1503 1050 ande
1522 1001 1839 1050 successouris
1862 999 2059 1064 pesably
2083 1001 2131 1047 in
2155 999 2454 1064 possessioun

515 1091 747 1152 brouking
769 1093 860 1139 and
892 1091 1068 1155 joising
1104 1092 1158 1139 of
1187 1108 1247 1154 ye
1271 1091 1417 1139 saidis
1439 1091 1594 1139 landis
1617 1090 1740 1138 ande
1765 1090 1899 1138 office
1935 1105 1988 1137 as
2024 1088 2179 1137 efferis
2203 1089 2295 1136 and
2320 1103 2374 1135 as
2397 1087 2455 1133 he

508 1175 557 1230 'is
580 1181 756 1228 bundin
793 1182 845 1229 of
873 1181 967 1230 law
989 1180 1048 1229 til
1072 1181 1167 1228 him
1193 1182 1314 1228 ande
1339 1179 1386 1227 al
1413 1180 1538 1228 vthir
1560 1178 1757 1243 prelatis
1782 1178 1949 1227 within
1976 1178 2049 1226 his
2073 1177 2248 1224 realme
2274 1176 2455 1223 Datum

517 1274 566 1318 et
589 1274 857 1318 extractum
884 1271 942 1317 de
965 1269 1085 1317 libro
1110 1273 1323 1316 actorum
1359 1285 1444 1332 per
1479 1283 1555 1315 me
1592 1267 1915 1315 Alexandrum
1954 1267 2070 1314 Scot
2101 1266 2323 1314 clericum
2349 1279 2459 1312 con-

513 1359 611 1408 silii
634 1376 719 1423 pro
741 1363 954 1423 tempore
979 1359 1065 1407 sub
1090 1359 1207 1407 meis
1231 1359 1364 1421 signo
1399 1361 1448 1405 et
1483 1356 1828 1419 subscriptione
1854 1354 2060 1402 manuali
2084 1371 2208 1402 anno
2233 1355 2309 1401 die
2348 1381 2357 1390 ·
2398 1381 2408 1390 ·
2447 1381 2456 1389 ·

519 1449 803 1512 supradictis
841 1477 850 1486 ·
888 1447 1217 1511 Quodquidem
1243 1450 1403 1495 actum
1438 1446 1538 1494 siue
1575 1445 1819 1492 decretum
1856 1460 1912 1491 ac
1948 1444 2106 1491 omnia
2129 1447 2178 1491 et
2202 1442 2387 1505 singula
2410 1442 2457 1488 in

520 1541 686 1587 eodem
735 1542 961 1586 contenta
999 1566 1008 1575 ·
1049 1565 1058 1574 ·
1098 1565 1109 1574 -
1144 1553 1229 1601 pro
1274 1539 1504 1600 perpetuo
1550 1535 1878 1583 confirmamus
1916 1562 1925 1571 ·
1963 1534 2119 1589 Quare
2160 1533 2292 1580 vobis
2338 1532 2460 1578 vice-

521 1628 684 1676 comiti
709 1631 758 1676 et
781 1626 970 1674 balliuis
1005 1627 1062 1674 de
1099 1626 1294 1674 Forfare
1319 1625 1484 1674 stricte
1509 1624 1794 1688 precipimus
1830 1628 1879 1671 et
1915 1623 2191 1670 mandamus
2226 1625 2459 1685 quatenus

521 1718 699 1765 dictum
725 1721 882 1764 actum
907 1716 955 1762 in
980 1715 1195 1763 omnibus
1218 1714 1315 1763 suis
1349 1713 1540 1778 punctis
1575 1717 1624 1760 et
1659 1711 1874 1760 articulis
1898 1711 2168 1759 executioni
2194 1710 2354 1758 debite
2379 1710 2459 1755 de-

521 1806 755 1854 mandetis
792 1821 848 1852 ac
886 1805 1015 1851 dicto
1051 1803 1310 1851 reuerendo
1345 1802 1392 1850 in
1430 1802 1500 1848 X⁰
1520 1801 1644 1866 patri
1680 1805 1730 1849 et
1764 1801 1862 1849 suis
1885 1800 2124 1848 officiariis
2159 1804 2208 1847 et
2236 1813 2459 1863 procura-

521 1895 703 1943 toribus
727 1894 775 1941 in
798 1892 1072 1940 reductione
1096 1896 1326 1939 terrarum
1347 1895 1397 1938 et
1415 1890 1673 1938 officiorum
1693 1890 2014 1953 predictorum
2038 1888 2127 1937 sibi
2152 1904 2235 1937 sue
2259 1887 2458 1936 ecclesie

521 1983 828 2032 Brechinensi
854 1998 909 2029 ac
947 1981 1046 2029 suis
1069 1980 1419 2029 successoribus
1442 1979 1699 2028 secundum
1723 1983 1937 2026 tenorem
1965 1977 2079 2024 dicti
2105 1977 2253 2024 nostri
2279 1976 2457 2024 decreti

519 2090 576 2121 ac
599 2073 797 2120 aliarum
821 2071 1063 2118 literarum
1089 2074 1355 2118 nostrarum
1392 2069 1477 2116 sub
1513 2084 1682 2130 magno
1717 2066 1870 2129 sigillo
1905 2070 2068 2114 nostro
2092 2066 2182 2114 sibi
2207 2066 2326 2115 alias
2350 2083 2460 2115 eon-

520 2178 755 2211 cessarum
792 2176 932 2224 super
967 2158 1241 2206 reductione
1277 2157 1614 2205 alienationum
1645 2156 1692 2202 in
1729 2156 1981 2218 dampnum
2018 2170 2100 2203 sue
2137 2153 2335 2203 ecclesie
2375 2172 2460 2219 per

519 2267 629 2300 suos
652 2251 1008 2314 predecessores
1031 2247 1184 2295 minus
1209 2247 1330 2295 iuste
1355 2246 1586 2293 factarum
1612 2245 1872 2292 intendatis
1905 2249 1954 2292 et
1989 2244 2198 2307 pareatis
2221 2245 2306 2292 sub
2332 2246 2458 2292 omni

520 2356 643 2404 pena
666 2355 804 2402 quam
830 2353 941 2399 erga
963 2339 1172 2383 nostram
1192 2334 1365 2397 regiam
1387 2334 1624 2381 incurrere
1649 2333 1869 2396 poteritis
1892 2333 2189 2381 maiestatem
2229 2361 2239 2369 -
2278 2333 2457 2381 Datum

521 2430 607 2478 sub
630 2427 904 2476 testimonio
929 2424 1084 2487 magni
1120 2423 1259 2486 sigilli
1295 2423 1445 2471 nostri
1468 2423 1594 2486 apud
1618 2421 1864 2469 ciuitatem
1889 2421 2229 2469 Sanctiandree
2254 2422 2457 2484 septimo

521 2519 596 2565 die
620 2516 794 2564 mensis
821 2513 990 2562 Marcii
1015 2528 1138 2560 anno
1162 2511 1291 2574 regni
1316 2510 1468 2559 nostri
1493 2510 1658 2574 quinto
1697 2538 1706 2547 ·

522 2717 765 2766 Alteratio
787 2715 876 2763 fori
902 2714 1234 2763 Brechinensis
1258 2715 1315 2760 de
1341 2713 1416 2760 die
1442 2712 1678 2760 dominica
1701 2712 1759 2758 ad
1789 2711 1912 2758 diem
1937 2710 2046 2758 lune
2086 2738 2095 2748 ·

365 2874 498 2921 LIX.
528 2843 767 2924 Jacobus
803 2873 895 2920 Dei
929 2871 1083 2934 gratia
1120 2872 1229 2918 Rex
1264 2871 1514 2918 Scotorum
1552 2897 1562 2906 ·
1600 2868 1829 2916 Omnibus
1863 2867 2023 2930 probis
2055 2866 2322 2915 hominibus
2355 2868 2453 2915 suis

521 2967 582 3014 ad
606 2979 723 3028 quos
746 2965 989 3026 presentes
1011 2960 1148 3008 litere
1171 2959 1473 3023 peruenerint
1496 2956 1697 3006 salutem
1735 2982 1746 2993 ·
1783 2955 1908 3009 Quia
1929 2955 1990 3002 ad
2014 2954 2235 3002 honorem
2272 2959 2321 3003 et
2354 2955 2454 3003 lau—

521 3056 626 3101 dem
670 3048 1007 3113 omnipotentis
1049 3048 1143 3096 Dei
1185 3048 1232 3094 in
1272 3049 1573 3109 augmentum
1616 3043 1772 3092 cultus
1814 3043 1961 3090 diuini
2004 3059 2064 3090 ex
2111 3042 2450 3092 deliberatione

518 3141 667 3190 nostri
692 3138 875 3187 consilii
898 3137 1186 3184 mutauimus
1221 3139 1270 3184 et
1305 3139 1470 3182 tenore
1493 3132 1781 3196 presentium
1806 3135 2042 3180 mutamus
2065 3132 2216 3179 forum
2240 3132 2451 3180 ciuitatis

519 3234 576 3279 de
602 3229 820 3289 Brechyn
845 3225 1035 3274 solitum
1061 3224 1234 3280 diebus*
1262 3221 1510 3271 dominicis
1533 3219 1772 3268 obseruari
1796 3220 1857 3266 ad
1882 3218 2022 3266 Diem
2047 3219 2156 3267 lune
2179 3235 2451 3284 vnaquaque

517 3317 779 3369 ebdomada
800 3313 972 3362 futuris
994 3312 1234 3375 perpetuis
1266 3309 1558 3372 temporibus
1592 3308 1934 3356 obseruandum
1960 3307 2288 3357 Concessimus
2312 3309 2453 3371 igitur
