3016 3958
1092 660 1387 716 CARTAE
1439 657 1937 717 ORIGINALES.
2421 656 2495 716 67

538 852 797 914 Georgium
837 853 895 900 de
931 852 1074 901 Seres
1110 853 1306 900 fratrem
1335 867 1610 915 germanum
1636 849 1753 898 dieti
1780 849 1983 897 Roberti
2022 865 2083 895 ex
2119 864 2244 895 nunc
2268 854 2408 910 prout
2433 865 2494 896 ex

536 944 651 987 tunc
690 945 738 989 et
777 959 802 989 e
841 957 1070 990 conuerso
1109 945 1264 990 vestre
1303 940 1583 1005 paternitati
1620 943 1787 987 tenore
1824 938 2115 1002 presentium
2141 942 2490 1002 presentamus,

537 1030 834 1078 exhortando
876 1035 1097 1095 rogantes
1138 1034 1373 1094 quatenus
1419 1029 1770 1095 quamprimum
1817 1029 1876 1076 de
1922 1027 2171 1076 vacatione
2218 1026 2486 1075 huiusmodi

535 1119 668 1168 vobis
701 1120 972 1168 constiterit
1007 1124 1116 1183 post
1152 1119 1474 1183 receptionem
1509 1119 1800 1184 presentium
1836 1118 2070 1181 prefatum
2099 1117 2354 1180 Georgium
2381 1134 2487 1180 pre-

535 1212 774 1257 sentatum
799 1213 1012 1257 nostrum
1050 1210 1110 1256 ad
1148 1209 1328 1257 dictum
1363 1207 1602 1272 hospitale
1626 1207 1911 1268 admittatis,
1939 1206 2148 1270 illudque
2173 1222 2278 1254 cum
2304 1207 2489 1254 uniuer-

534 1298 600 1346 sis
623 1298 937 1361 prouentibus
964 1298 1153 1359 juribus
1178 1297 1544 1346 obuentionibus
1579 1302 1629 1346 et
1663 1296 1967 1361 pertinentiis
1991 1296 2088 1344 suis
2112 1295 2483 1359 quibuscumque

532 1387 622 1434 sibi
661 1387 839 1451 absque
880 1386 1162 1434 difficultate
1202 1387 1472 1443 conferatis,
1505 1386 1799 1449 eundemque
1825 1385 2081 1448 Georgium
2121 1385 2196 1433 vel
2220 1401 2354 1433 suum
2380 1402 2486 1448 pro-

532 1479 799 1524 curatorem
841 1476 943 1524 eius
990 1476 1180 1524 nomine
1223 1477 1272 1524 in
1314 1475 1432 1524 dicti
1478 1475 1730 1540 hospitalis
1770 1475 1948 1537 jurium
1993 1480 2042 1523 et
2085 1475 2484 1538 pertinentiarum

532 1565 742 1613 eiusdem
777 1565 1070 1629 corporalem
1106 1564 1281 1614 realem
1320 1569 1370 1614 et
1407 1565 1645 1614 actualem
1682 1565 2029 1629 possessionem
2066 1564 2226 1612 induci
2249 1564 2483 1613 facientes

531 1659 581 1703 et
606 1656 916 1704 defendentes
953 1656 1212 1712 inductum,
1237 1656 1422 1720 sibique
1447 1655 1522 1704 vel
1545 1671 1631 1705 suo
1655 1656 1952 1719 procuratori
1990 1655 2048 1702 de
2085 1655 2227 1704 dictis
2252 1655 2483 1704 fructibus

532 1746 844 1809 prouentibus
872 1746 1059 1808 juribus
1094 1750 1144 1794 et
1180 1746 1547 1794 obuentionibus
1581 1746 1643 1793 ad
1666 1745 1792 1793 idem
1814 1744 2052 1808 hospitale
2078 1744 2483 1808 qualitercumque

530 1835 863 1899 spectantibus
908 1836 1099 1884 faciatis
1136 1835 1318 1899 integre
1357 1835 1645 1900 responderi,
1686 1834 1861 1883 Cetera
1898 1834 2056 1882 omnia
2091 1850 2182 1898 que
2219 1835 2346 1882 circa
2379 1851 2484 1898 pre-

530 1925 673 1972 missa
697 1928 808 1973 sunt
833 1924 1065 1988 requisita
1087 1925 1358 1974 necessaria
1392 1929 1441 1973 et
1477 1928 1760 1989 opportuna,
1785 1925 1846 1972 ad
1872 1928 2083 1972 uestrum
2107 1923 2347 1987 pastorale
2383 1925 2482 1971 offi-

531 2014 657 2061 cium
694 2014 1018 2062 incumbentia
1052 2014 1143 2063 sibi
1177 2013 1450 2079 perimpleri
1475 2018 1698 2063 curantes
1736 2042 1746 2052 ·
1783 2014 1964 2062 Datum
2003 2014 2090 2062 sub
2128 2013 2282 2076 sigillo
2318 2017 2481 2061 nostro

530 2107 717 2152 secreto
754 2104 882 2166 apud
922 2103 1202 2167 Edinburgh
1242 2104 1426 2152 decimo
1468 2108 1642 2152 octauo
1684 2103 1760 2151 die
1803 2103 1978 2152 mensis
2020 2103 2314 2166 Septembris
2355 2120 2479 2151 anno

531 2193 726 2241 Domini
773 2193 1026 2242 millesimo
1072 2193 1537 2257 quadringentesimo
1583 2193 1945 2258 quadragesimo
1986 2193 2191 2256 septimo
2232 2197 2282 2241 et
2327 2194 2480 2256 Regni

529 2283 680 2331 nostri
716 2282 965 2331 undecimo
1005 2311 1014 2321 ·
1053 2283 1351 2347 Quaquidem
1387 2282 1742 2346 presentatione
1777 2282 1990 2346 perlecta
2024 2283 2237 2346 prefatus
2261 2299 2481 2330 reueren-

530 2373 620 2421 dus
661 2377 800 2436 pater
840 2373 1019 2420 dictum
1063 2372 1320 2435 Georgium
1363 2373 1421 2420 de
1472 2372 1613 2421 Seres
1653 2375 1980 2435 presentatum
2017 2372 2161 2433 juxta
2201 2373 2477 2420 mandatum

531 2460 708 2524 regium
743 2463 804 2509 ad
840 2461 1019 2510 dictum
1054 2460 1290 2525 hospitale
1314 2461 1520 2518 admisit,
1546 2461 1755 2525 illudque
1780 2477 1886 2509 cum
1913 2461 2146 2510 uniuersis
2168 2463 2479 2525 prouentibus

523 2550 710 2612 juribus
734 2550 1100 2598 obuentionibus
1137 2554 1187 2598 et
1226 2550 1528 2614 pertinentiis
1563 2551 1662 2600 suis
1695 2551 2066 2614 quibuscumque
2091 2550 2243 2598 eidem
2272 2551 2477 2613 Georgio

530 2639 747 2695 contulit,
786 2655 843 2688 ac
881 2640 1034 2704 ipsum
1071 2656 1157 2703 per
1191 2640 1353 2687 annuli
1388 2641 1461 2690 sui
1496 2641 1801 2689 traditionem
1839 2639 2191 2703 presentialiter
2228 2640 2474 2688 inuestiuit

529 2731 589 2777 de
614 2730 779 2778 eodem
818 2758 828 2767 ·
866 2730 1018 2793 Super
1053 2729 1225 2793 quibus
1259 2729 1476 2777 omnibus
1513 2733 1563 2777 et
1601 2729 1798 2792 singulis
1834 2729 1991 2777 dictus
2026 2729 2314 2777 reuerendus
2337 2733 2475 2792 pater

529 2835 586 2867 ac
610 2819 755 2867 etiam
792 2819 1035 2868 Robertus
1072 2819 1130 2866 de
1170 2819 1311 2867 Seres
1348 2818 1508 2867 senior
1541 2818 1785 2881 burgensis
1819 2818 1953 2881 burgi
1988 2818 2050 2874 de
2092 2817 2266 2865 Dunde
2291 2834 2375 2880 per
2399 2834 2472 2865 me

529 2909 766 2957 notarium
791 2907 1028 2972 publicum
1054 2908 1372 2971 subscriptum
1397 2907 1487 2956 sibi
1523 2907 1624 2955 fieri
1658 2907 1899 2971 petierunt
1921 2900 1951 2950 .·¹
2024 2908 2050 2975 ’λ’
2075 2884 2276 2970 tpublica
2301 2907 2476 2955 instru-

529 3002 692 3046 menta
728 3026 738 3035 ·
776 2999 903 3046 Acta
925 2998 1117 3045 fuerunt
1152 2997 1239 3044 hec
1276 3012 1418 3060 super
1451 2997 1648 3060 gradum
1673 2996 1959 3062 anterio-rem
1983 2976 2177 3059 hospitii
2203 2995 2385 3043 Vicarii
2410 2996 2469 3043 de

530 3088 704 3135 Dunde
745 3102 871 3135 anno
913 3086 989 3134 die
1027 3115 1038 3124 ·
1077 3115 1086 3124 ·
1127 3114 1136 3124 ·
1174 3086 1343 3150 quibus
1389 3102 1533 3150 supra
1570 3114 1581 3123 ·
1620 3068 1931 3138 Presentibus'
1968 3084 2314 3133 venerabilibus
2360 3085 2471 3133 viris

531 3176 769 3239 magistris
790 3176 824 3222 J
829 3175 1012 3223 ohanne
1039 3174 1272 3223 Willelmi
1295 3174 1485 3223 officiali
1511 3174 1834 3240 Brechinensi,
1853 3163 2079 3222 *Ricardo
2105 3175 2162 3221 de
2188 3174 2325 3237 Crag,
2353 3174 2474 3220 Wil-

530 3265 672 3313 lelmo
713 3265 772 3312 de
816 3265 1022 3328 Karnys,
1066 3264 1227 3312 Dauid
1270 3263 1428 3319 Hude,
1470 3268 1520 3311 et
1562 3263 1723 3311 Dauid
1764 3264 1822 3311 de
1864 3263 2016 3319 Seres,
2058 3262 2362 3311 ecclesiarum
2411 3265 2468 3310 de

539 3354 826 3418 Monyheky,
853 3354 1041 3409 Dunde,
1076 3352 1335 3416 Glammys,
1366 3353 1665 3415 Luntrethyn
1705 3356 1754 3400 et
1795 3351 2066 3415 Monymele
2104 3352 2346 3416 perpetuis
2386 3353 2469 3398 Vi-
