3016 3958
1089 621 1381 676 CARTAE
1427 621 1926 677 ORIGINALES.
2405 627 2509 680 141

554 825 678 857 anno
715 812 879 874 quinto
918 814 1088 861 Coram
1128 813 1273 861 nobili
1311 817 1360 861 et
1397 813 1582 877 potenti
1619 813 1809 861 domino
1834 813 2032 860 Andrea
2068 814 2258 862 domino
2292 815 2336 861 le
2376 816 2506 879 Gray

553 900 829 950 vicecomite
855 904 913 950 de
939 904 1135 951 Forfare
1163 904 1208 951 in
1234 903 1444 967 pretorio
1469 904 1528 951 de
1555 903 1728 950 Dunde
1766 903 1812 949 in
1849 902 1992 966 plana
2017 903 2147 950 curia
2171 919 2256 967 pro
2280 904 2506 952 tribunali

550 992 747 1039 sedente
802 993 862 1039 ad
909 993 1019 1055 jura
1066 993 1355 1040 reddendum
1406 997 1455 1040 et
1503 1007 1672 1040 causas
1717 991 2004 1039 audiendum
2045 1021 2054 1030 ·
2094 1020 2104 1029 ·
2144 1021 2154 1030 ·
2191 994 2505 1057 personaliter

548 1086 916 1145 comparuerunt
940 1082 1235 1130 venerabiles
1274 1086 1324 1130 et
1363 1082 1558 1130 discreti
1594 1081 1682 1129 viri
1719 1081 1896 1129 domini
1933 1085 1982 1129 et
2021 1082 2233 1146 magistri
2260 1083 2501 1134 Henricus

549 1170 784 1218 Meldrum
823 1176 871 1218 et
913 1171 1150 1219 Henricus
1188 1170 1498 1234 Kcrmychell
1523 1171 1738 1219 canonici
1765 1171 2112 1220 Brechinenses
2149 1178 2502 1236 procuratores-

546 1278 636 1324 que
661 1262 907 1308 reuerendi
946 1261 993 1308 in
1035 1261 1104 1307 Χο
1140 1261 1292 1324 patris
1331 1289 1340 1297 ·
1381 1289 1390 1297 ·
1432 1288 1441 1298 ·
1482 1259 1714 1308 Willelmi
1753 1288 1762 1297 ·
1802 1288 1811 1298 ·
1853 1289 1862 1298 ·
1901 1260 2128 1324 Episcopi
2167 1262 2501 1313 Brechinensis

544 1355 593 1398 et
618 1349 813 1414 capituli
838 1350 1048 1398 eiusdem
1088 1350 1134 1396 in
1175 1350 1305 1397 dicta
1341 1349 1473 1397 curia
1499 1350 1694 1398 admissi
1718 1366 1805 1413 pro
1830 1350 2102 1399 defensione
2127 1352 2370 1401 cuiusdam
2397 1355 2500 1402 bre-

544 1440 616 1488 uis
639 1439 961 1503 inquisitionis
997 1438 1179 1502 capelle
1217 1439 1343 1502 regie
1381 1440 1530 1503 perJ
1535 1440 1768 1487 ohannem
1795 1439 2083 1504 Dempstare
2109 1442 2167 1489 de
2193 1441 2499 1493 Ouchterless

542 1529 782 1593 impetrati
807 1529 980 1576 ibidem
1009 1528 1323 1592 personaliter
1352 1533 1622 1593 presentem
1648 1530 1711 1577 ad
1742 1530 1868 1577 idem
1892 1532 2271 1594 prosequendum
2302 1533 2496 1598 inquisi-

539 1622 801 1682 ueruntque
843 1618 959 1666 dicti
1001 1623 1333 1681 procuratores
1373 1635 1402 1666 a
1443 1618 1630 1682 prefato
1670 1619 1705 1666 J
1710 1619 1894 1667 ohanne
1934 1603 2011 1668 an‘
2038 1620 2139 1684 ipse
2179 1639 2265 1686 per
2311 1624 2491 1673 dictum

537 1708 681 1755 breue
705 1708 926 1772 prosequi
945 1709 1176 1756 tendebat
1200 1713 1355 1757 terras
1375 1709 1432 1756 de
1453 1708 1678 1756 Ardauch
1706 1709 1930 1758 Botheris
1955 1709 2199 1758 Auldekat
2225 1716 2273 1759 et
2301 1712 2492 1761 riethir-

536 1798 779 1860 petforthy
814 1814 871 1846 ac
907 1798 1062 1846 officia
1096 1797 1323 1847 balliatus
1358 1803 1407 1846 et
1443 1798 1786 1847 camerariatus
1810 1799 2101 1862 prefatarum
2126 1804 2359 1849 terrarum
2386 1819 2491 1866 per-

534 1887 786 1936 tinentium
836 1892 886 1935 et
935 1887 1254 1951 spectantium
1303 1888 1503 1952 prefatis
1540 1889 1802 1936 reuerendo
1839 1889 1888 1935 in
1928 1889 1997 1936 ΧΟ
2032 1889 2156 1953 patri
2195 1895 2243 1938 et
2280 1893 2489 1955 capitulo

534 1977 734 2027 ecclesie
769 1977 1058 2026 cathedralis
1083 1978 1419 2027 Brechinensis
1453 1994 1558 2027 cum
1596 1983 1740 2026 antea
1776 1979 1906 2026 dicta
1937 1983 2091 2028 terras
2124 1985 2172 2028 et
2211 1982 2366 2029 officia
2400 2000 2485 2046 pro

532 2072 762 2133 perpetuo
787 2067 1084 2116 renunciauit
1108 2083 1317 2131 pureque
1353 2071 1403 2116 et
1438 2067 1719 2131 simpliciter
1743 2067 2004 2132 resignauit
2028 2085 2058 2116 a
2081 2085 2132 2117 se
2158 2074 2206 2118 et
2231 2070 2484 2121 heredibus

531 2159 629 2207 suis
665 2163 806 2223 prout
845 2158 892 2205 in
931 2157 1184 2205 euidentiis
1221 2156 1426 2219 publicis
1462 2156 1589 2204 clarc
1626 2156 1812 2220 patebit
1862 2184 1872 2194 ·
1917 2158 2200 2222 Quiquidem
2237 2160 2483 2210 Johannes

529 2249 728 2312 prefatis
751 2246 1136 2311 procuratoribus
1165 2247 1454 2310 respondens
1490 2247 1615 2310 quod
1651 2262 1786 2294 suum
1823 2245 2116 2310 propositum
2143 2249 2235 2297 fuit
2259 2250 2485 2313 simplici·

529 2343 605 2386 ter
627 2355 731 2386 cum
759 2338 884 2386 omni
911 2336 1155 2400 diligentia
1180 2335 1400 2399 prosequi
1426 2335 1613 2399 prefata
1631 2339 1786 2384 terras
1808 2339 1859 2384 et
1883 2337 2051 2391 officia,
2077 2341 2126 2385 et
2152 2339 2275 2401 quod
2302 2340 2481 2387 dictum

526 2429 670 2476 breue
695 2443 836 2490 super
859 2426 1036 2474 eisdem
1061 2425 1202 2473 terris
1240 2428 1289 2472 et
1327 2424 1494 2472 officiis
1531 2423 1748 2472 causauit
1783 2422 1932 2471 leuari
1957 2429 2006 2472 et
2032 2425 2275 2488 impetrari
2314 2455 2324 2464 ·
2365 2429 2479 2483 Qui-

525 2518 613 2565 bus
635 2516 776 2564 factis
811 2519 860 2563 et
896 2515 1038 2563 dictis
1072 2513 1244 2577 prefati
1281 2517 1616 2577 procuratores
1651 2513 1840 2561 nomine
1866 2530 1959 2576 quo
1983 2530 2128 2577 supra
2151 2517 2477 2578 produxerunt

526 2607 761 2670 quoddam
810 2606 1175 2652 instrumentum
1223 2602 1462 2666 publicum
1510 2602 1597 2650 sub
1639 2602 1773 2664 signo
1815 2607 1865 2650 et
1908 2603 2254 2667 subscriptione
2298 2607 2476 2653 domini

528 2695 741 2743 Eduardi
768 2693 969 2742 Roberti
1007 2720 1016 2730 ·
1057 2721 1066 2730 ·
1106 2720 1116 2729 ·
1152 2692 1411 2740 autoritate
1436 2690 1669 2754 imperiali
1694 2692 1868 2739 notarii
1900 2692 2076 2755 publici
2102 2709 2244 2756 super
2267 2695 2475 2758 resigna-

525 2788 656 2835 tione
695 2782 1144 2848 quietaclamatione
1185 2785 1234 2829 et
1275 2780 1634 2828 renunciatione
1676 2780 1824 2843 ipsius
1864 2780 2103 2830 Johannis
2144 2798 2286 2846 super
2333 2785 2476 2833 dictis

523 2877 665 2924 terris
702 2879 752 2922 et
790 2873 956 2922 officiis
994 2871 1333 2934 recitandoque
1369 2870 1416 2916 in
1454 2870 1620 2916 eodem
1658 2869 1973 2918 instrumento
1998 2871 2176 2918 dictum
2202 2872 2471 2921 Johannem

523 2982 742 3029 magnum
767 2961 1011 3027 corporale
1040 2961 1360 3023 juramentum
1385 2958 1651 3021 prestitisse
1686 2973 1953 3022 nuncquam
1991 2960 2038 3007 in
2074 2963 2363 3010 contrarium
2390 2980 2471 3011 sue

523 3053 892 3104 renunciationis
927 3051 1148 3099 deuenire
1188 3077 1198 3086 ·
1237 3046 1581 3095 Nichilominus
1616 3063 1646 3094 a
1681 3047 2012 3111 prosecutione
2043 3049 2276 3098 dictorum
2321 3056 2471 3100 terra-

521 3163 623 3194 rum
661 3150 711 3193 et
748 3142 1006 3192 officiorum
1039 3139 1195 3187 dictus
1229 3138 1262 3184 J
1266 3138 1475 3185 ohannes
1510 3151 1696 3185 cessare
1732 3137 1970 3185 recusauit
2004 3138 2087 3185 sed
2125 3138 2467 3189 instantissime

521 3234 771 3299 requisiuit
807 3231 1042 3296 prefatum
1081 3226 1405 3275 vicecomitem
1444 3229 1677 3288 quatenus
1702 3225 1879 3273 dictum
1917 3226 2063 3274 breue
2100 3229 2261 3277 debite
2297 3246 2470 3278 execu-

520 3325 640 3374 tioni
664 3321 971 3372 demandaret
1006 3334 1091 3382 per
1127 3317 1250 3381 quod
1287 3315 1427 3378 petiit
1465 3314 1594 3362 dicta
1629 3318 1782 3362 terras
1807 3318 1855 3363 et
1881 3315 2035 3364 officia
2059 3316 2148 3365 sibi
2173 3318 2273 3366 fieri
2312 3348 2322 3357 ·
2360 3321 2466 3375 Quo
