3016 3958
343 1492 571 1535 CCXXX.

589 594 699 651 276
1069 590 1385 679 CARTAE
1424 574 2059 644 MISCELLANEAE.'

590 771 722 814 fuerit
756 771 939 815 seruicia
974 771 1017 813 in
1054 770 1171 813 dicta
1207 768 1397 812 Ciuitate
1432 767 1579 810 debita
1619 770 1665 809 et
1696 770 1905 809 consueta
1935 798 1945 809 .
1979 798 1989 808 .
2022 798 2031 808 .
2065 765 2118 807 In
2153 764 2277 808 cuius
2311 765 2374 807 rei
2409 765 2532 808 testi-

590 850 779 894 monium
798 850 987 908 sigillum
1006 864 1145 892 meum
1159 847 1350 906 presenti
1368 850 1486 890 carte
1501 860 1596 889 mee
1612 850 1682 889 est
1696 860 1935 903 appensum
1949 845 2063 902 apud
2082 844 2266 887 Brechin
2280 844 2532 887 duodecimo

590 931 659 973 die
680 931 842 974 mensis
862 931 891 974 J
893 930 1061 974 anuarii
1083 944 1196 972 anno
1217 928 1378 971 domini
1408 926 1639 970 millesimo
1659 925 2088 983 quadringentesimo
2110 925 2431 982 septuagesimo
2468 939 2534 968 se-

591 1011 731 1054 cundo
751 1025 895 1054 coram
925 1010 1010 1052 hiis
1038 1009 1224 1052 testibus
1254 1007 1454 1050 videlicet
1474 1006 1662 1050 Ricardo
1682 1005 1897 1048 Willelmi
1929 1005 2092 1048 balliuo
2123 1009 2169 1048 et
2198 1005 2292 1047 ciue
2323 1003 2532 1048 Ciuitatis

590 1090 806 1134 antedicto
847 1090 1015 1133 Thoma
1047 1088 1245 1131 Murdaci
1276 1087 1492 1144 presbitro
1533 1086 1727 1129 Roberto
1769 1085 1938 1129 Litstar
1972 1086 2066 1128 ciue
2100 1085 2215 1128 dicte
2250 1084 2458 1129 Ciuitatis
2490 1089 2532 1126 et

593 1170 770 1213 Andrea
791 1170 897 1213 Man
919 1173 964 1213 et
983 1168 1083 1212 aliis
1103 1167 1288 1211 diuersis
1321 1200 1331 1210 .

596 1343 875 1387 Confirmatio
896 1342 1083 1399 episcopi
1101 1346 1145 1385 et
1164 1341 1341 1399 capituli
1363 1344 1579 1385 terrarum
1598 1340 1652 1384 de
1675 1340 1863 1384 Findore
1896 1339 1923 1383 J
1927 1340 2087 1383 ohanni
2109 1339 2346 1397 Dempster
2379 1372 2387 1381 .

598 1478 841 1534 Uniuersis
875 1494 920 1532 et
955 1489 1138 1547 singulis
1173 1489 1228 1532 ad
1264 1502 1448 1545 quorum
1482 1487 1668 1531 noticias
1698 1491 1925 1545 presentes
1960 1487 2106 1532 littere
2142 1488 2422 1546 peruenerint
2458 1488 2537 1530 Jo-

597 1572 764 1613 hannes
799 1569 880 1612 Dei
917 1573 961 1613 et
995 1569 1230 1627 apostolice
1267 1568 1383 1611 sedis
1417 1567 1562 1625 gratia
1597 1567 1828 1625 episcopus
1865 1567 2171 1611 Brechinensis
2210 1567 2404 1611 Salutem
2438 1599 2448 1609 .
2485 1599 2494 1609 .
2530 1601 2538 1609 .

598 1650 822 1694 Noueritis
856 1664 936 1692 nos
972 1664 1068 1691 cum
1105 1648 1298 1692 unanimi
1329 1661 1543 1691 consensu
1577 1678 1587 1688 .
1621 1678 1632 1690 .
1665 1657 1679 1689 .’
1707 1647 1859 1690 decani
1895 1652 1941 1691 et
1974 1647 2154 1705 capituli
2189 1648 2327 1691 nostri
2359 1647 2539 1691 ecclesie

595 1729 856 1773 cathedralis
896 1729 1087 1785 predicte
1124 1762 1133 1771 .
1177 1760 1186 1770 .
1222 1759 1232 1770 .
1267 1727 1439 1771 dedisse
1480 1759 1489 1769 .
1533 1760 1542 1770 .
1586 1759 1595 1770 .
1638 1730 1684 1770 et
1722 1727 1805 1769 hac
1849 1727 2041 1784 presenti
2082 1732 2204 1770 carta
2243 1731 2396 1771 nostra
2435 1742 2537 1770 con-

594 1811 789 1852 firmasse
829 1808 987 1851 dilecto
1028 1812 1178 1851 nostro
1217 1807 1410 1851 Johanni
1451 1806 1690 1864 Dempstar
1728 1807 1876 1863 nepoti
1919 1810 1962 1851 et
2003 1807 2231 1864 apparenti
2273 1808 2421 1850 heredi
2463 1808 2539 1850 ho-

594 1889 801 1932 norabilis
837 1889 1030 1932 scutiferi
1065 1887 1208 1931 Dauid
1244 1887 1482 1945 Dempstar
1514 1888 1569 1930 de
1601 1886 1893 1931 Caraldstoun
1924 1890 1970 1930 et
2001 1887 2225 1945 Mergi-ete
2263 1887 2540 1944 Serimgeour

595 1984 749 2026 sponse
771 1984 847 2012 sue
868 1983 1102 2026 eorumque
1122 1969 1287 2012 diutius
1308 1968 1473 2012 viuenti
1493 1983 1645 2011 omnes
1674 1971 1720 2012 et
1750 1967 1947 2025 singulas
1977 1971 2119 2011 terras
2148 1971 2324 2011 nostras
2353 1967 2407 2010 de
2435 1967 2539 2009 Fin-

594 2050 695 2091 dore
716 2063 812 2092 cum
833 2048 1108 2105 pertinentiis
1124 2048 1323 2104 jacentes
1352 2048 1467 2091 infra
1496 2048 1721 2091 baroniam
1752 2051 1947 2091 nostram
1969 2047 2023 2090 de
2044 2046 2229 2090 Brechin
2251 2051 2296 2090 et
2317 2047 2540 2090 vicecomi-

593 2133 731 2172 tatum
753 2129 805 2171 de
827 2129 984 2171 Forfar
1003 2143 1082 2185 pro
1104 2129 1195 2171 suis
1216 2128 1494 2171 benemeritis
1515 2127 1641 2170 nobis
1661 2127 1959 2183 multipliciter
1979 2127 2188 2183 impensis
2204 2130 2249 2169 et
2268 2127 2537 2183 inposterum

594 2208 889 2265 impendendis
910 2223 960 2251 ac
980 2222 1059 2265 pro
1085 2207 1295 2264 singulari
1326 2207 1576 2250 defensione
1606 2206 1787 2249 ecclesie
1817 2210 1966 2249 nostre
1998 2205 2264 2263 Quequidem
2294 2210 2411 2249 terre
2441 2221 2537 2249 cum

594 2289 869 2345 pertinentiis
889 2288 1067 2331 fuerunt
1086 2288 1303 2344 quondam
1334 2287 1438 2331 dicti
1461 2286 1605 2330 Dauid
1627 2286 1877 2343 Dempstar,
1901 2301 2096 2343 quasque
2124 2290 2267 2330 terras
2287 2302 2383 2329 cum
2406 2288 2537 2344 perti-

596 2370 755 2411 nentiis
784 2369 928 2412 dictus
959 2367 1101 2411 Dauid
1134 2368 1178 2410 in
1209 2368 1431 2424 presentia
1460 2366 1877 2423 quamplurimorum
1913 2367 2216 2409 canonicorum
2247 2367 2360 2410 dicte
2390 2371 2539 2410 nostre

596 2449 772 2491 ecclesie
801 2480 810 2490 .
847 2482 856 2491 .
893 2481 901 2490 .
932 2448 975 2490 in
1013 2461 1169 2490 manus
1205 2450 1381 2490 nostras
1417 2446 1533 2503 apud
1567 2446 1792 2489 ecclesiam
1826 2450 2023 2489 nostram
2059 2447 2354 2490 cathedralem
2391 2461 2539 2504 perso-

596 2529 753 2572 naliter
783 2561 791 2570 .
824 2561 833 2570 .
867 2561 875 2570 .
908 2531 954 2571 et
984 2526 1239 2583 simpliciter
1267 2526 1512 2583 resignauit
1542 2558 1551 2569 .
1589 2558 1597 2568 .
1626 2559 1635 2568 .
1668 2526 1898 2569 Tenendas
1929 2531 1974 2570 et
1993 2527 2217 2570 habendas
2236 2527 2377 2571 dictas
2397 2532 2539 2571 terras

597 2623 691 2650 cum
708 2607 981 2664 pertinentiis
1001 2607 1129 2649 dictis
1151 2606 1178 2648 J
1182 2606 1340 2650 ohanni
1363 2610 1408 2649 et
1430 2606 1653 2663 Mergi-ete
1676 2619 1834 2663 sponse
1851 2620 1928 2649 sue
1944 2620 2179 2663 eorumque
2194 2607 2358 2650 diutius
2373 2607 2537 2651 viuenti

598 2691 643 2729 et
662 2687 891 2729 heredibus
911 2687 1026 2730 inter
1045 2687 1164 2743 ipsos
1184 2685 1377 2743 legitime
1399 2685 1639 2742 procreatis
1661 2700 1738 2729 seu
1758 2686 2038 2743 procreandis
2058 2687 2215 2743 quibus
2239 2688 2538 2731 deficientibus

599 2766 712 2809 dicto
744 2765 885 2808 Dauid
915 2771 960 2809 et
988 2766 1219 2808 heredibus
1252 2765 1343 2808 suis
1373 2765 1702 2822 quibuscunque
1732 2765 1785 2808 de
1816 2766 1942 2809 nobis
1963 2770 2008 2809 et
2028 2767 2349 2810 successoribus
2377 2768 2540 2811 nostris

601 2846 813 2902 episcopis
844 2846 1205 2889 Brechinensibus
1236 2846 1280 2888 in
1311 2846 1437 2888 feodo
1467 2849 1514 2889 et
1547 2845 1789 2889 hereditate
1824 2846 2141 2903 imperpetuum
2173 2879 2183 2890 .
2217 2879 2227 2890 .
2259 2879 2269 2889 .
2302 2847 2538 2890 Reddendo

601 2925 699 2967 inde
734 2925 957 2968 annuatim
989 2925 1090 2968 dicti
1128 2925 1353 2968 Johannes
1384 2929 1430 2968 et
1460 2925 1688 2982 Mergi-eta
1718 2958 1727 2967 .
1763 2956 1774 2967 .
1806 2958 1815 2968 .
1847 2925 2038 2983 capitulo
2068 2926 2248 2969 ecclesie
2278 2931 2428 2971 nostre
2460 2931 2537 2972 tri-

601 3005 724 3061 ginta
773 3003 932 3047 solidos
966 3036 975 3046 .
1009 3035 1019 3046 .
1052 3038 1060 3047 .
1094 3009 1265 3048 monete
1305 3037 1313 3047 .
1353 3037 1361 3047 .
1402 3035 1413 3046 .
1452 3004 1600 3047 Scocie
1650 3009 1695 3047 et
1740 3005 1866 3047 nobis
1915 3009 1960 3047 et
2007 3005 2329 3049 successoribus
2376 3010 2538 3052 nostris

601 3082 814 3140 episcopis
834 3083 1010 3125 ecclesie
1032 3084 1335 3127 Brechinensis
1365 3084 1550 3127 seruicia
1577 3087 1680 3127 ante
1710 3083 1867 3127 dictam
1899 3085 2237 3141 resignationem
2267 3100 2347 3143 per
2375 3087 2536 3130 dictum

604 3162 744 3206 Dauid
766 3165 811 3205 et
829 3162 1154 3218 predecessores
1176 3178 1277 3207 suos
1298 3164 1446 3207 debita
1475 3167 1521 3207 et
1549 3167 1758 3206 consueta
1787 3195 1798 3206 .
1833 3196 1842 3205 .
1874 3196 1882 3204 .
1916 3164 1967 3206 In
1998 3165 2121 3207 cuius
2150 3165 2211 3208 rei
2242 3166 2538 3210 testimonium

604 3241 793 3299 sigillum
815 3246 1010 3284 nostrum
1032 3243 1296 3285 autenticum
1327 3257 1513 3286 unacum
1545 3242 1689 3299 sigillo
1719 3242 1935 3286 communi
1966 3244 2104 3287 nostri
2134 3245 2312 3302 capituli
2346 3249 2538 3303 presenti

605 3326 723 3364 carte
745 3325 814 3364 est
833 3334 1069 3378 appensum
1086 3322 1197 3377 apud
1216 3322 1399 3365 Brechin
1422 3322 1626 3365 vicesimo
1646 3322 1829 3379 septimo
1845 3322 1914 3365 die
1929 3323 2092 3367 mensis
2109 3324 2217 3380 Maij
2237 3339 2350 3369 anno
2365 3326 2538 3370 Domini
