3016 3958
1171 614 1273 668 DE
1326 615 1929 672 ABERBROTHOC.
2419 619 2530 678 267

561 790 743 834 ecclesie
769 791 919 836 Sancti
951 792 1124 836 Andree
1155 794 1356 837 minister
1387 795 1663 852 supradictus
1695 796 2022 839 considerantes
2044 811 2154 853 opus
2184 811 2281 840 esse
2313 799 2524 850 caritatis,

563 870 866 915 discordantes
887 872 943 916 ad
964 873 1238 916 concordiam
1258 874 1477 926 reducere,
1511 878 1556 918 et
1585 874 1686 918 lites
1708 876 1877 918 diucius
1907 877 2080 933 magnis
2112 878 2358 934 sumptibus
2390 884 2435 922 et
2463 880 2527 922 la-

562 952 742 995 boribus
762 953 968 1011 agitatas,
991 968 1070 1010 per
1090 954 1206 997 viam
1226 954 1347 1011 pacis
1367 955 1584 1006 dirimere,
1607 956 1855 999 huiusmodi
1878 957 2234 1013 compromissum
2264 962 2310 1002 et
2341 960 2524 1002 submis-

563 1034 729 1076 sionem
764 1049 844 1091 pro
882 1034 1074 1091 partium
1109 1035 1404 1091 predictarum
1438 1050 1545 1093 pace
1578 1041 1624 1080 et
1657 1037 1980 1093 tranquillitate
2015 1052 2066 1081 ac
2107 1038 2299 1083 euidenti
2335 1040 2524 1083 vtilitate

565 1114 770 1157 duximus
805 1115 1124 1158 admittendum
1157 1145 1168 1156 .
1198 1115 1329 1158 Vnde
1361 1116 1554 1172 predicte
1590 1131 1721 1160 cause
1757 1117 1926 1161 meritis
1958 1117 2193 1175 diligenter
2226 1120 2438 1176 pensatis,
2476 1135 2526 1163 ac

565 1209 697 1252 super
736 1196 888 1239 eadem
928 1196 1245 1240 deliberacione
1286 1197 1485 1254 diligenti
1529 1198 1681 1241 habita
1721 1212 1819 1240 cum
1858 1199 2025 1255 peritis,
2067 1199 2307 1255 predictam
2349 1214 2525 1253 causam

562 1276 816 1328 diffinimus,
854 1281 899 1319 et
939 1277 1189 1320 diffiniendo
1222 1277 1269 1319 in
1300 1278 1442 1320 forma
1476 1293 1560 1334 que
1598 1277 1796 1333 sequitur
1831 1278 2083 1322 ordinamus
2115 1308 2127 1320 .
2157 1278 2377 1322 Videlicet
2411 1281 2526 1336 quod

561 1356 748 1399 ecclesia·
771 1356 1094 1413 Brechynensis
1114 1357 1276 1400 habeat
1304 1361 1456 1400 teneat
1476 1362 1521 1400 et
1540 1358 1764 1414 possideat
1783 1357 1912 1414 plene
1933 1358 2068 1401 libere
2098 1362 2144 1402 et
2173 1360 2343 1417 integre
2363 1360 2409 1402 in
2429 1375 2523 1417 per-

560 1440 742 1492 petuum
763 1436 990 1480 ecclesiam
1012 1437 1066 1479 de
1088 1436 1305 1493 Katerlyn
1325 1441 1369 1480 et
1389 1436 1619 1480 ecclesiam
1639 1438 1692 1479 de
1715 1437 1972 1494 Marigtona
1992 1452 2091 1481 cum
2111 1439 2240 1482 terris
2271 1443 2317 1482 et
2346 1440 2523 1482 decimis

562 1517 746 1574 predicti
775 1516 860 1560 loci
890 1517 942 1560 de
974 1517 1231 1574 Marigtona
1260 1531 1370 1573 quas
1400 1520 1638 1560 tenuerunt
1667 1517 1860 1574 episcopi
1890 1518 2219 1572 Brechynenses
2251 1523 2355 1562 ante
2375 1520 2524 1563 huius-

563 1597 682 1641 modi
702 1597 1025 1641 ordinacionem
1046 1601 1259 1648 nostram,
1282 1612 1370 1640 vna
1399 1611 1498 1639 cum
1523 1597 1726 1640 omnibus
1746 1597 1878 1640 terris
1903 1601 1949 1640 et
1978 1598 2156 1642 decimis
2170 1602 2268 1641 'tam
2289 1599 2525 1643 maioribus

563 1693 695 1736 quam
714 1678 953 1722 minoribus
984 1679 1040 1721 ad
1069 1679 1312 1736 predictam
1333 1678 1559 1721 eeclesiam
1591 1678 1644 1720 de
1677 1678 1932 1735 Marigtona
1952 1679 2273 1736 pertinentibus
2295 1694 2372 1722 seu
2391 1680 2437 1722 in
2457 1681 2524 1722 fu-

562 1764 711 1802 turum
731 1759 952 1816 pertinere
983 1759 1231 1802 valentibus
1262 1763 1308 1802 et
1337 1763 1500 1801 terram
1531 1758 1585 1801 de
1616 1758 1890 1802 Ysakistona
1917 1774 2014 1802 cum
2037 1760 2127 1803 suis
2148 1761 2280 1803 rectis
2300 1761 2453 1804 diuisis
2473 1775 2523 1804 ac

563 1841 766 1884 omnibus
787 1840 916 1884 iustis
937 1841 1219 1898 pertinenciis
1241 1844 1285 1883 et
1310 1839 1588 1883 libertatibus
1610 1840 1767 1896 quibus
1789 1840 1894 1883 dicti
1914 1840 2107 1897 religiosi
2129 1840 2309 1883 eandem
2330 1845 2522 1898 tempore

564 1922 746 1978 pacifico
767 1925 1020 1973 tenuerunt,
1045 1920 1351 1977 quamquidem
1382 1923 1546 1963 terram
1577 1919 1757 1962 ecclesie
1778 1920 2098 1977 Brechynensis
2130 1935 2326 1964 securam
2347 1920 2520 1972 facient,

563 2006 608 2046 et
640 2003 687 2044 in
719 2004 980 2059 perpetuum
1012 2001 1374 2052 warentizabunt,
1410 2006 1454 2042 et
1488 1999 1780 2056 quadraginta
1815 1999 2018 2043 denarios
2050 2000 2359 2056 sterlingorum
2380 2015 2522 2043 annue

564 2083 791 2140 pensionis
812 2083 858 2125 in
879 2081 1062 2125 ecclesia
1082 2082 1135 2124 de
1157 2080 1451 2137 Dunnechtyn
1471 2080 1668 2137 predicta
1686 2079 1733 2122 in
1752 2080 1866 2123 festo
1896 2080 2013 2123 beati
2036 2079 2219 2123 Martini
2239 2080 2286 2122 in
2305 2081 2457 2138 hyeme
2477 2082 2523 2123 in

562 2167 822 2221 perpetuum
843 2162 1145 2220 percipiendos
1177 2193 1187 2204 .
1219 2161 1280 2204 Et
1312 2161 1446 2204 etiam
1479 2160 1594 2216 quod
1626 2161 1788 2203 habeat
1818 2174 1988 2202 exnunc
2017 2160 2153 2202 libere
2174 2159 2302 2216 pleno
2323 2161 2416 2203 iure
2438 2162 2524 2203 col-

563 2245 776 2288 lacionem
796 2243 1056 2287 vicariarum
1078 2242 1359 2285 ecclesiarum
1389 2241 1443 2286 de
1474 2240 1693 2296 Panbryd,
1723 2241 1776 2282 de
1809 2240 2130 2296 Kyngoldrum‚
2166 2240 2219 2283 de
2254 2241 2461 2298 Monieky
2481 2246 2525 2284 et

565 2326 620 2368 de
657 2325 967 2382 Dunnechtyn,
1003 2323 1180 2366 vicariis
1211 2322 1446 2365 earundem
1482 2321 1764 2364 ecclesiarum
1785 2335 1899 2363 nunc
1936 2321 2237 2372 existentibus,
2273 2322 2525 2364 cedentibus

563 2406 873 2449 decedentibus
889 2404 960 2447 vel
976 2403 1065 2446 alia
1079 2403 1300 2459 legittima
1319 2417 1453 2445 causa
1473 2402 1632 2444 amotis
1665 2432 1676 2443 .
1709 2401 1782 2443 Ita
1802 2404 1948 2444 tamen
1970 2401 2084 2455 quod
2105 2400 2189 2457 ipsi
2211 2402 2346 2444 abbas
2362 2406 2407 2444 et
2423 2416 2524 2444 con-

564 2490 723 2530 uentus
743 2485 966 2543 predictas
988 2484 1195 2527 ecclesias
1211 2483 1478 2540 reparabunt
1493 2485 1538 2524 et
1555 2484 1852 2537 competenter
1872 2482 2091 2523 ornabunt
2121 2513 2130 2524 .
2162 2481 2222 2523 Et
2242 2481 2298 2524 ad
2318 2481 2460 2524 minus
2477 2481 2523 2523 in

565 2580 826 2623 vnaquaque
856 2566 1053 2622 ipsarum
1088 2577 1223 2606 vnum
1255 2563 1564 2605 vestimentum
1601 2560 1870 2604 sacerdotale
1899 2564 2164 2616 competens,
2187 2575 2285 2603 cum
2315 2561 2448 2604 calice
2479 2564 2524 2603 et

565 2647 735 2690 missali
775 2646 1105 2695 sufficientibus,
1137 2645 1261 2687 iuxta
1297 2647 1462 2686 statum
1496 2641 1675 2684 ecclesie
1713 2640 1957 2691 cuiuslibet,
1981 2643 2148 2696 ponant
2177 2644 2223 2682 et
2256 2640 2481 2683 dimittant
2513 2671 2523 2681 .

566 2728 624 2770 Et
647 2727 684 2770 si
706 2726 985 2784 postmodum
1006 2725 1052 2766 in
1073 2724 1236 2766 eisdem
1257 2722 1326 2765 vel
1358 2722 1403 2763 in
1435 2721 1583 2778 aliqua
1603 2721 1796 2778 ipsarum
1818 2720 1965 2776 aliqua
1984 2720 2147 2763 fuerint
2167 2721 2436 2763 emendanda
2455 2721 2524 2763 vel

567 2807 809 2865 supplenda
828 2822 837 2857 ;
866 2820 944 2863 per
963 2806 1084 2862 ipsos
1105 2803 1292 2846 vicarios
1316 2804 1354 2845 si
1375 2802 1544 2845 modica
1563 2801 1752 2850 fuerint3
1773 2800 1981 2856 alioquin,
1999 2801 2054 2842 ab
2075 2800 2184 2856 ipsis
2204 2800 2422 2857 religiosis
2442 2815 2522 2856 pro

568 2889 736 2932 duabus
757 2887 971 2945 partibus,
993 2889 1038 2928 et
1057 2899 1084 2927 a
1104 2883 1277 2927 vicariis
1297 2896 1376 2939 pro
1397 2881 1535 2925 tercia
1553 2885 1678 2937 parte
1698 2879 1984 2936 suppleantur
2005 2883 2050 2922 et
2069 2883 2328 2936 reparentur
2360 2911 2371 2921 .
2402 2880 2463 2922 Et
2485 2881 2522 2922 si

566 2969 752 3012 forsitan
773 2967 934 3023 aliquis
956 2964 1147 3008 vicarius
1182 2964 1236 3006 de
1268 2962 1474 3019 predictis
1496 2960 1704 3010 ecclesiis,
1730 2973 1805 3002 sue
1831 2958 2049 3015 porcionis
2069 2973 2123 3001 ex
2143 2973 2276 3002 causa
2297 2959 2525 3002 sufficienti

567 3049 744 3105 petierit
781 3046 1214 3104 augmentacionem;
1250 3058 1338 3086 non
1369 3042 1517 3084 licebit
1556 3041 1729 3084 domino
1767 3039 2062 3096 Brechynensi
2094 3039 2296 3096 episcopo
2333 3040 2407 3096 qui
2444 3055 2523 3096 pro

570 3135 765 3186 tempore
785 3128 932 3177 fuerit,
953 3126 1138 3169 alicuius
1158 3123 1309 3167 vicarii
1329 3122 1576 3180 porcionem
1598 3120 1714 3163 vltra
1740 3119 1888 3161 decem
1918 3119 2053 3162 libras
2089 3119 2397 3176 sterlingorum
2419 3134 2524 3176 aug-

568 3213 765 3252 mentare
795 3241 805 3252 .
838 3207 947 3250 Illos
978 3221 1082 3249 vero
1115 3204 1301 3247 vicarios
1326 3216 1510 3259 quorum
1530 3201 1756 3257 porciones
1776 3212 1913 3254 vsque
1943 3199 1999 3241 ad
2034 3199 2182 3241 decem
2209 3198 2345 3242 libras
2375 3203 2523 3242 taxate

569 3289 758 3338 fuerint;
789 3288 845 3330 ad
872 3287 1019 3330 omnia
1048 3299 1183 3329 onera
1204 3282 1425 3327 ordinaria
1445 3280 1733 3338 persoluenda
1752 3277 1954 3321 volumus
1976 3277 2175 3335 obligari,
2199 3282 2381 3334 excepta
2400 3292 2523 3334 repa-

569 3369 743 3412 racione
765 3362 944 3411 ecclesie
964 3367 1010 3408 in
1029 3366 1171 3409 forma
1192 3364 1391 3421 superius
1413 3377 1617 3419 expressa
1648 3394 1657 3403 .
1689 3359 1855 3402 Vicarii
1878 3363 2024 3401 autem
2043 3358 2088 3400 in
2104 3358 2309 3414 predictis
2330 3358 2523 3401 ecclesiis
