3008 3996
1087 687 1380 743 GARTAE
1423 688 1920 746 ORIGINALES.
2427 693 2463 747 5

520 963 666 1012 Carta
702 963 902 1012 Roberti
938 964 1060 1028 regis
1097 964 1341 1014 Willelmo
1376 965 1704 1014 Barbitonsori
1738 964 1892 1013 tocius
1926 969 2052 1013 terre
2088 981 2178 1029 que
2211 966 2301 1014 fuit
2349 967 2453 1014 Ade

519 1053 577 1100 de
605 1051 846 1101 Hodholm
884 1080 894 1091 ·
935 1051 1011 1115 [A
1037 1068 1159 1118 copy
1182 1053 1236 1102 of
1251 1053 1384 1122 early
1407 1055 1518 1102 date
1557 1057 1594 1120 ·]

390 1223 492 1270 ΠΙ.
526 1195 804 1276 Robertus
828 1227 921 1275 Dei
943 1228 1103 1290 gracia
1129 1229 1238 1276 Rex
1261 1230 1532 1278 Scottorum
1558 1229 1774 1278 omnibus
1809 1229 1968 1293 probis
2001 1229 2266 1279 hominibus
2300 1231 2453 1279 tocius

518 1320 644 1364 terre
684 1331 768 1364 sue
812 1315 1016 1364 salutem
1054 1343 1064 1354 ·
1103 1317 1278 1374 Sciatis
1321 1333 1410 1366 nos
1455 1318 1642 1366 dedisse
1689 1317 1976 1366 concessisse
2015 1322 2064 1365 et
2109 1318 2198 1366 hac
2245 1320 2451 1381 presenti

518 1408 652 1452 carta
674 1408 838 1452 nostra
860 1404 1164 1454 confirmasse
1202 1405 1448 1453 Willelmo
1485 1405 1812 1454 Barbitonsori
1837 1405 2011 1454 dilecto
2046 1410 2095 1454 et
2129 1406 2255 1454 fideli
2289 1411 2450 1456 nostro

515 1496 668 1541 totam
708 1496 884 1540 terram
921 1509 1011 1556 que
1051 1493 1143 1541 fuit
1184 1494 1290 1541 Ade
1328 1495 1388 1542 de
1428 1493 1667 1542 Hodholm
1706 1510 1811 1542 cum
1849 1494 2153 1558 pertinenciis
2187 1494 2233 1542 in
2271 1495 2380 1542 villa
2403 1500 2452 1544 et

515 1585 789 1638 tenemento
814 1582 872 1629 de
900 1581 1259 1631 Kirkborthwic
1283 1586 1332 1630 et
1356 1586 1511 1631 totum
1531 1582 1784 1630 dominium
1811 1583 2015 1630 omnium
2041 1582 2449 1631 liberetenentium

516 1672 639 1734 quod
675 1670 841 1718 habuit
876 1670 924 1718 in
961 1671 1127 1719 eodem
1161 1675 1436 1719 tenemento
1469 1675 1519 1719 et
1555 1686 1660 1718 cum
1697 1670 1904 1718 dominio
1928 1671 1987 1718 de
2012 1670 2310 1719 Yrostilcous
2344 1688 2449 1719 cum

515 1763 622 1808 tota
645 1763 780 1823 parte
805 1759 1069 1807 communie
1094 1775 1234 1824 quam
1260 1759 1385 1807 idem
1413 1759 1567 1806 Adam
1593 1759 1759 1806 habuit
1785 1760 1842 1806 de
1869 1759 2105 1807 Grenwod
2142 1763 2191 1807 et
2227 1760 2284 1807 de
2322 1760 2452 1807 Hen-

517 1848 823 1911 douchheych
860 1847 1194 1911 quamquidem
1227 1852 1405 1896 terram
1443 1863 1549 1895 cum
1585 1847 1803 1895 dominiis
1838 1851 1886 1894 et
1922 1847 2186 1895 communia
2223 1848 2448 1911 predictis

516 1938 641 1984 idem
667 1937 822 1984 Adam
842 1935 982 1985 >nobis
1005 1952 1153 2000 nuper
1175 1952 1260 2001 per
1290 1936 1464 1985 fustem
1506 1940 1555 1984 et
1593 1935 1807 1983 baculum
1847 1951 2027 1983 sursum
2068 1935 2272 1983 reddidit
2310 1937 2451 1999 resig-

517 2026 650 2074 nauit
669 2041 726 2074 ac
741 2029 896 2073 totum
915 2026 989 2073 ius
1013 2029 1062 2073 et
1086 2025 1318 2073 clameum
1342 2025 1466 2088 quod
1491 2024 1658 2072 habuit
1684 2024 1730 2071 in
1756 2024 1929 2072 eisdem
1951 2023 2024 2071 vel
2042 2024 2214 2071 habere
2240 2025 2446 2088 potuerit

516 2131 603 2178 pro
635 2130 688 2162 se
723 2117 774 2162 et
808 2113 1059 2162 heredibus
1094 2113 1191 2162 suis
1225 2113 1414 2162 omnino
1449 2113 1659 2176 quietum
1685 2111 1908 2159 clamauit
1933 2112 2273 2175 imperpetuum
2314 2141 2323 2149 ·
2361 2113 2450 2160 Te-

516 2204 718 2251 nendam
756 2206 806 2250 et
840 2202 1104 2250 habendam
1140 2202 1355 2266 predicto
1380 2200 1624 2248 Willelmo
1659 2205 1708 2248 et
1744 2200 1994 2248 heredibus
2029 2201 2125 2248 suis
2160 2202 2219 2248 de
2243 2201 2376 2249 nobis
2400 2205 2448 2249 et

517 2292 770 2341 heredibus
792 2291 968 2340 nostris
985 2291 1033 2338 in
1050 2291 1190 2339 feodo
1213 2295 1264 2338 et
1287 2289 1552 2338 hereditate
1571 2305 1656 2352 per
1673 2304 1834 2336 omnes
1857 2293 2012 2336 rectas
2035 2292 2187 2337 metas
2206 2293 2255 2336 et
2275 2289 2449 2337 diuisas

518 2396 628 2430 suas
649 2381 770 2428 adeo
792 2379 939 2427 libere
964 2378 1124 2442 quiete
1141 2377 1351 2442 plenarie
1370 2381 1419 2425 et
1435 2377 1688 2424 honorifice
1707 2377 1830 2424 sicut
1849 2376 2003 2424 dictus
2019 2377 2171 2423 Adam
2188 2378 2446 2439 predictam

518 2475 693 2518 terram
713 2484 819 2517 cum
839 2467 1058 2516 dominiis
1073 2471 1122 2514 et
1137 2466 1403 2514 communia
1419 2465 1646 2528 predictis
1663 2463 1821 2527 aliquo
1838 2467 2051 2527 tempore
2069 2465 2222 2512 tenuit
2241 2480 2322 2512 seu
2343 2481 2449 2527 pos-

521 2558 644 2607 sedit
661 2573 746 2620 per
758 2556 1008 2605 seruicinm
1027 2555 1137 2602 inde
1157 2555 1367 2602 debitum
1385 2557 1435 2601 et
1453 2557 1729 2601 consuetum
1767 2579 1778 2591 ·
1815 2553 1872 2598 In
1890 2552 2022 2600 cuius
2041 2553 2107 2599 rei
2128 2552 2448 2600 testimonium

520 2644 730 2711 presenti
749 2648 879 2692 carte
897 2647 1058 2691 nostre
1077 2641 1280 2705 sigillum
1297 2645 1510 2689 nostrum
1527 2640 1820 2703 precepimus
1839 2639 2011 2702 apponi
2047 2667 2059 2677 ·
2097 2640 2314 2688 Testibus
2333 2641 2449 2687 Ber-

521 2735 669 2783 nardo
692 2732 865 2781 abbate
903 2732 960 2778 de
997 2729 1315 2777 Abirbrothoc
1351 2727 1634 2776 cancellario
1657 2731 1819 2775 nostro
1845 2725 2088 2778 Willelmo
2114 2728 2171 2776 de
2198 2728 2447 2790 Lyndesay

522 2821 780 2872 camerario
803 2823 965 2868 nostro
987 2818 1022 2864 J
1025 2817 1173 2864 acobo
1200 2816 1388 2864 domino
1413 2816 1471 2862 de
1495 2814 1707 2876 Douglas
1732 2813 1948 2861 Gilberto
1973 2814 2030 2860 de
2057 2813 2184 2861 Haia
2202 2816 2450 2862 constabu-

521 2912 640 2960 lario
675 2913 837 2958 nostro
875 2911 924 2955 et
966 2905 1182 2952 Roberto
1219 2904 1277 2950 de
1318 2903 1449 2950 Keth
1488 2900 1764 2949 marescallo
1799 2905 1960 2950 nostro
1995 2900 2223 2950 militibus
2259 2929 2269 2939 ·
2308 2904 2447 2966 Apud

525 2997 810 3060 Edenburgb
835 2991 1158 3045 sextodecimo
1183 2991 1259 3038 die
1284 2989 1575 3053 Septembris
1599 2989 1739 3036 Anno
1765 2987 1917 3051 Regni
1941 2988 2089 3039 nostri
2109 2989 2401 3040 Duodecimo
2438 3020 2448 3030 ·

528 3199 673 3246 Carta
698 3195 898 3244 Roberti
924 3193 1071 3256 Regis
1095 3193 1152 3240 de
1177 3171 1398 3238 libertate
1421 3188 1509 3236 fori
1537 3186 1800 3234 Brechinen
1839 3214 1849 3223 ·

414 3352 505 3399 IV.
537 3320 815 3398 Robertus
861 3346 954 3394 Dei
988 3344 1147 3408 gracia
1183 3359 1272 3392 rex
1320 3341 1591 3390 Scottorum
1641 3367 1651 3376 ·
1688 3338 1922 3391 Omnibus
1954 3339 2124 3391 ,Probis
2172 3340 2452 3401 Hominibus

528 3440 683 3490 tocius
715 3440 841 3485 terre
877 3451 959 3484 sue
995 3439 1093 3483 tam
1120 3430 1303 3479 clericis
1317 3444 1466 3493 ⁴quam
1494 3427 1630 3486 laicis
1651 3425 1851 3480 salutem
1892 3454 1902 3464 ·
1940 3427 2114 3479 Sciatis
2140 3427 2238 3476 Nos
2262 3443 2450 3479 conces-
