3016 3958
520 625 594 680 38
1107 624 1400 679 CARTAE
1444 622 1944 678 ORIGINALES.

525 815 631 863 Deo
655 818 705 863 et
731 815 907 863 Sancte
932 815 1073 863 Cruci
1111 814 1160 862 in
1199 814 1333 862 cuius
1366 814 1542 863 honore
1575 814 1706 862 dicta
1741 811 2006 876 capellania
2029 815 2103 858 est
2126 811 2327 858 fundata
2349 810 2466 858 libe-

524 905 621 952 rius
655 908 704 952 et
739 904 923 967 plenius
957 905 1017 952 ad
1054 908 1355 966 augmentum
1392 902 1540 950 diuini
1576 902 1732 951 cultus
1766 901 2014 955 seruiatur,
2039 899 2268 963 capellam
2300 900 2466 947 Sancti

523 994 556 1040 J
561 994 759 1042 ohannis
784 993 1004 1057 Baptiste
1028 1009 1172 1057 prope
1200 993 1444 1041 Montross
1479 993 1606 1040 dicte
1642 990 1903 1056 capellanie
1928 989 2165 1038 uniuimus
2185 988 2467 1036 anneximus

523 1083 926 1146 incorporauimus
949 1098 1131 1130 necnon
1170 1082 1354 1130 unimus
1387 1082 1686 1130 annectimus
1723 1085 1771 1128 et
1808 1096 1894 1144 per
1930 1081 2176 1143 presentes
2199 1077 2468 1141 incorpora·

523 1187 629 1220 mus
652 1171 785 1219 saluo
821 1171 902 1219 illo
940 1173 1065 1235 quod
1089 1171 1363 1235 capellanus
1388 1172 1515 1220 dicte
1540 1167 1802 1235 capellanie
1839 1170 1919 1234 qui
1955 1185 2041 1234 pro
2075 1173 2289 1232 tempore
2325 1167 2468 1215 fuerit

525 1277 666 1309 unam
689 1261 882 1310 missam
906 1261 955 1308 in
979 1259 1162 1324 capella
1185 1261 1402 1324 predicta
1426 1260 1592 1309 Sancti
1614 1261 1648 1307 J
1653 1259 1852 1308 ohannis
1885 1259 1934 1306 in
1970 1258 2179 1322 qualibet
2204 1258 2469 1321 septimana

525 1365 618 1397 non
643 1349 691 1397 in
716 1350 792 1397 die
816 1351 940 1398 festo
965 1366 1049 1414 per
1071 1366 1122 1398 se
1146 1349 1221 1397 vel
1244 1349 1388 1397 alium
1412 1350 1646 1412 ydoneum
1685 1349 1908 1403 celebret,
1933 1364 2016 1396 seu
2042 1347 2282 1395 celebrare
2306 1346 2469 1402 faciat,

525 1440 584 1486 de
624 1439 802 1486 Sancto
837 1439 871 1486 J
876 1439 1060 1486 ohanne
1099 1455 1186 1502 pro
1222 1438 1470 1487 animabus
1505 1439 1809 1487 fundatorum
1844 1438 1971 1485 dicte
2007 1436 2187 1500 capelle
2221 1437 2470 1484 animabus

526 1527 733 1575 omnium
758 1527 966 1575 fidelium
992 1527 1319 1574 defunctorum
1345 1543 1527 1575 necnon
1567 1531 1919 1575 antecessorum
1944 1530 1993 1574 et
2017 1541 2338 1574 successorum
2363 1541 2471 1573 nos-

525 1621 708 1664 trorum
745 1616 879 1664 saluo
915 1617 1060 1664 etiam
1097 1617 1220 1679 quod
1258 1616 1499 1679 predictus
1534 1615 1807 1679 capellanus
1842 1616 1922 1679 qui
1957 1631 2042 1678 pro
2076 1619 2289 1678 tempore
2326 1615 2468 1662 fuerit

529 1706 793 1770 predictam
819 1705 1051 1770 capellam
1076 1705 1243 1754 Sancti
1277 1705 1310 1751 J
1315 1705 1514 1753 ohannis
1552 1705 1600 1751 in
1643 1705 1859 1752 omnibus
1894 1704 2174 1752 necessariis
2210 1708 2309 1751 tam
2349 1703 2471 1750 infra

527 1811 668 1859 quam
706 1798 846 1842 extra
882 1794 1061 1843 totiens
1099 1795 1319 1858 quotiens
1355 1810 1473 1857 opus
1506 1794 1650 1842 fuerit
1684 1809 1770 1857 pro
1805 1793 1936 1841 cultu
1973 1793 2133 1840 diuino
2169 1793 2342 1840 ibidem
2367 1809 2472 1855 per-

527 1887 672 1948 petuo
719 1884 1014 1932 obseruando
1061 1887 1387 1947 competenter
1429 1882 1704 1931 reformabit
1746 1886 1795 1930 et
1837 1881 2162 1930 manutenebit
2201 1909 2211 1918 ·
2250 1881 2316 1928 Et
2363 1896 2469 1928 cum

528 1977 786 2037 perpetuus
823 1973 1030 2022 vicarius
1071 1973 1357 2036 parochialis
1395 1972 1593 2022 ecclesie
1636 1973 1693 2020 de
1737 1973 1980 2020 Montross
2021 1972 2100 2035 qui
2136 1987 2221 2034 pro
2257 1974 2472 2034 tempore

527 2063 618 2110 fuit
657 2066 706 2110 et
740 2062 884 2110 fuerit
925 2079 1070 2110 unum
1113 2061 1420 2126 Capellanum
1459 2061 1779 2109 celebrantem
1819 2061 1980 2108 diuina
2014 2060 2142 2108 omni
2179 2060 2255 2107 die
2294 2060 2470 2107 habere

527 2152 785 2200 tenebatur
808 2155 856 2199 et
879 2155 1072 2199 tenetur
1106 2151 1155 2198 in
1191 2151 1322 2198 dicta
1357 2150 1541 2214 capella
1566 2151 1740 2198 Sancte
1765 2149 1931 2198 Crucis
1958 2149 2189 2197 Volumus
2212 2153 2261 2196 et
2286 2149 2473 2196 ordina-

530 2256 634 2290 mus
673 2257 780 2288 cum
821 2255 1017 2289 assensu
1057 2240 1208 2289 totius
1248 2239 1445 2303 capituli
1486 2239 1637 2287 nostri
1677 2243 1731 2287 ut
1772 2254 1966 2302 presens
2003 2243 2052 2286 et
2093 2238 2254 2286 vicarii
2296 2254 2381 2301 pro
2419 2254 2472 2286 se

529 2330 722 2393 suisque
762 2330 1114 2378 successoribus
1152 2341 1239 2393 pro
1278 2328 1416 2377 nobis
1458 2328 1603 2376 etiam
1643 2331 1692 2375 et
1734 2327 1909 2376 nostris
1951 2327 2300 2376 successoribus
2347 2328 2471 2391 quod

530 2418 775 2482 capellano
800 2419 926 2466 dicte
951 2417 1212 2482 capellanie
1238 2418 1318 2481 qui
1353 2433 1438 2481 pro
1472 2421 1686 2480 tempore
1709 2416 1855 2464 fuerit
1881 2416 2100 2464 Vicarius
2127 2417 2254 2465 dicte
2278 2416 2387 2464 ville
2412 2417 2470 2464 de

535 2507 778 2555 Montross
815 2507 895 2571 qui
934 2523 1019 2570 pro
1053 2511 1266 2570 tempore
1302 2506 1446 2554 fuerit
1481 2505 1723 2553 tenebitur
1746 2505 1929 2554 soluere
1965 2512 2014 2554 et
2050 2506 2203 2554 soluet
2227 2506 2471 2556 annuatim

533 2597 651 2644 duas
674 2611 859 2644 marcas
881 2595 1058 2644 usualis
1081 2599 1269 2643 monete
1295 2595 1456 2643 Scotie
1490 2611 1577 2658 pro
1611 2599 1824 2658 tempore
1856 2595 2088 2644 currentis
2111 2596 2474 2660 proportionali-

531 2689 608 2732 ter
643 2685 704 2732 ad
744 2685 862 2732 duos
899 2684 1010 2732 anni
1046 2684 1275 2732 terminos
1311 2683 1398 2731 viz.
1438 2684 1748 2733 Pentecostes
1772 2689 1821 2732 et
1847 2685 2013 2733 Sancti
2039 2686 2239 2734 Martini
2264 2687 2312 2734 in
2333 2702 2471 2749 yeme

533 2779 683 2827 donec
725 2783 774 2826 et
814 2794 1055 2842 quousque
1092 2793 1178 2841 per
1201 2792 1286 2826 nos
1321 2776 1399 2825 uel
1422 2793 1719 2826 successores
1742 2782 1930 2827 nostros
1953 2779 2218 2842 predictum
2244 2779 2470 2827 vicarium

534 2869 614 2931 qui
638 2885 723 2931 pro
746 2872 960 2931 tempore
982 2867 1126 2914 fuerit
1150 2870 1232 2914 aut
1256 2866 1460 2930 aliquem
1490 2882 1814 2915 successorum
1839 2883 2029 2916 suorum
2054 2867 2184 2915 dicta
2207 2867 2471 2931 capellania

534 2959 592 3005 de
617 2957 799 3005 duabus
824 2957 995 3004 marcis
1017 2955 1066 3003 in
1090 2955 1354 3003 redditibus
1387 2955 1728 3003 sufficientibus
1764 2955 1976 3018 plenarie
2001 2960 2050 3003 et
2074 2955 2270 3019 pacifice
2293 2956 2469 3004 fuerint

532 3031 775 3094 infeodata
798 3050 847 3093 et
871 3060 1089 3108 possessa
1113 3044 1348 3092 Volumus
1372 3043 1518 3091 etiam
1553 3047 1604 3091 et
1641 3044 1912 3092 ordinamus
1935 3059 2041 3092 cum
2066 3060 2298 3093 consensu
2321 3046 2470 3094 totius

532 3134 729 3197 capituli
752 3134 903 3182 nostri
927 3138 976 3181 et
1001 3133 1116 3180 dicti
1142 3132 1304 3180 vicarii
1327 3148 1414 3195 pro
1436 3131 1574 3180 nobis
1597 3135 1646 3179 et
1670 3133 2020 3182 successoribus
2043 3133 2219 3182 nostris
2253 3135 2469 3198 predicto

532 3223 707 3270 vicario
744 3222 933 3286 suisque
972 3221 1322 3269 successoribus
1359 3221 1484 3284 quod
1522 3220 1650 3268 dicta
1687 3220 1951 3284 capellania
1984 3223 2033 3270 in
2067 3223 2282 3286 predicta
2303 3225 2470 3273 funda-

530 3312 660 3360 tione
686 3327 778 3375 quo
812 3312 874 3358 ad
898 3310 1055 3359 omnia
1079 3309 1352 3372 supradicta
1374 3308 1424 3355 in
1449 3308 1712 3357 sufficiente
1747 3311 2092 3360 sustentatione
2116 3327 2202 3375 pro
2224 3313 2470 3376 capellano
