<?xml version="1.0" encoding="UTF-8"?>
<!DOCTYPE html PUBLIC "-//W3C//DTD XHTML 1.0 Transitional//EN"
    "http://www.w3.org/TR/xhtml1/DTD/xhtml1-transitional.dtd">
<html xmlns="http://www.w3.org/1999/xhtml" xml:lang="en" lang="en">
 <head>
  <title>
</title>
<meta http-equiv="Content-Type" content="text/html;charset=utf-8" />
  <meta name='ocr-system' content='tesseract 3.04.00' />
  <meta name='ocr-capabilities' content='ocr_page ocr_carea ocr_par ocr_line ocrx_word'/>
</head>
<body>
  <div class='ocr_page' id='page_1' title='image "./registrumepiscop02brecuoft_0300.png"; bbox 0 0 3016 3958; ppageno 0'>
   <div class='ocr_carea' id='block_1_1' title="bbox 569 591 2034 651">
    <p class='ocr_par' dir='ltr' id='par_1_1' title="bbox 569 591 2034 651">
     <span class='ocr_line' id='line_1_1' title="bbox 569 591 2034 651; baseline -0.005 0"><span class='ocrx_word' id='word_1_1' title='bbox 569 599 678 651; x_wconf 83' lang='lat'>286</span> <span class='ocrx_word' id='word_1_2' title='bbox 1053 594 1368 650; x_wconf 86' lang='lat' dir='ltr'><strong>CARTAE</strong></span> <span class='ocrx_word' id='word_1_3' title='bbox 1408 591 2034 649; x_wconf 82' lang='lat' dir='ltr'><strong>MISCELLANEAE.</strong></span> 
     </span>
    </p>
   </div>
   <div class='ocr_carea' id='block_1_2' title="bbox 569 767 2511 2091">
    <p class='ocr_par' dir='ltr' id='par_1_2' title="bbox 569 767 2501 896">
     <span class='ocr_line' id='line_1_2' title="bbox 569 767 2500 830; baseline -0.003 -13"><span class='ocrx_word' id='word_1_4' title='bbox 569 805 579 817; x_wconf 90' lang='lat'><strong>.</strong></span> <span class='ocrx_word' id='word_1_5' title='bbox 611 807 622 818; x_wconf 91' lang='lat'><strong>.</strong></span> <span class='ocrx_word' id='word_1_6' title='bbox 655 805 665 816; x_wconf 86' lang='lat'><em>.</em></span> <span class='ocrx_word' id='word_1_7' title='bbox 697 778 911 830; x_wconf 86' lang='lat' dir='ltr'>quatenus</span> <span class='ocrx_word' id='word_1_8' title='bbox 941 806 951 816; x_wconf 87' lang='lat'><em>.</em></span> <span class='ocrx_word' id='word_1_9' title='bbox 984 805 993 815; x_wconf 90' lang='lat'><strong><em>.</em></strong></span> <span class='ocrx_word' id='word_1_10' title='bbox 1026 804 1036 815; x_wconf 91' lang='lat'>.</span> <span class='ocrx_word' id='word_1_11' title='bbox 1068 772 1386 830; x_wconf 89' lang='lat' dir='ltr'>possessionem</span> <span class='ocrx_word' id='word_1_12' title='bbox 1421 771 1466 827; x_wconf 84' lang='lat' dir='ltr'>in</span> <span class='ocrx_word' id='word_1_13' title='bbox 1501 770 1624 812; x_wconf 85' lang='lat' dir='ltr'>vitali</span> <span class='ocrx_word' id='word_1_14' title='bbox 1660 768 1833 811; x_wconf 88' lang='lat' dir='ltr'>redditu</span> <span class='ocrx_word' id='word_1_15' title='bbox 1864 768 1979 810; x_wconf 89' lang='lat' dir='ltr'>dicto</span> <span class='ocrx_word' id='word_1_16' title='bbox 2012 767 2176 810; x_wconf 83' lang='lat' dir='ltr'>Jacobo</span> <span class='ocrx_word' id='word_1_17' title='bbox 2207 800 2216 810; x_wconf 93' lang='lat'>.</span> <span class='ocrx_word' id='word_1_18' title='bbox 2250 800 2259 809; x_wconf 91' lang='lat'><strong>.</strong></span> <span class='ocrx_word' id='word_1_19' title='bbox 2293 798 2304 810; x_wconf 88' lang='lat'><strong>.</strong></span> <span class='ocrx_word' id='word_1_20' title='bbox 2335 783 2500 811; x_wconf 87' lang='lat' dir='ltr'>necnon</span> 
     </span>
     <span class='ocr_line' id='line_1_3' title="bbox 618 848 2501 896; baseline -0.003 0"><span class='ocrx_word' id='word_1_21' title='bbox 618 885 629 896; x_wconf 86' lang='lat'><strong>.</strong></span> <span class='ocrx_word' id='word_1_22' title='bbox 665 885 674 894; x_wconf 87' lang='lat'><strong><em>.</em></strong></span> <span class='ocrx_word' id='word_1_23' title='bbox 713 854 902 896; x_wconf 80' lang='lat' dir='ltr'>sasinam</span> <span class='ocrx_word' id='word_1_24' title='bbox 942 852 1247 895; x_wconf 85' lang='lat' dir='ltr'>hereditariam</span> <span class='ocrx_word' id='word_1_25' title='bbox 1287 883 1295 892; x_wconf 92' lang='lat'>.</span> <span class='ocrx_word' id='word_1_26' title='bbox 1332 881 1342 892; x_wconf 92' lang='lat'><strong>.</strong></span> <span class='ocrx_word' id='word_1_27' title='bbox 1380 882 1389 892; x_wconf 90' lang='lat'><strong><em>.</em></strong></span> <span class='ocrx_word' id='word_1_28' title='bbox 1427 849 1642 892; x_wconf 89' lang='lat' dir='ltr'>dictorum</span> <span class='ocrx_word' id='word_1_29' title='bbox 1682 849 1815 890; x_wconf 81' lang='lat' dir='ltr'>trium</span> <span class='ocrx_word' id='word_1_30' title='bbox 1855 850 2202 890; x_wconf 82' lang='lat' dir='ltr'>tenementorum</span> <span class='ocrx_word' id='word_1_31' title='bbox 2239 878 2250 889; x_wconf 93' lang='lat'><strong>.</strong></span> <span class='ocrx_word' id='word_1_32' title='bbox 2288 880 2297 890; x_wconf 90' lang='lat'><strong>.</strong></span> <span class='ocrx_word' id='word_1_33' title='bbox 2336 881 2346 890; x_wconf 96' lang='lat'>.</span> <span class='ocrx_word' id='word_1_34' title='bbox 2386 848 2501 891; x_wconf 86' lang='lat' dir='ltr'>dicto</span> 
     </span>
    </p>

    <p class='ocr_par' dir='ltr' id='par_1_3' title="bbox 571 925 2511 1464">
     <span class='ocr_line' id='line_1_4' title="bbox 573 925 2501 988; baseline -0.003 -13"><span class='ocrx_word' id='word_1_35' title='bbox 573 932 716 975; x_wconf 85' lang='lat' dir='ltr'>Dauid</span> <span class='ocrx_word' id='word_1_36' title='bbox 755 931 990 988; x_wconf 83' lang='lat' dir='ltr'>Dempstar</span> <span class='ocrx_word' id='word_1_37' title='bbox 1027 964 1037 973; x_wconf 91' lang='lat'><strong>.</strong></span> <span class='ocrx_word' id='word_1_38' title='bbox 1068 964 1078 974; x_wconf 86' lang='lat'><em>.</em></span> <span class='ocrx_word' id='word_1_39' title='bbox 1113 961 1124 972; x_wconf 91' lang='lat'><strong>.</strong></span> <span class='ocrx_word' id='word_1_40' title='bbox 1160 929 1346 973; x_wconf 83' lang='lat' dir='ltr'>tradatis</span> <span class='ocrx_word' id='word_1_41' title='bbox 1383 960 1391 970; x_wconf 90' lang='lat'><strong>.</strong></span> <span class='ocrx_word' id='word_1_42' title='bbox 1429 960 1439 970; x_wconf 88' lang='grc'><strong>.</strong></span> <span class='ocrx_word' id='word_1_43' title='bbox 1477 960 1487 970; x_wconf 94' lang='grc'><strong>.</strong></span> <span class='ocrx_word' id='word_1_44' title='bbox 1529 927 1582 969; x_wconf 91' lang='lat' dir='ltr'>Iu</span> <span class='ocrx_word' id='word_1_45' title='bbox 1622 926 1745 969; x_wconf 87' lang='lat' dir='ltr'>cuius</span> <span class='ocrx_word' id='word_1_46' title='bbox 1785 926 1849 968; x_wconf 88' lang='lat' dir='ltr'>rei</span> <span class='ocrx_word' id='word_1_47' title='bbox 1888 925 2186 968; x_wconf 86' lang='lat' dir='ltr'>testimonium</span> <span class='ocrx_word' id='word_1_48' title='bbox 2227 928 2501 983; x_wconf 79' lang='lat' dir='ltr'>presentibus</span> 
     </span>
     <span class='ocr_line' id='line_1_5' title="bbox 571 1005 2503 1064; baseline -0.003 -10"><span class='ocrx_word' id='word_1_49' title='bbox 571 1015 723 1054; x_wconf 86' lang='lat' dir='ltr'>nostra</span> <span class='ocrx_word' id='word_1_50' title='bbox 742 1015 787 1053; x_wconf 91' lang='lat' dir='ltr'>et</span> <span class='ocrx_word' id='word_1_51' title='bbox 808 1011 1004 1053; x_wconf 84' lang='lat' dir='ltr'>manibus</span> <span class='ocrx_word' id='word_1_52' title='bbox 1025 1010 1327 1052; x_wconf 89' lang='lat' dir='ltr'>canonicorum</span> <span class='ocrx_word' id='word_1_53' title='bbox 1348 1007 1526 1064; x_wconf 85' lang='lat' dir='ltr'>capituli</span> <span class='ocrx_word' id='word_1_54' title='bbox 1546 1006 1686 1049; x_wconf 78' lang='lat' dir='ltr'>nostri</span> <span class='ocrx_word' id='word_1_55' title='bbox 1707 1005 1965 1062; x_wconf 71' lang='lat' dir='ltr'>subscriptis</span> <span class='ocrx_word' id='word_1_56' title='bbox 1996 1005 2188 1062; x_wconf 75' lang='lat' dir='ltr'>sigillum</span> <span class='ocrx_word' id='word_1_57' title='bbox 2209 1009 2405 1049; x_wconf 89' lang='lat' dir='ltr'>nostrum</span> <span class='ocrx_word' id='word_1_58' title='bbox 2435 1021 2503 1049; x_wconf 90' lang='lat' dir='ltr'>ro-</span> 
     </span>
     <span class='ocr_line' id='line_1_6' title="bbox 574 1085 2507 1146; baseline -0.002 -14"><span class='ocrx_word' id='word_1_59' title='bbox 574 1091 755 1133; x_wconf 89' lang='lat' dir='ltr'>tundum</span> <span class='ocrx_word' id='word_1_60' title='bbox 794 1094 840 1133; x_wconf 89' lang='lat' dir='ltr'>et</span> <span class='ocrx_word' id='word_1_61' title='bbox 878 1090 1069 1146; x_wconf 84' lang='lat' dir='ltr'>sigillum</span> <span class='ocrx_word' id='word_1_62' title='bbox 1109 1089 1300 1132; x_wconf 90' lang='lat' dir='ltr'>eiusdem</span> <span class='ocrx_word' id='word_1_63' title='bbox 1339 1088 1478 1131; x_wconf 90' lang='lat' dir='ltr'>nostri</span> <span class='ocrx_word' id='word_1_64' title='bbox 1518 1086 1698 1143; x_wconf 85' lang='lat' dir='ltr'>capituli</span> <span class='ocrx_word' id='word_1_65' title='bbox 1738 1090 1841 1129; x_wconf 86' lang='lat' dir='ltr'>sunt</span> <span class='ocrx_word' id='word_1_66' title='bbox 1879 1099 2072 1142; x_wconf 88' lang='lat' dir='ltr'>appensa</span> <span class='ocrx_word' id='word_1_67' title='bbox 2115 1086 2231 1142; x_wconf 85' lang='lat' dir='ltr'>apud</span> <span class='ocrx_word' id='word_1_68' title='bbox 2272 1085 2507 1129; x_wconf 74' lang='lat' dir='ltr'>ciuitatem</span> 
     </span>
     <span class='ocr_line' id='line_1_7' title="bbox 575 1164 2508 1226; baseline -0.003 -14"><span class='ocrx_word' id='word_1_69' title='bbox 575 1174 768 1212; x_wconf 87' lang='lat' dir='ltr'>nostram</span> <span class='ocrx_word' id='word_1_70' title='bbox 788 1170 1022 1226; x_wconf 80' lang='lat' dir='ltr'><strong>predictam</strong></span> <span class='ocrx_word' id='word_1_71' title='bbox 1040 1169 1109 1211; x_wconf 92' lang='lat' dir='ltr'>die</span> <span class='ocrx_word' id='word_1_72' title='bbox 1125 1169 1277 1212; x_wconf 89' lang='lat' dir='ltr'>ultimo</span> <span class='ocrx_word' id='word_1_73' title='bbox 1294 1167 1454 1210; x_wconf 82' lang='lat' dir='ltr'>mensis</span> <span class='ocrx_word' id='word_1_74' title='bbox 1469 1166 1497 1209; x_wconf 83' lang='lat' dir='ltr'><strong>J</strong></span> <span class='ocrx_word' id='word_1_75' title='bbox 1500 1167 1577 1209; x_wconf 89' lang='lat' dir='ltr'>ulii</span> <span class='ocrx_word' id='word_1_76' title='bbox 1593 1180 1707 1208; x_wconf 87' lang='lat' dir='ltr'>anno</span> <span class='ocrx_word' id='word_1_77' title='bbox 1724 1164 1902 1208; x_wconf 88' lang='lat' dir='ltr'>Domini</span> <span class='ocrx_word' id='word_1_78' title='bbox 1917 1165 2146 1207; x_wconf 89' lang='lat' dir='ltr'>millesimo</span> <span class='ocrx_word' id='word_1_79' title='bbox 2162 1165 2508 1222; x_wconf 77' lang='lat' dir='ltr'>quingentesimo</span> 
     </span>
     <span class='ocr_line' id='line_1_8' title="bbox 577 1244 2510 1305; baseline -0.003 -13"><span class='ocrx_word' id='word_1_80' title='bbox 577 1249 894 1305; x_wconf 84' lang='lat' dir='ltr'>septuagesimo</span> <span class='ocrx_word' id='word_1_81' title='bbox 936 1253 1058 1291; x_wconf 83' lang='lat' dir='ltr'>sexto</span> <span class='ocrx_word' id='word_1_82' title='bbox 1094 1262 1239 1291; x_wconf 85' lang='lat' dir='ltr'>coram</span> <span class='ocrx_word' id='word_1_83' title='bbox 1267 1247 1342 1305; x_wconf 32' lang='lat' dir='ltr'>&#39;his</span> <span class='ocrx_word' id='word_1_84' title='bbox 1372 1246 1560 1289; x_wconf 82' lang='lat' dir='ltr'>testibus</span> <span class='ocrx_word' id='word_1_85' title='bbox 1594 1245 1805 1302; x_wconf 83' lang='lat' dir='ltr'>magistro</span> <span class='ocrx_word' id='word_1_86' title='bbox 1841 1244 1869 1286; x_wconf 86' lang='lat' dir='ltr'>J</span> <span class='ocrx_word' id='word_1_87' title='bbox 1872 1258 2011 1287; x_wconf 87' lang='lat' dir='ltr'>oanne</span> <span class='ocrx_word' id='word_1_88' title='bbox 2047 1244 2231 1287; x_wconf 87' lang='lat' dir='ltr'>Hutoun</span> <span class='ocrx_word' id='word_1_89' title='bbox 2271 1244 2324 1286; x_wconf 88' lang='lat' dir='ltr'>de</span> <span class='ocrx_word' id='word_1_90' title='bbox 2364 1244 2510 1286; x_wconf 87' lang='lat' dir='ltr'>Eister</span> 
     </span>
     <span class='ocr_line' id='line_1_9' title="bbox 578 1323 2511 1384; baseline -0.003 -13"><span class='ocrx_word' id='word_1_91' title='bbox 578 1328 810 1375; x_wconf 79' lang='lat' dir='ltr'>Belleleisk</span> <span class='ocrx_word' id='word_1_92' title='bbox 849 1328 1098 1370; x_wconf 84' lang='lat' dir='ltr'>Alexandro</span> <span class='ocrx_word' id='word_1_93' title='bbox 1139 1328 1286 1384; x_wconf 90' lang='lat' dir='ltr'>Norye</span> <span class='ocrx_word' id='word_1_94' title='bbox 1327 1327 1420 1369; x_wconf 86' lang='lat' dir='ltr'>ciue</span> <span class='ocrx_word' id='word_1_95' title='bbox 1456 1325 1738 1367; x_wconf 87' lang='lat' dir='ltr'>Brechinensi</span> <span class='ocrx_word' id='word_1_96' title='bbox 1773 1324 1802 1366; x_wconf 87' lang='lat' dir='ltr'><strong>J</strong></span> <span class='ocrx_word' id='word_1_97' title='bbox 1805 1325 1975 1366; x_wconf 84' lang='lat' dir='ltr'>ohanne</span> <span class='ocrx_word' id='word_1_98' title='bbox 2015 1323 2200 1366; x_wconf 89' lang='lat' dir='ltr'>Hutouu</span> <span class='ocrx_word' id='word_1_99' title='bbox 2233 1324 2278 1365; x_wconf 89' lang='lat' dir='ltr'>in</span> <span class='ocrx_word' id='word_1_100' title='bbox 2314 1323 2434 1366; x_wconf 87' lang='lat' dir='ltr'>Ardo</span> <span class='ocrx_word' id='word_1_101' title='bbox 2466 1326 2511 1365; x_wconf 89' lang='lat' dir='ltr'>et</span> 
     </span>
     <span class='ocr_line' id='line_1_10' title="bbox 577 1407 1420 1464; baseline -0.001 -15"><span class='ocrx_word' id='word_1_102' title='bbox 577 1408 787 1464; x_wconf 83' lang='lat' dir='ltr'>magistro</span> <span class='ocrx_word' id='word_1_103' title='bbox 809 1407 976 1450; x_wconf 84' lang='lat' dir='ltr'>Thoma</span> <span class='ocrx_word' id='word_1_104' title='bbox 998 1407 1179 1463; x_wconf 85' lang='lat' dir='ltr'>Bowsye</span> <span class='ocrx_word' id='word_1_105' title='bbox 1208 1407 1379 1449; x_wconf 86' lang='lat' dir='ltr'>notario</span> <span class='ocrx_word' id='word_1_106' title='bbox 1411 1436 1420 1447; x_wconf 89' lang='lat'><strong>.</strong></span> 
     </span>
    </p>

    <p class='ocr_par' dir='ltr' id='par_1_4' title="bbox 1272 1483 2153 1540">
     <span class='ocr_line' id='line_1_11' title="bbox 1272 1483 2153 1540; baseline -0.005 -13"><span class='ocrx_word' id='word_1_107' title='bbox 1272 1485 1519 1527; x_wconf 79' lang='lat' dir='ltr'>Alexander</span> <span class='ocrx_word' id='word_1_108' title='bbox 1541 1484 1783 1540; x_wconf 75' lang='lat' dir='ltr'>Episcopus</span> <span class='ocrx_word' id='word_1_109' title='bbox 1805 1483 2110 1525; x_wconf 89' lang='lat' dir='ltr'>Brechinensis</span> <span class='ocrx_word' id='word_1_110' title='bbox 2146 1515 2153 1523; x_wconf 91' lang='lat'><strong>.</strong></span> 
     </span>
    </p>

    <p class='ocr_par' dir='ltr' id='par_1_5' title="bbox 1270 1561 2136 1606">
     <span class='ocr_line' id='line_1_12' title="bbox 1270 1561 2136 1606; baseline -0.003 0"><span class='ocrx_word' id='word_1_111' title='bbox 1270 1564 1468 1606; x_wconf 87' lang='lat' dir='ltr'>Andreas</span> <span class='ocrx_word' id='word_1_112' title='bbox 1489 1562 1647 1605; x_wconf 89' lang='lat' dir='ltr'>Leiche</span> <span class='ocrx_word' id='word_1_113' title='bbox 1668 1565 1811 1604; x_wconf 84' lang='lat' dir='ltr'>rector</span> <span class='ocrx_word' id='word_1_114' title='bbox 1830 1562 1883 1603; x_wconf 90' lang='lat' dir='ltr'>de</span> <span class='ocrx_word' id='word_1_115' title='bbox 1905 1561 2096 1604; x_wconf 89' lang='lat' dir='ltr'>Kilmoir</span> <span class='ocrx_word' id='word_1_116' title='bbox 2127 1594 2136 1603; x_wconf 95' lang='lat'><strong>.</strong></span> 
     </span>
    </p>

    <p class='ocr_par' dir='ltr' id='par_1_6' title="bbox 1271 1641 1958 1698">
     <span class='ocr_line' id='line_1_13' title="bbox 1271 1641 1958 1698; baseline -0.004 -13"><span class='ocrx_word' id='word_1_117' title='bbox 1271 1643 1488 1685; x_wconf 88' lang='lat' dir='ltr'>Robertus</span> <span class='ocrx_word' id='word_1_118' title='bbox 1509 1641 1708 1698; x_wconf 84' lang='lat' dir='ltr'>Kynneir</span> <span class='ocrx_word' id='word_1_119' title='bbox 1727 1641 1915 1682; x_wconf 83' lang='lat' dir='ltr'>vicarius</span> <span class='ocrx_word' id='word_1_120' title='bbox 1945 1670 1958 1683; x_wconf 87' lang='lat'><strong>.</strong></span> 
     </span>
    </p>

    <p class='ocr_par' dir='ltr' id='par_1_7' title="bbox 1270 1719 2086 1776">
     <span class='ocr_line' id='line_1_14' title="bbox 1270 1719 2086 1776; baseline -0.002 -13"><span class='ocrx_word' id='word_1_121' title='bbox 1270 1721 1298 1763; x_wconf 83' lang='lat' dir='ltr'>J</span> <span class='ocrx_word' id='word_1_122' title='bbox 1302 1722 1495 1763; x_wconf 87' lang='lat' dir='ltr'>ohannes</span> <span class='ocrx_word' id='word_1_123' title='bbox 1517 1720 1730 1776; x_wconf 90' lang='lat' dir='ltr'>Hepburn</span> <span class='ocrx_word' id='word_1_124' title='bbox 1749 1719 2050 1762; x_wconf 76' lang='lat' dir='ltr'>thesaurarius</span> <span class='ocrx_word' id='word_1_125' title='bbox 2076 1751 2086 1761; x_wconf 89' lang='lat'><strong>.</strong></span> 
     </span>
    </p>

    <p class='ocr_par' dir='ltr' id='par_1_8' title="bbox 1270 1800 1905 1854">
     <span class='ocr_line' id='line_1_15' title="bbox 1270 1800 1905 1854; baseline -0.003 -12"><span class='ocrx_word' id='word_1_126' title='bbox 1270 1800 1433 1842; x_wconf 85' lang='lat' dir='ltr'>Paulus</span> <span class='ocrx_word' id='word_1_127' title='bbox 1455 1800 1614 1841; x_wconf 89' lang='lat' dir='ltr'>Fraser</span> <span class='ocrx_word' id='word_1_128' title='bbox 1636 1801 1865 1854; x_wconf 84' lang='lat' dir='ltr'>precentor</span> <span class='ocrx_word' id='word_1_129' title='bbox 1895 1830 1905 1840; x_wconf 93' lang='lat'><em>.</em></span> 
     </span>
    </p>

    <p class='ocr_par' dir='ltr' id='par_1_9' title="bbox 1273 1877 1940 1934">
     <span class='ocr_line' id='line_1_16' title="bbox 1273 1877 1940 1934; baseline -0.004 -13"><span class='ocrx_word' id='word_1_130' title='bbox 1273 1879 1335 1921; x_wconf 90' lang='lat' dir='ltr'>M.</span> <span class='ocrx_word' id='word_1_131' title='bbox 1358 1878 1398 1922; x_wconf 89' lang='lat' dir='ltr'>J.</span> <span class='ocrx_word' id='word_1_132' title='bbox 1421 1878 1575 1934; x_wconf 84' lang='lat' dir='ltr'>Layng</span> <span class='ocrx_word' id='word_1_133' title='bbox 1594 1877 1897 1932; x_wconf 86' lang='lat' dir='ltr'>pensionarius</span> <span class='ocrx_word' id='word_1_134' title='bbox 1928 1907 1940 1919; x_wconf 86' lang='grc'><strong>.</strong></span> 
     </span>
    </p>

    <p class='ocr_par' dir='ltr' id='par_1_10' title="bbox 1271 1955 2186 2013">
     <span class='ocr_line' id='line_1_17' title="bbox 1271 1955 2186 2013; baseline 0 -14"><span class='ocrx_word' id='word_1_135' title='bbox 1271 1957 1324 1999; x_wconf 88' lang='lat' dir='ltr'>R.</span> <span class='ocrx_word' id='word_1_136' title='bbox 1347 1956 1645 2013; x_wconf 88' lang='lat' dir='ltr'>Abyrcrumby</span> <span class='ocrx_word' id='word_1_137' title='bbox 1674 1959 1818 1998; x_wconf 89' lang='lat' dir='ltr'>rector</span> <span class='ocrx_word' id='word_1_138' title='bbox 1835 1955 1888 1997; x_wconf 92' lang='lat' dir='ltr'>de</span> <span class='ocrx_word' id='word_1_139' title='bbox 1910 1955 2145 2013; x_wconf 89' lang='lat' dir='ltr'>Buttergill</span> <span class='ocrx_word' id='word_1_140' title='bbox 2176 1989 2186 1999; x_wconf 90' lang='lat'><strong>.</strong></span> 
     </span>
    </p>

    <p class='ocr_par' dir='ltr' id='par_1_11' title="bbox 1278 2034 2058 2091">
     <span class='ocr_line' id='line_1_18' title="bbox 1278 2034 2058 2091; baseline 0 -13"><span class='ocrx_word' id='word_1_141' title='bbox 1278 2036 1496 2078; x_wconf 88' lang='lat' dir='ltr'>Robertus</span> <span class='ocrx_word' id='word_1_142' title='bbox 1519 2034 1717 2091; x_wconf 85' lang='lat' dir='ltr'>Carnegy</span> <span class='ocrx_word' id='word_1_143' title='bbox 1748 2034 2018 2077; x_wconf 84' lang='lat' dir='ltr'>subdecanus</span> <span class='ocrx_word' id='word_1_144' title='bbox 2047 2067 2058 2078; x_wconf 82' lang='lat'><strong>.</strong></span> 
     </span>
    </p>
   </div>
   <div class='ocr_carea' id='block_1_3' title="bbox 316 2265 2523 3038">
    <p class='ocr_par' dir='ltr' id='par_1_12' title="bbox 316 2265 2523 3038">
     <span class='ocr_line' id='line_1_19' title="bbox 316 2265 2519 2331; baseline -0.001 -12"><span class='ocrx_word' id='word_1_145' title='bbox 316 2284 568 2328; x_wconf 76' lang='lat' dir='ltr'>CCXLIII,</span> <span class='ocrx_word' id='word_1_146' title='bbox 589 2265 734 2319; x_wconf 80' lang='lat' dir='ltr'>Carta</span> <span class='ocrx_word' id='word_1_147' title='bbox 754 2273 1104 2318; x_wconf 86' lang='lat' dir='ltr'>Confirmatiouis</span> <span class='ocrx_word' id='word_1_148' title='bbox 1126 2273 1205 2315; x_wconf 83' lang='lat' dir='ltr'>sub</span> <span class='ocrx_word' id='word_1_149' title='bbox 1225 2286 1383 2328; x_wconf 85' lang='lat' dir='ltr'>magno</span> <span class='ocrx_word' id='word_1_150' title='bbox 1404 2271 1548 2327; x_wconf 85' lang='lat' dir='ltr'>sigillo</span> <span class='ocrx_word' id='word_1_151' title='bbox 1568 2274 1713 2313; x_wconf 80' lang='lat' dir='ltr'>cartae</span> <span class='ocrx_word' id='word_1_152' title='bbox 1734 2285 1963 2314; x_wconf 83' lang='lat' dir='ltr'>concessae</span> <span class='ocrx_word' id='word_1_153' title='bbox 1983 2287 2062 2328; x_wconf 89' lang='lat' dir='ltr'>per</span> <span class='ocrx_word' id='word_1_154' title='bbox 2091 2273 2119 2314; x_wconf 94' lang='lat' dir='ltr'><strong>J</strong></span> <span class='ocrx_word' id='word_1_155' title='bbox 2122 2274 2333 2316; x_wconf 84' lang='lat' dir='ltr'>ohannem</span> <span class='ocrx_word' id='word_1_156' title='bbox 2356 2277 2519 2331; x_wconf 82' lang='lat' dir='ltr'>episco-</span> 
     </span>
     <span class='ocr_line' id='line_1_20' title="bbox 588 2350 2516 2411; baseline -0.001 -14"><span class='ocrx_word' id='word_1_157' title='bbox 588 2370 690 2411; x_wconf 89' lang='lat' dir='ltr'>pum</span> <span class='ocrx_word' id='word_1_158' title='bbox 712 2354 1043 2397; x_wconf 85' lang='lat' dir='ltr'>Brechinensem</span> <span class='ocrx_word' id='word_1_159' title='bbox 1065 2353 1093 2394; x_wconf 91' lang='lat' dir='ltr'><strong>J</strong></span> <span class='ocrx_word' id='word_1_160' title='bbox 1096 2352 1224 2395; x_wconf 75' lang='lat' dir='ltr'>oanni</span> <span class='ocrx_word' id='word_1_161' title='bbox 1256 2350 1489 2407; x_wconf 89' lang='lat' dir='ltr'>Dempster</span> <span class='ocrx_word' id='word_1_162' title='bbox 1519 2354 1573 2393; x_wconf 79' lang='lat' dir='ltr'>et&#39;</span> <span class='ocrx_word' id='word_1_163' title='bbox 1594 2350 1845 2406; x_wconf 79' lang='lat' dir='ltr'>Margarete</span> <span class='ocrx_word' id='word_1_164' title='bbox 1878 2350 2187 2408; x_wconf 86' lang='lat' dir='ltr'>Scrymgeoure</span> <span class='ocrx_word' id='word_1_165' title='bbox 2210 2354 2304 2407; x_wconf 87' lang='lat' dir='ltr'>ejus</span> <span class='ocrx_word' id='word_1_166' title='bbox 2335 2369 2516 2409; x_wconf 87' lang='lat' dir='ltr'>sponsae</span> 
     </span>
     <span class='ocr_line' id='line_1_21' title="bbox 589 2428 2515 2486; baseline -0.001 -10"><span class='ocrx_word' id='word_1_167' title='bbox 589 2438 800 2476; x_wconf 85' lang='lat' dir='ltr'>terrarum</span> <span class='ocrx_word' id='word_1_168' title='bbox 821 2433 872 2474; x_wconf 93' lang='lat' dir='ltr'>de</span> <span class='ocrx_word' id='word_1_169' title='bbox 894 2432 1079 2474; x_wconf 89' lang='lat' dir='ltr'>Findore</span> <span class='ocrx_word' id='word_1_170' title='bbox 1101 2445 1196 2472; x_wconf 90' lang='lat' dir='ltr'>cum</span> <span class='ocrx_word' id='word_1_171' title='bbox 1217 2430 1490 2486; x_wconf 88' lang='lat' dir='ltr'>pertinentiis</span> <span class='ocrx_word' id='word_1_172' title='bbox 1502 2429 1605 2485; x_wconf 77' lang='lat' dir='ltr'>(No.</span> <span class='ocrx_word' id='word_1_173' title='bbox 1630 2428 1878 2485; x_wconf 83' lang='lat' dir='ltr'>CCXXX.)</span> <span class='ocrx_word' id='word_1_174' title='bbox 1904 2429 2112 2473; x_wconf 90' lang='lat' dir='ltr'>Testibus</span> <span class='ocrx_word' id='word_1_175' title='bbox 2127 2431 2155 2473; x_wconf 90' lang='lat' dir='ltr'>J</span> <span class='ocrx_word' id='word_1_176' title='bbox 2157 2434 2289 2474; x_wconf 83' lang='lat' dir='ltr'>acobo</span> <span class='ocrx_word' id='word_1_177' title='bbox 2304 2434 2515 2476; x_wconf 79' lang='lat' dir='ltr'>Arraniae</span> 
     </span>
     <span class='ocr_line' id='line_1_22' title="bbox 588 2508 2516 2566; baseline 0.001 -12"><span class='ocrx_word' id='word_1_178' title='bbox 588 2513 741 2554; x_wconf 88' lang='lat' dir='ltr'>comite</span> <span class='ocrx_word' id='word_1_179' title='bbox 762 2512 934 2554; x_wconf 90' lang='lat' dir='ltr'>domino</span> <span class='ocrx_word' id='word_1_180' title='bbox 955 2510 1103 2551; x_wconf 85' lang='lat' dir='ltr'>Evane</span> <span class='ocrx_word' id='word_1_181' title='bbox 1135 2513 1180 2551; x_wconf 91' lang='lat' dir='ltr'>et</span> <span class='ocrx_word' id='word_1_182' title='bbox 1209 2509 1524 2564; x_wconf 83' lang='lat' dir='ltr'>Hammyltoun</span> <span class='ocrx_word' id='word_1_183' title='bbox 1545 2513 1625 2550; x_wconf 87' lang='lat' dir='ltr'>etc.</span> <span class='ocrx_word' id='word_1_184' title='bbox 1659 2508 1916 2551; x_wconf 81' lang='lat' dir='ltr'>cancellario</span> <span class='ocrx_word' id='word_1_185' title='bbox 1936 2510 2057 2566; x_wconf 89' lang='lat' dir='ltr'>regio</span> <span class='ocrx_word' id='word_1_186' title='bbox 2077 2512 2434 2555; x_wconf 86' lang='lat' dir='ltr'>reverendissimo</span> <span class='ocrx_word' id='word_1_187' title='bbox 2466 2528 2516 2555; x_wconf 86' lang='lat' dir='ltr'>ac</span> 
     </span>
     <span class='ocr_line' id='line_1_23' title="bbox 590 2587 2515 2646; baseline 0 -12"><span class='ocrx_word' id='word_1_188' title='bbox 590 2591 822 2634; x_wconf 84' lang='lat' dir='ltr'>venerabili</span> <span class='ocrx_word' id='word_1_189' title='bbox 851 2591 895 2631; x_wconf 91' lang='lat' dir='ltr'>in</span> <span class='ocrx_word' id='word_1_190' title='bbox 928 2589 1101 2631; x_wconf 87' lang='lat' dir='ltr'>Christo</span> <span class='ocrx_word' id='word_1_191' title='bbox 1131 2589 1327 2644; x_wconf 79' lang='lat' dir='ltr'>patribus</span> <span class='ocrx_word' id='word_1_192' title='bbox 1363 2587 1551 2630; x_wconf 80' lang='lat' dir='ltr'>Patricio</span> <span class='ocrx_word' id='word_1_193' title='bbox 1589 2587 1924 2629; x_wconf 81' lang='lat' dir='ltr'>Sanctiandreae</span> <span class='ocrx_word' id='word_1_194' title='bbox 1960 2589 2280 2646; x_wconf 82' lang='lat' dir='ltr'>archiepiscopo</span> <span class='ocrx_word' id='word_1_195' title='bbox 2315 2590 2515 2634; x_wconf 86' lang='lat' dir='ltr'>Waltero</span> 
     </span>
     <span class='ocr_line' id='line_1_24' title="bbox 590 2661 2518 2724; baseline 0.001 -11"><span class='ocrx_word' id='word_1_196' title='bbox 590 2669 950 2713; x_wconf 83' lang='lat' dir='ltr'>commendatario</span> <span class='ocrx_word' id='word_1_197' title='bbox 971 2661 1189 2724; x_wconf 84' lang='lat' dir='ltr'>prioratus</span> <span class='ocrx_word' id='word_1_198' title='bbox 1219 2667 1271 2708; x_wconf 90' lang='lat' dir='ltr'>de</span> <span class='ocrx_word' id='word_1_199' title='bbox 1302 2666 1508 2722; x_wconf 87' lang='lat' dir='ltr'>Blantyre</span> <span class='ocrx_word' id='word_1_200' title='bbox 1531 2667 1685 2708; x_wconf 88' lang='lat' dir='ltr'>secreti</span> <span class='ocrx_word' id='word_1_201' title='bbox 1708 2667 1839 2723; x_wconf 82' lang='lat' dir='ltr'>sigilli</span> <span class='ocrx_word' id='word_1_202' title='bbox 1860 2668 2035 2710; x_wconf 84' lang='lat' dir='ltr'>custode</span> <span class='ocrx_word' id='word_1_203' title='bbox 2062 2669 2129 2710; x_wconf 88' lang='lat' dir='ltr'>his</span> <span class='ocrx_word' id='word_1_204' title='bbox 2159 2669 2442 2713; x_wconf 84' lang='lat' dir='ltr'>familiaribus</span> <span class='ocrx_word' id='word_1_205' title='bbox 2474 2676 2518 2714; x_wconf 89' lang='lat' dir='ltr'>et</span> 
     </span>
     <span class='ocr_line' id='line_1_25' title="bbox 592 2745 2513 2806; baseline 0.001 -16"><span class='ocrx_word' id='word_1_206' title='bbox 592 2748 846 2791; x_wconf 87' lang='lat' dir='ltr'>consiliariis</span> <span class='ocrx_word' id='word_1_207' title='bbox 866 2746 997 2802; x_wconf 85' lang='lat' dir='ltr'>regiis</span> <span class='ocrx_word' id='word_1_208' title='bbox 1018 2746 1188 2788; x_wconf 91' lang='lat' dir='ltr'>domino</span> <span class='ocrx_word' id='word_1_209' title='bbox 1206 2745 1234 2787; x_wconf 89' lang='lat' dir='ltr'><strong>J</strong></span> <span class='ocrx_word' id='word_1_210' title='bbox 1236 2760 1375 2788; x_wconf 82' lang='lat' dir='ltr'>oanne</span> <span class='ocrx_word' id='word_1_211' title='bbox 1398 2745 1615 2788; x_wconf 86' lang='lat' dir='ltr'>Maitland</span> <span class='ocrx_word' id='word_1_212' title='bbox 1635 2745 1688 2787; x_wconf 90' lang='lat' dir='ltr'>de</span> <span class='ocrx_word' id='word_1_213' title='bbox 1711 2745 1960 2788; x_wconf 86' lang='lat' dir='ltr'>Thirlstane</span> <span class='ocrx_word' id='word_1_214' title='bbox 1980 2746 2116 2789; x_wconf 86' lang='lat' dir='ltr'>milite</span> <span class='ocrx_word' id='word_1_215' title='bbox 2139 2750 2368 2790; x_wconf 82' lang='lat' dir='ltr'>secretario</span> <span class='ocrx_word' id='word_1_216' title='bbox 2395 2750 2513 2806; x_wconf 87' lang='lat' dir='ltr'>regio</span> 
     </span>
     <span class='ocr_line' id='line_1_26' title="bbox 595 2824 2518 2881; baseline 0.001 -13"><span class='ocrx_word' id='word_1_217' title='bbox 595 2827 841 2869; x_wconf 83' lang='lat' dir='ltr'>Alexandro</span> <span class='ocrx_word' id='word_1_218' title='bbox 882 2826 982 2881; x_wconf 86' lang='lat' dir='ltr'>Hay</span> <span class='ocrx_word' id='word_1_219' title='bbox 1022 2826 1074 2867; x_wconf 92' lang='lat' dir='ltr'>de</span> <span class='ocrx_word' id='word_1_220' title='bbox 1115 2825 1259 2867; x_wconf 86' lang='lat' dir='ltr'>Eister</span> <span class='ocrx_word' id='word_1_221' title='bbox 1309 2825 1486 2866; x_wconf 86' lang='lat' dir='ltr'>Kennet</span> <span class='ocrx_word' id='word_1_222' title='bbox 1534 2824 1775 2866; x_wconf 90' lang='lat' dir='ltr'>rotulorum</span> <span class='ocrx_word' id='word_1_223' title='bbox 1823 2825 1998 2880; x_wconf 87' lang='lat' dir='ltr'>registri</span> <span class='ocrx_word' id='word_1_224' title='bbox 2048 2839 2098 2867; x_wconf 85' lang='lat' dir='ltr'>ac</span> <span class='ocrx_word' id='word_1_225' title='bbox 2148 2827 2314 2868; x_wconf 90' lang='lat' dir='ltr'>concilii</span> <span class='ocrx_word' id='word_1_226' title='bbox 2365 2828 2518 2870; x_wconf 88' lang='lat' dir='ltr'>clerico</span> 
     </span>
     <span class='ocr_line' id='line_1_27' title="bbox 596 2902 2523 2958; baseline 0.001 -11"><span class='ocrx_word' id='word_1_227' title='bbox 596 2906 812 2948; x_wconf 90' lang='lat' dir='ltr'>Lodouico</span> <span class='ocrx_word' id='word_1_228' title='bbox 845 2905 1078 2946; x_wconf 90' lang='lat' dir='ltr'>Bellenden</span> <span class='ocrx_word' id='word_1_229' title='bbox 1108 2905 1160 2945; x_wconf 90' lang='lat' dir='ltr'>de</span> <span class='ocrx_word' id='word_1_230' title='bbox 1188 2903 1442 2946; x_wconf 89' lang='lat' dir='ltr'>Auchnoule</span> <span class='ocrx_word' id='word_1_231' title='bbox 1471 2903 1608 2945; x_wconf 87' lang='lat' dir='ltr'>milite</span> <span class='ocrx_word' id='word_1_232' title='bbox 1634 2902 1900 2958; x_wconf 82' lang='lat' dir='ltr'>justiciariae</span> <span class='ocrx_word' id='word_1_233' title='bbox 1931 2903 2084 2945; x_wconf 83' lang='lat' dir='ltr'>clerico</span> <span class='ocrx_word' id='word_1_234' title='bbox 2115 2909 2160 2946; x_wconf 91' lang='lat' dir='ltr'>et</span> <span class='ocrx_word' id='word_1_235' title='bbox 2188 2903 2378 2948; x_wconf 88' lang='lat' dir='ltr'>Roberto</span> <span class='ocrx_word' id='word_1_236' title='bbox 2401 2906 2523 2949; x_wconf 84' lang='lat' dir='ltr'>Scott</span> 
     </span>
     <span class='ocr_line' id='line_1_28' title="bbox 597 2981 2091 3038; baseline -0.002 -11"><span class='ocrx_word' id='word_1_237' title='bbox 597 2984 876 3027; x_wconf 85' lang='lat' dir='ltr'>cancellariae</span> <span class='ocrx_word' id='word_1_238' title='bbox 896 2983 1105 3025; x_wconf 89' lang='lat' dir='ltr'>directore</span> <span class='ocrx_word' id='word_1_239' title='bbox 1127 2983 1240 3038; x_wconf 88' lang='lat' dir='ltr'>apud</span> <span class='ocrx_word' id='word_1_240' title='bbox 1262 2982 1613 3025; x_wconf 87' lang='lat' dir='ltr'>Halierudehous</span> <span class='ocrx_word' id='word_1_241' title='bbox 1648 3012 1657 3022; x_wconf 85' lang='lat'><strong>.</strong></span> <span class='ocrx_word' id='word_1_242' title='bbox 1693 2984 1743 3022; x_wconf 86' lang='lat'>10</span> <span class='ocrx_word' id='word_1_243' title='bbox 1767 2981 1919 3023; x_wconf 89' lang='lat' dir='ltr'>Martii</span> <span class='ocrx_word' id='word_1_244' title='bbox 1944 2981 2049 3024; x_wconf 84' lang='lat'>1584</span> <span class='ocrx_word' id='word_1_245' title='bbox 2082 3014 2091 3024; x_wconf 91' lang='lat'><strong>.</strong></span> 
     </span>
    </p>
   </div>
   <div class='ocr_carea' id='block_1_4' title="bbox 599 3151 2088 3210">
    <p class='ocr_par' dir='ltr' id='par_1_13' title="bbox 599 3151 2088 3210">
     <span class='ocr_line' id='line_1_29' title="bbox 599 3151 2088 3210; baseline -0.003 -12"><span class='ocrx_word' id='word_1_246' title='bbox 599 3156 732 3198; x_wconf 85' lang='lat' dir='ltr'>Carta</span> <span class='ocrx_word' id='word_1_247' title='bbox 752 3154 1086 3197; x_wconf 85' lang='lat' dir='ltr'>confirmationis</span> <span class='ocrx_word' id='word_1_248' title='bbox 1108 3154 1282 3210; x_wconf 84' lang='lat' dir='ltr'>Georgii</span> <span class='ocrx_word' id='word_1_249' title='bbox 1302 3154 1529 3196; x_wconf 83' lang='lat' dir='ltr'>Wischart</span> <span class='ocrx_word' id='word_1_250' title='bbox 1549 3152 1732 3195; x_wconf 89' lang='lat' dir='ltr'>senioris</span> <span class='ocrx_word' id='word_1_251' title='bbox 1752 3152 1804 3193; x_wconf 92' lang='lat' dir='ltr'>de</span> <span class='ocrx_word' id='word_1_252' title='bbox 1825 3151 2045 3207; x_wconf 88' lang='lat' dir='ltr'>Drymmie</span> <span class='ocrx_word' id='word_1_253' title='bbox 2077 3183 2088 3193; x_wconf 89' lang='lat'>.</span> 
     </span>
    </p>
   </div>
   <div class='ocr_carea' id='block_1_5' title="bbox 328 3290 2522 3431">
    <p class='ocr_par' dir='ltr' id='par_1_14' title="bbox 328 3290 2522 3431">
     <span class='ocr_line' id='line_1_30' title="bbox 328 3290 2519 3356; baseline -0 -14"><span class='ocrx_word' id='word_1_254' title='bbox 328 3298 576 3342; x_wconf 85' lang='lat' dir='ltr'>CCXLIV.</span> <span class='ocrx_word' id='word_1_255' title='bbox 600 3290 637 3344; x_wconf 85' lang='lat' dir='ltr'>J</span> <span class='ocrx_word' id='word_1_256' title='bbox 641 3302 799 3344; x_wconf 85' lang='lat' dir='ltr'>acobus</span> <span class='ocrx_word' id='word_1_257' title='bbox 821 3299 901 3341; x_wconf 83' lang='lat' dir='ltr'>Dei</span> <span class='ocrx_word' id='word_1_258' title='bbox 923 3300 1065 3356; x_wconf 82' lang='lat' dir='ltr'>gratia</span> <span class='ocrx_word' id='word_1_259' title='bbox 1086 3301 1178 3342; x_wconf 85' lang='lat' dir='ltr'>Rex</span> <span class='ocrx_word' id='word_1_260' title='bbox 1202 3300 1426 3343; x_wconf 87' lang='lat' dir='ltr'>Scotorum</span> <span class='ocrx_word' id='word_1_261' title='bbox 1450 3299 1658 3341; x_wconf 89' lang='lat' dir='ltr'>Omnibus</span> <span class='ocrx_word' id='word_1_262' title='bbox 1692 3330 1701 3338; x_wconf 87' lang='lat'><strong>.</strong></span> <span class='ocrx_word' id='word_1_263' title='bbox 1732 3330 1741 3339; x_wconf 92' lang='lat'><strong>.</strong></span> <span class='ocrx_word' id='word_1_264' title='bbox 1774 3330 1783 3339; x_wconf 92' lang='lat'>.</span> <span class='ocrx_word' id='word_1_265' title='bbox 1819 3297 2010 3340; x_wconf 89' lang='lat' dir='ltr'>Salutem</span> <span class='ocrx_word' id='word_1_266' title='bbox 2031 3297 2186 3339; x_wconf 81' lang='lat' dir='ltr'>Sciatis</span> <span class='ocrx_word' id='word_1_267' title='bbox 2207 3312 2285 3340; x_wconf 90' lang='lat' dir='ltr'>nos</span> <span class='ocrx_word' id='word_1_268' title='bbox 2307 3300 2519 3354; x_wconf 81' lang='lat' dir='ltr'>quandam</span> 
     </span>
     <span class='ocr_line' id='line_1_31' title="bbox 603 3375 2522 3431; baseline -0.002 -8"><span class='ocrx_word' id='word_1_269' title='bbox 603 3384 764 3423; x_wconf 84' lang='lat' dir='ltr'>cartam</span> <span class='ocrx_word' id='word_1_270' title='bbox 797 3379 1021 3421; x_wconf 81' lang='lat' dir='ltr'>locationis</span> <span class='ocrx_word' id='word_1_271' title='bbox 1053 3410 1062 3420; x_wconf 89' lang='lat'><strong>.</strong></span> <span class='ocrx_word' id='word_1_272' title='bbox 1138 3411 1146 3419; x_wconf 96' lang='lat'>.</span> <span class='ocrx_word' id='word_1_273' title='bbox 1178 3379 1230 3419; x_wconf 90' lang='lat' dir='ltr'>de</span> <span class='ocrx_word' id='word_1_274' title='bbox 1261 3379 1462 3421; x_wconf 83' lang='lat' dir='ltr'>mandato</span> <span class='ocrx_word' id='word_1_275' title='bbox 1493 3381 1642 3420; x_wconf 82' lang='lat' dir='ltr'>nostro</span> <span class='ocrx_word' id='word_1_276' title='bbox 1673 3377 1809 3418; x_wconf 85' lang='lat' dir='ltr'>visam</span> <span class='ocrx_word' id='word_1_277' title='bbox 1841 3407 1850 3418; x_wconf 91' lang='lat'>.</span> <span class='ocrx_word' id='word_1_278' title='bbox 1886 3407 1894 3416; x_wconf 92' lang='lat'>.</span> <span class='ocrx_word' id='word_1_279' title='bbox 1929 3407 1938 3417; x_wconf 90' lang='lat'>.</span> <span class='ocrx_word' id='word_1_280' title='bbox 1969 3376 2022 3418; x_wconf 85' lang='lat' dir='ltr'>ad</span> <span class='ocrx_word' id='word_1_281' title='bbox 2050 3375 2223 3431; x_wconf 88' lang='lat' dir='ltr'>plenum</span> <span class='ocrx_word' id='word_1_282' title='bbox 2255 3377 2522 3420; x_wconf 81' lang='lat' dir='ltr'>intellexisse</span> 
     </span>
    </p>
   </div>
  </div>
 </body>
</html>
