3016 3958
137 2763 486 2808 CCCCXXXV.

994 582 1437 639 'LITERAE
1501 582 1964 641 PAPALES.
2341 590 2452 645 413

506 777 699 820 presens,
715 775 797 806 nos
829 792 840 802 .
872 794 881 804 .
916 792 926 803 .
957 766 1002 806 te
1034 794 1044 805 .
1078 795 1088 805 .
1122 792 1134 805 .
1163 763 1218 806 ab
1234 762 1435 806 omnibus
1469 794 1478 805 .
1509 795 1518 806 .
1552 796 1562 806 .
1594 763 1898 807 ecclesiasticis
1915 763 2146 808 sententiis
2165 765 2361 809 censuris
2381 766 2452 808 vel

506 844 657 898 poenis
687 874 697 886 .
728 874 742 887 .
776 874 785 885 .
817 842 974 898 quibus
993 841 1142 885 forsan
1161 841 1327 899 ligatus
1347 842 1499 887 existis
1532 874 1543 885 .
1578 874 1589 887 .
1621 875 1631 886 .
1662 842 1911 887 absolutum
1931 843 2026 887 fore
2045 847 2288 896 censentes,
2310 845 2450 887 archi-

505 923 779 965 diaconatum
799 921 1038 979 predictum
1070 921 1195 977 cujus
1215 921 1384 965 fructus
1417 953 1427 964 .
1459 955 1471 964 .
1502 954 1513 966 .
1544 921 1701 980 viginti
1729 922 1864 966 trium
1892 922 2103 966 librarum
2135 922 2451 980 Sterlingorum

506 1002 742 1044 secundum
776 1014 1048 1045 communem
1080 1001 1405 1045 extimationem
1439 1001 1634 1046 valorem
1672 1015 1866 1044 annuum
1902 1005 1954 1046 ut
1991 1002 2124 1046 etiam
2163 1003 2325 1046 asseris
2364 1018 2451 1047 non

506 1082 720 1125 excedunt
750 1114 759 1124 .
795 1112 806 1125 .
838 1113 847 1124 .
879 1095 976 1124 cum
1011 1080 1211 1124 omnibus
1242 1114 1252 1123 .
1286 1113 1295 1123 .
1328 1112 1338 1124 .
1370 1081 1648 1138 pertinentiis
1682 1081 1774 1125 suis
1808 1112 1818 1124 .
1855 1112 1866 1125 .
1900 1114 1909 1124 .
1942 1082 2022 1126 tibi
2056 1113 2066 1124 .
2100 1113 2111 1125 .
2143 1114 2152 1125 .
2187 1083 2448 1126 conferimus

552 1192 563 1203 .
594 1191 606 1204 .
636 1161 895 1204 mandantes
930 1160 1213 1203 nihilominus
1249 1160 1487 1205 venerabili
1520 1160 1649 1205 fratri
1686 1163 1839 1205 nostro
1874 1161 2091 1219 Episcopo
2124 1162 2448 1206 Aberdonensis

507 1245 552 1285 et
571 1240 740 1284 dilectis
766 1240 869 1283 filiis
889 1239 1067 1283 Decano
1088 1238 1411 1284 Dunkeldensis
1431 1253 1483 1284 ac
1502 1239 1819 1284 Archidiacono
1849 1240 1903 1284 de
1932 1241 2123 1298 Viscaya
2153 1241 2450 1299 Calaguniane

507 1320 785 1364 ecclesiarum
818 1349 830 1362 .
864 1351 874 1362 .
905 1351 914 1361 .
947 1319 1153 1376 quatinus
1183 1319 1268 1376 ipsi
1298 1351 1308 1362 .
1342 1350 1353 1361 .
1387 1355 1396 1364 .
1427 1322 1473 1362 te
1502 1318 1573 1363 vel
1602 1322 1928 1376 procuratorem
1957 1323 2082 1364 tuum
2111 1321 2284 1364 nomine
2308 1325 2385 1364 tuo
2406 1321 2452 1362 in

507 1399 775 1457 corporalem
811 1399 1133 1456 possessionem
1173 1398 1553 1442 archidiaconatus
1587 1399 1838 1455 juriumque
1878 1403 1923 1442 et
1962 1399 2320 1456 pertinentiarum
2356 1414 2454 1456 pre-

506 1481 720 1523 dictorum
739 1479 948 1522 inducant
979 1508 991 1520 .
1023 1509 1033 1519 .
1066 1508 1078 1520 .
1108 1477 1321 1521 facientes
1350 1482 1394 1521 te
1423 1477 1495 1521 vel
1524 1477 1688 1521 dictum
1718 1481 2044 1535 procuratorem
2064 1492 2143 1535 pro
2164 1482 2208 1522 te
2228 1479 2284 1522 ad
2313 1480 2454 1522 archi-

507 1560 783 1602 diaconatum
818 1557 1069 1614 hujusmodi
1102 1562 1154 1601 ut
1188 1565 1257 1600 est
1290 1557 1426 1601 moris
1460 1557 1648 1609 admitti,
1680 1557 1846 1614 tibique
1876 1558 1930 1601 de
1959 1557 2079 1601 illius
2108 1558 2322 1602 fructibus
2355 1589 2366 1600 .
2398 1592 2407 1601 .
2442 1591 2451 1599 .

507 1638 722 1681 universis
756 1638 926 1695 integre
960 1636 1213 1694 responderi
1244 1668 1254 1680 .
1290 1667 1299 1679 .
1331 1668 1340 1679 .
1371 1639 1451 1680 aut
1485 1636 1523 1679 si
1557 1650 1738 1693 presens
1774 1652 1863 1680 non
1902 1637 2038 1681 fueris
2077 1637 2131 1681 ad
2171 1638 2454 1694 prestandum

507 1719 560 1762 de
581 1718 864 1762 observandis
890 1717 1070 1761 statutis
1100 1721 1146 1760 et
1175 1715 1561 1759 consuetudinibus
1591 1716 1706 1760 dicte
1735 1716 1915 1760 ecclesie
1937 1716 2114 1760 solitum
2138 1717 2450 1773 juramentum,

507 1798 738 1841 dummodo
774 1798 819 1840 in
851 1797 1050 1841 absentia
1083 1799 1162 1840 tua
1196 1809 1275 1852 per
1306 1798 1630 1852 procuratorem
1665 1795 1879 1851 ydoneum
1914 1799 1960 1840 et
1994 1809 2092 1839 cum
2132 1797 2188 1839 ad
2228 1796 2453 1840 ecclesiam

508 1880 649 1934 ipsam
680 1878 918 1921 accesseris
949 1875 1239 1932 personaliter
1270 1874 1379 1917 illud
1399 1878 1583 1931 prestes,
1620 1888 1697 1917 seu
1730 1875 1845 1931 quod
1874 1878 1926 1918 ut
1955 1875 2155 1919 similiter
2174 1876 2336 1919 asseris
2355 1890 2454 1932 par-

508 1957 744 2000 rochialem
781 1956 1010 2000 ecclesiam
1050 1955 1102 1997 de
1145 1954 1327 1997 Foreste
1369 1967 1420 1997 ac
1456 1954 1758 1999 canonicatum
1797 1958 1843 1998 et
1881 1954 2143 2010 prebendam
2183 1955 2362 1998 ecclesie
2401 1957 2454 1998 de

510 2038 705 2080 Dombar
739 2036 791 2079 de
827 2035 1016 2079 Pekokis
1053 2037 1348 2091 nuncupatam
1389 2033 1682 2090 Glasguensis
1721 2037 1767 2077 et
1804 2033 1953 2077 Sancti
1987 2034 2160 2079 Andree
2201 2035 2450 2086 diocesium,

510 2131 691 2173 quorum
714 2116 904 2169 omnium
924 2114 1093 2158 fructus
1125 2146 1135 2156 .
1168 2146 1177 2157 .
1214 2145 1222 2155 .
1254 2113 1570 2170 quinquaginta
1598 2113 1728 2156 unius
1758 2112 1967 2156 librarum
1992 2113 2198 2156 similium
2218 2115 2453 2158 secundum

511 2195 838 2240 extimationem
884 2194 1124 2250 predictam
1172 2193 1365 2236 valorem
1407 2206 1598 2235 annuum
1637 2206 1725 2235 non
1765 2192 1990 2243 excedunt,
2039 2193 2209 2236 obtines
2243 2226 2253 2235 .
2291 2193 2454 2237 Datum

511 2275 692 2326 Pientie‚
716 2288 828 2319 anno
852 2278 931 2317 etc.
958 2274 1084 2322 1462,
1106 2277 1261 2328 quarto
1286 2271 1390 2315 Idus
1411 2271 1616 2328 Augusti,
1638 2271 1923 2316 Pontificatus
1943 2272 2082 2316 nostri
2103 2286 2217 2317 anno
2240 2272 2320 2316 IV.

513 2518 540 2560 J
544 2516 704 2561 ohanni
730 2515 910 2558 Balfour
940 2514 1140 2571 episcopo
1173 2498 1454 2555 Brechinensi
1474 2514 1524 2554 ut
1543 2509 1769 2553 ecclesiam
1789 2510 1841 2552 de
1864 2508 2062 2553 Conveth
2091 2511 2251 2554 habeat
2269 2512 2314 2554 in
2336 2525 2450 2555 com-

627 2595 827 2639 mendam
858 2593 1072 2637 indultum
1104 2598 1172 2636 est
1204 2625 1213 2634 .

512 2748 689 2803 Paulus
720 2756 780 2799 ΙΙ.
813 2759 892 2798 etc.
927 2785 938 2796 .
971 2785 981 2795 .
1016 2786 1025 2795 .
1057 2753 1212 2797 dilecto
1242 2752 1332 2795 filio
1364 2751 1554 2795 Johanni
1575 2750 1755 2793 Balfour
1785 2750 1922 2793 electo
1948 2749 2231 2792 Brechinensi
2255 2750 2447 2794 Salutem

513 2843 593 2883 etc.
625 2869 636 2883 .
669 2867 680 2879 .
714 2869 722 2879 .
753 2849 983 2893 personam
1014 2838 1135 2876 tuam
1165 2833 1290 2876 nobis
1321 2836 1366 2875 et
1395 2831 1645 2888 Apostolice
1685 2829 1787 2874 Sedi
1817 2830 2017 2873 devotam
2052 2829 2141 2872 tuis
2176 2830 2449 2888 exigentibus

513 2917 680 2962 meritis
715 2921 900 2973 paterna
934 2912 1238 2956 benevolentia.
1275 2914 1586 2967 prosequentes
1619 2941 1628 2952 .
1661 2942 1670 2952 .
1706 2942 1714 2951 .
1744 2922 1883 2965 nuper
1923 2908 2133 2964 siquidem
2173 2909 2226 2951 de
2264 2924 2450 2966 persona

510 3003 589 3042 tua
629 2996 807 3040 ecclesie
847 2993 1153 3037 Brechinensis
1191 2996 1297 3035 tunc
1336 2990 1526 3047 pastoris
1571 2988 1726 3032 solatio
1765 2988 1988 3038 destitute,
2029 2992 2074 3031 et
2122 2987 2449 3032 Venerabilium

510 3080 696 3122 fratrum
721 3079 972 3119 nostrorum
996 3073 1153 3116 Sancte
1175 3071 1370 3114 Romane
1391 3069 1585 3112 Ecclesie
1618 3066 1914 3111 Cardinalium
1942 3066 2136 3118 consilio,
2166 3069 2447 3124 providimus,

510 3155 769 3214 preficiendo
799 3159 843 3198 te
873 3153 938 3195 illi
967 3153 1013 3195 in
1048 3151 1310 3208 Episcopum
1342 3153 1386 3192 et
1415 3148 1657 3197 Pastorem,
1688 3160 1920 3202 curamque
1953 3150 1998 3189 et
2029 3146 2448 3191 administrationem

510 3238 622 3280 dicte
655 3235 833 3279 ecclesie
864 3233 941 3278 tibi
971 3233 1018 3275 in
1049 3229 1345 3288 spiritualibus
1375 3231 1420 3271 et
1450 3226 1760 3283 temporalibus
1790 3225 1984 3282 plenarie
2014 3226 2319 3269 committendo
2352 3260 2361 3268 .
2395 3261 2404 3269 .
2438 3261 2445 3269 .

511 3316 608 3360 Nos
628 3316 775 3371 itaque
795 3314 889 3363 tibi,
911 3312 985 3369 qui
1006 3315 1057 3355 ut
1085 3295 1329 3366 accepimus
1361 3305 1622 3364 [ecclesiam]
1654 3305 1967 3362 parrochialem
1998 3306 2050 3348 de
2076 3304 2273 3349 Conveth
2299 3306 2447 3349 Sancti
