3016 3958
371 1171 477 1218 XL.

1055 623 1348 680 CARTAE
1393 622 1893 680 ORIGINALES.
2378 618 2451 676 75

502 899 894 964 Transsumptum
919 903 986 950 dev
1003 903 1343 953 Declaratione
1369 906 1427 952 de
1451 904 1485 951 J
1488 904 1652 953 uribus
1675 908 1724 952 et
1750 901 2076 959 Qualitatibus
2099 899 2442 947 Beneficiorum

502 988 550 1034 in
577 988 797 1064 Ecclesia
821 990 1099 1040 Cathedrali
1125 993 1435 1043 Brechinensi
1475 1021 1483 1030 ·

511 1132 590 1214 In
634 1167 728 1216 Dei
768 1169 958 1217 nomine
999 1170 1154 1218 Amen
1193 1199 1204 1208 ·
1242 1171 1491 1222 Uniuersis
1531 1175 1582 1220 et
1623 1170 1818 1234 singulis
1852 1170 1942 1218 hoc
1978 1183 2172 1233 presens
2209 1166 2443 1231 publicum

502 1257 879 1306 Instrumentum
914 1259 1200 1323 inspecturis
1232 1260 1267 1308 J
1271 1261 1483 1310 ohannes
1517 1260 1823 1309 miseratione
1849 1259 2013 1306 diuina
2037 1258 2305 1321 Episcopus
2330 1257 2445 1303 Bre-

501 1345 740 1395 chinensis
766 1345 979 1395 Salutem
1004 1348 1053 1396 in
1078 1349 1287 1398 Domino
1325 1378 1336 1398 ·.
1374 1349 1618 1398 Noueritis
1641 1350 1768 1413 quod
1791 1347 2074 1397 venerabilis
2106 1347 2180 1395 -vir
2216 1345 2448 1409 Magister

502 1435 664 1483 Dauid
712 1436 770 1483 de
819 1436 1069 1486 Crannoch
1118 1438 1442 1487 Cancellarius
1490 1437 1707 1487 Ecclesie
1755 1436 2057 1486 Cathedralis
2073 1458 2091 1473 ⁴-
2115 1435 2449 1484 Brechinensis

502 1525 730 1587 quasdam
771 1524 936 1575 literas
976 1526 1025 1574 in
1065 1543 1350 1591 pergameno
1390 1531 1613 1592 patentes
1648 1526 1815 1590 sigillis
1849 1526 2165 1591 pendentibus
2200 1524 2448 1573 reuerendi

502 1613 548 1660 in
576 1613 769 1662 Christo
805 1614 958 1678 patris
993 1619 1042 1664 et
1077 1617 1256 1665 domini
1281 1617 1460 1666 domini
1486 1617 1686 1665 Patricii
1708 1620 1824 1664 tunc
1862 1617 2090 1681 Episcopi
2114 1614 2450 1663 Brechinensis

502 1702 551 1749 in
574 1718 687 1751 cera
710 1703 857 1752 rubea
880 1704 987 1753 albe
1011 1705 1243 1770 impressa
1280 1710 1331 1755 et
1369 1707 1581 1770 eiusdem
1616 1705 1709 1755 loci
1739 1705 1937 1769 capituli
1975 1706 2036 1752 in·
2062 1721 2172 1752 cera
2194 1703 2304 1753 alba
2327 1702 2452 1766 sigil-

502 1792 627 1841 latas
650 1809 848 1856 quarum
872 1793 1118 1844 literarum
1141 1800 1289 1844 tenor·
1306 1796 1503 1844 inferius
1538 1800 1612 1845 est
1647 1796 1855 1844 insertus
1872 1858 1875 1862 Δ
1890 1810 2050 1842 coram
2074 1795 2211 1842 nobis
2234 1793 2450 1841 exhibuit

503 1885 553 1929 et
577 1882 867 1932 iudicialiter
891 1885 1186 1948 presentauit
1211 1901 1268 1934 ac
1282 1885 1519 1949 produxit
1544 1889 1714 1949 petens
1737 1884 1980 1933 humiliter
2002 1901 2032 1932 a
2055 1884 2192 1932 nobis
2217 1887 2268 1931 ut
2292 1883 2452 1930 huius—

503 1971 631 2018 modi
667 1971 834 2022 literas
869 1989 931 2021 ex
966 1975 1226 2023 autoritate
1251 1979 1416 2024 nostra
1438 1975 1695 2024 transsumi
1730 1978 1780 2023 et
1816 1973 2076 2038 exemplari
2102 1974 2327 2021 mandare
2352 1973 2451 2034 dig-

504 2076 726 2108 naremur
748 2063 809 2110 ad
833 2063 1042 2113 futuram
1078 2064 1148 2112 rei
1183 2065 1458 2113 memoriam
1482 2065 1554 2113 ita
1588 2069 1638 2113 et
1672 2063 1839 2112 taliter
1861 2064 1987 2127 quod
2011 2063 2102 2127 ipsi
2125 2066 2450 2124 transsumpto

505 2150 656 2212 possit
697 2155 747 2199 et
790 2152 963 2200 debeat
1004 2153 1179 2217 ubique
1219 2153 1431 2202 locorum
1471 2158 1571 2202 tam
1614 2154 1663 2201 in
1698 2154 1875 2202 iudicio
1896 2169 2053 2218 ¹quam
2078 2157 2218 2201 extra
2241 2151 2453 2215 plenaria

505 2239 622 2288 fides
645 2240 860 2288 adhiberi
882 2242 1007 2291 sicut
1032 2243 1175 2292 dictis
1197 2242 1351 2292 literis
1375 2243 1415 2292 si
1440 2247 1491 2291 et
1515 2259 1619 2291 cum
1646 2243 1695 2290 in
1718 2243 1871 2291 forma
1894 2241 2111 2306 originali
2142 2242 2455 2305 produceren-

505 2332 585 2375 tur
610 2328 750 2376 Vnde
787 2346 874 2379 nos
907 2331 941 2377 J
945 2331 1156 2380 ohannes
1192 2331 1460 2395 Episcopus
1494 2332 1709 2396 prefatus
1732 2332 1998 2380 huiusmodi
2023 2331 2245 2395 petitioni
2269 2331 2455 2377 fauora-

506 2416 668 2466 biliter
703 2423 969 2468 annuentes
1007 2419 1314 2484 volentesque
1351 2422 1400 2468 in
1436 2421 1704 2470 huiusmodi
1740 2421 1931 2483 negotio
1965 2407 2057 2468 rite
2091 2419 2347 2483 procedere
2371 2432 2454 2465 vo-

508 2506 630 2554 eatis
670 2507 800 2570 prius
841 2509 1060 2557 omnibus
1101 2513 1151 2557 et
1191 2509 1388 2572 singulis
1428 2526 1517 2558 sua
1552 2510 1868 2558 communiter
1901 2509 1976 2557 vel
2010 2508 2201 2556 diuisim
2226 2509 2453 2555 interesse

508 2596 786 2658 putantibus
811 2601 861 2645 et
886 2613 1005 2661 quos
1029 2598 1380 2662 infrascriptum
1404 2602 1574 2662 tangat
1607 2598 1845 2661 negotium
1870 2614 1958 2662 per
1979 2597 2186 2646 edictum
2213 2595 2453 2660 publicum

509 2685 557 2731 in
582 2684 732 2734 valuis
758 2685 974 2735 Ecclesie
1001 2686 1307 2736 Cathedralis
1329 2688 1666 2736 Brechinensis
1685 2687 1877 2751 publice
1900 2688 2095 2735 affixum
2132 2691 2181 2734 et
2217 2702 2365 2749 usque
2389 2687 2451 2732 ad

509 2774 780 2822 vicesimam
821 2775 1020 2838 primam
1063 2775 1188 2824 diem
1232 2776 1442 2824 eiusdem
1485 2777 1660 2825 mensis
1694 2777 1755 2824 ad
1792 2776 2047 2823 uidendum
2074 2780 2141 2823 -et
2168 2775 2451 2823 audiendum

510 2864 721 2927 prefatas
743 2863 909 2912 literas
943 2881 1028 2928 per
1062 2881 1149 2913 nos
1182 2866 1216 2912 J
1221 2866 1455 2912 ohannem
1481 2865 1771 2929 Episcopum
1807 2865 2073 2928 predictum
2097 2864 2311 2932 mandari
2334 2864 2452 2926 judi-

511 2953 698 3001 cialiter
736 2955 991 3002 transsumi
1033 2958 1082 3003 et
1124 2954 1385 3018 exemplari
1426 2970 1483 3002 ac
1524 2955 1573 3001 in
1613 2953 1850 3017 publicam
1899 2953 2208 3016 transsumpti
2255 2953 2451 3000 formam

512 3042 661 3104 redigi
699 3043 761 3090 ad
801 3043 1011 3091 futuram
1054 3044 1122 3091 rei
1147 3044 1420 3091 memoriam
1458 3042 1534 3091 uel
1568 3044 1631 3090 ad
1665 3042 1961 3105 allegandam
1990 3042 2164 3090 iustam
2190 3056 2380 3090 causam
2407 3045 2455 3088 et

512 3130 841 3178 rationabilem
878 3147 1023 3194 quare
1058 3148 1152 3180 non
1189 3133 1416 3180 deberent
1452 3131 1708 3180 transsumi
1748 3160 1757 3167 -
1795 3131 1902 3186 Qua
1925 3131 2002 3178 die
2024 3130 2209 3179 scilicet
2234 3130 2455 3178 vicesima

512 3219 664 3282 prima
700 3220 983 3268 adueniente
1021 3225 1070 3269 et
1104 3221 1290 3268 nemine
1326 3220 1562 3283 allegante
1598 3236 1789 3268 causam
1826 3219 2154 3269 rationabilem
2180 3235 2334 3282 -quare
2359 3235 2452 3267 non

513 3308 738 3356 deberent
763 3310 1020 3358 transsumi
1055 3310 1208 3358 dictas
1244 3309 1408 3358 literas
1443 3309 1616 3372 prefati
1655 3308 1903 3356 reuerendi
1941 3309 2095 3371 patris
2127 3312 2177 3356 et
2214 3309 2450 3356 communi
