3016 3958
256 1071 492 1113 CCXXII.

226 1635 489 1679 CCXXIII.

240 2279 494 2322 CCXXIV.

1122 652 1229 708 DE
1284 655 1887 712 ABERBROTHOC.
2364 657 2470 715 271

517 922 806 966 Confirmacio
829 923 1035 980 Hugonis
1056 925 1247 982 episcopi
1269 926 1576 970 Brechinensis
1596 927 1649 969 de
1670 927 1786 970 dicto
1807 926 1919 970 tofto
1951 959 1960 968 .

518 1059 736 1115 Testibus
769 1072 996 1116 Willelmo
1031 1073 1085 1116 de
1119 1074 1260 1117 Bosco
1293 1074 1559 1118 cancellario
1591 1075 1754 1118 domini
1774 1074 1908 1132 regis,
1936 1074 2152 1131 Gregorio
2173 1075 2475 1118 archidiacono

517 1156 683 1205 nostro,
718 1153 966 1210 Mallebryd
995 1154 1141 1210 priore
1172 1155 1466 1198 Keledeorum
1496 1159 1763 1206 nostrorum,
1784 1154 1997 1212 magistro
2031 1154 2217 1211 Symone
2239 1155 2292 1198 de
2315 1154 2475 1198 Sancto

516 1234 708 1285 Andrea,
737 1234 988 1277 Alexandro
1010 1235 1063 1277 de
1102 1234 1302 1287 Mohaut‚
1334 1235 1542 1286 Roberto,
1563 1235 1711 1286 Petro,
1733 1234 1972 1292 capellanis
2001 1235 2178 1286 nostris,
2212 1238 2257 1278 et
2287 1235 2477 1292 capitulo

515 1318 670 1358 nostro
704 1346 715 1357 .
747 1315 801 1372 (c.
827 1316 977 1371 1218.)

517 1489 800 1533 Confirmatio
825 1488 1024 1547 Gregorii
1047 1490 1239 1546 episcopi
1261 1489 1570 1532 Brechinensis
1591 1489 1644 1531 de
1665 1489 1782 1532 dicto
1803 1489 1916 1532 tofto
1946 1520 1957 1530 .

517 1625 737 1682 Testibus
757 1639 932 1682 domino
964 1639 1109 1682 Bricio
1140 1639 1342 1696 episcopo
1369 1637 1656 1690 Morauiensi‚
1680 1637 1854 1680 domino
1875 1636 2103 1680 Willelmo
2133 1637 2186 1679 de
2218 1636 2358 1680 Bosco
2380 1651 2479 1680 can-

517 1719 707 1770 cellario,
730 1718 976 1777 Mallebryd
996 1720 1142 1777 priore
1164 1719 1459 1762 Keledeorum
1490 1722 1742 1762 nostrorum
1774 1750 1783 1760 .
1815 1717 2033 1774 Magistro
2056 1717 2249 1761 Henrico
2279 1718 2331 1760 de
2362 1717 2478 1761 Nor-

515 1800 617 1842 bam
637 1799 811 1843 officiali
831 1803 998 1851 nostro,
1021 1800 1325 1857 Fertheskyno
1349 1798 1644 1843 Morauiensis
1665 1798 1845 1842 ecclesie
1861 1798 2038 1849 decano,
2054 1798 2266 1854 magistro
2282 1798 2475 1841 Henrico

518 1885 563 1923 et
582 1880 774 1938 Hugone
794 1881 848 1923 de
870 1880 1097 1938 Duueglas
1118 1880 1287 1923 clericis
1307 1880 1469 1923 domini
1502 1879 1692 1936 episcopi
1723 1877 2029 1929 Morauiensis‚
2050 1878 2261 1935 magistro
2283 1878 2475 1920 Henrico

517 1962 570 2004 de
591 1960 787 2012 Monros,
809 1965 854 2005 et
873 1961 1115 2012 Willelmo‚
1132 1960 1371 2017 capellanis
1391 1960 1556 2003 nostris
1587 1992 1596 2002 .
1631 1958 1765 2014 (A.D.
1792 1958 2014 2014 1218722.)

522 2136 732 2179 Vendicio
754 2140 869 2179 terre
891 2137 944 2178 de
967 2135 1227 2178 Drumsleed
1249 2135 1368 2177 facta
1390 2134 1600 2190 Gregorio
1622 2133 1825 2190 episcopo
1847 2133 2143 2189 Brechynensi
2176 2165 2185 2174 .

519 2270 744 2326 Omnibus
766 2283 932 2326 Christi
951 2283 1153 2326 fidelibus
1185 2283 1268 2326 hoc
1302 2282 1512 2340 scriptum
1542 2281 1703 2324 visuris
1735 2280 1806 2323 vel
1838 2280 2054 2323 audituris
2090 2279 2338 2336 Stephanus
2358 2279 2475 2322 filius

522 2364 733 2420 Stephani
769 2364 822 2406 de
859 2362 1184 2419 Kinnardesley
1215 2362 1404 2406 salutem
1438 2362 1484 2403 in
1520 2360 1709 2403 Domino
1742 2391 1753 2402 .
1789 2360 1938 2403 Sciant
1967 2364 2059 2403 tam
2088 2364 2313 2416 presentes
2346 2363 2482 2416 quam*

518 2444 670 2494 futuri,
693 2458 761 2487 me
792 2444 846 2486 de
871 2443 1099 2487 voluntate
1120 2446 1166 2486 et
1186 2456 1371 2486 assensu
1392 2446 1438 2485 et
1457 2441 1639 2484 consilio
1669 2440 1832 2483 domini
1859 2441 1999 2496 patris
2019 2441 2104 2482 mei
2124 2444 2168 2483 et
2187 2441 2232 2482 in
2252 2440 2477 2497 presencia

522 2539 602 2568 sua
621 2524 868 2567 vendidisse
889 2524 1157 2566 concessisse
1189 2526 1233 2566 et
1263 2523 1345 2565 hac
1367 2525 1490 2564 carta
1519 2535 1617 2563 mea
1646 2521 1692 2562 in
1721 2523 1979 2576 perpetuum
2001 2520 2292 2571 confirmasse,
2316 2519 2410 2563 Deo
2432 2524 2477 2563 et·

522 2604 762 2648 venerabili
792 2604 910 2661 patri
932 2602 1144 2659 Gregorio
1177 2601 1261 2644 Dei
1298 2601 1444 2658 gratia
1474 2600 1675 2657 episcopo
1708 2599 2001 2655 Brechynensi
2034 2599 2089 2641 ad
2110 2600 2475 2643 sustentacionem

521 2685 668 2742 pontis
688 2685 741 2727 de
763 2684 978 2740 Brechyn,
1000 2686 1046 2725 et
1066 2682 1122 2724 ad
1143 2680 1512 2724 sustentacionem
1543 2679 1768 2722 cuiusdam
1799 2678 2013 2735 capellani
2034 2679 2294 2722 celebraturi
2314 2681 2358 2722 in
2379 2695 2476 2737 per-

521 2769 701 2823 petuum
722 2779 801 2821 pro
821 2763 1022 2806 fidelibus
1043 2761 1259 2804 defunctis
1279 2761 1326 2802 in
1347 2760 1530 2803 ecclesia
1550 2758 1845 2816 Brechynensi
1865 2759 1935 2801 vel
1951 2759 2061 2802 alibi
2075 2763 2206 2816 prout
2225 2761 2412 2804 voluerit
2431 2766 2476 2803 et

522 2845 788 2903 disposuerit
808 2844 1005 2901 prefatus
1026 2841 1289 2884 venerabilis
1309 2845 1434 2898 pater
1450 2840 1691 2896 episcopm,
1714 2843 1852 2882 totam
1873 2843 2036 2881 terram
2066 2854 2206 2883 meam
2235 2841 2289 2882 de
2319 2840 2478 2883 Drum-

525 2926 643 2969 sleed
663 2926 709 2968 in
730 2925 870 2982 pratis
893 2929 938 2966 et
957 2923 1131 2980 pascuis
1151 2923 1197 2964 in
1217 2921 1351 2964 moris
1372 2925 1417 2964 et
1436 2919 1674 2970 marresiis,
1695 2919 1741 2961 in
1761 2919 1891 2962 terris
1913 2923 1958 2962 et
1977 2919 2117 2975 aquis,
2139 2920 2186 2961 in
2214 2920 2412 2977 piscariis
2433 2922 2477 2963 in

525 3007 696 3063 stagnis
716 3009 762 3048 et
781 3003 1042 3047 molendinis
1062 3003 1107 3044 in
1129 3002 1209 3044 viis
1230 3006 1274 3044 et
1295 3001 1474 3051 semitis,
1506 3004 1552 3043 et
1581 2999 1781 3042 omnibus
1812 2998 2087 3042 libertatibus
2117 3003 2163 3042 et
2192 3000 2475 3056 aysiamentis

525 3087 581 3129 ad
601 3101 697 3128 eam
717 3084 1037 3143 pertinentibus
1068 3115 1078 3125 .
1113 3082 1254 3138 Quare
1277 3081 1374 3124 volo
1395 3084 1444 3123 vt
1463 3079 1659 3137 prefatus
1681 3079 1910 3135 episcopus
1940 3083 1985 3122 et
2016 3080 2083 3122 sui
2103 3081 2316 3137 assignati
2347 3082 2478 3123 habe-

526 3170 604 3209 ant
623 3169 803 3208 teneant
823 3169 868 3208 et
887 3163 1143 3221 possideant
1163 3162 1323 3204 dictam
1343 3165 1505 3204 terram
1526 3160 1634 3202 adeo
1654 3159 1788 3201 libere
1820 3162 1863 3202 et
1893 3159 2039 3215 quiete
2059 3161 2236 3216 pacifice
2268 3165 2312 3203 et
2342 3162 2477 3204 hono-

526 3247 644 3289 rifice
665 3244 858 3302 plenarie
879 3248 925 3287 et
944 3245 1114 3300 integre
1136 3242 1249 3285 sicut
1269 3255 1350 3298 ego
1381 3244 1426 3283 et
1454 3243 1580 3296 pater
1599 3252 1722 3281 meus
1743 3239 1978 3287 tenuimus,
2000 3239 2202 3283 videlicet
2230 3240 2411 3283 liberam
2434 3248 2478 3284 et

527 3327 718 3383 quietam
751 3326 807 3368 ab
844 3324 962 3368 omni
983 3323 1207 3366 exactione
1245 3326 1290 3365 et
1325 3320 1635 3365 consuetudine
1670 3322 1817 3376 preter
1850 3319 2113 3363 forinsecum
2134 3321 2295 3364 domini
2315 3322 2431 3378 regis
2465 3354 2476 3363 .

528 3406 592 3449 Vt
612 3407 691 3448 hec
721 3408 868 3448 autem
903 3418 1001 3446 mea
1038 3403 1231 3446 vendicio
1269 3406 1315 3445 et
1350 3400 1623 3445 confirmacio
1655 3403 1863 3456 perpetue
1893 3401 2114 3444 firmitatis
2147 3406 2192 3445 et
2228 3402 2479 3446 stabilitatis
