3016 3958
518 636 627 690 132
1099 635 1390 690 CARTAE
1435 634 1933 690 ORIGINALES.

519 825 785 873 Walterum
828 826 1100 889 Monypeny
1137 825 1341 888 priorem
1379 824 1655 873 monasterii
1696 824 1829 872 lacus
1871 825 1930 871 de
1971 825 2130 872 Leven
2174 825 2455 888 Magistrum

514 914 785 961 ‚iohannem
811 914 963 977 Spens
997 918 1046 962 et
1084 913 1365 976 Magistrum
1392 913 1704 961 Guillermum
1743 913 1980 978 Couwper
2014 917 2064 962 et
2099 913 2356 977 quemlibet
2379 930 2458 962 eo-

518 1019 614 1050 rum
644 1003 690 1049 in
715 1002 914 1051 solidum
939 1002 1173 1067 presentis
1207 1001 1382 1066 publici
1418 1002 1720 1051 instrumenti
1755 1003 2072 1051 exhibitorem
2108 1003 2330 1052 absentes
2352 1007 2458 1051 tan-

517 1109 655 1155 quam
695 1096 940 1155 presentes
976 1093 1057 1139 Ita
1095 1092 1219 1155 quod
1257 1107 1351 1139 non
1389 1091 1450 1139 sit
1489 1090 1657 1140 melior
1690 1091 1902 1140 conditio
1938 1092 2072 1141 vuius
2096 1108 2236 1156 quam
2260 1091 2459 1140 alterius

516 1180 610 1228 Sed
636 1182 759 1245 quod
786 1197 903 1230 vnus
926 1198 1084 1229 eorum
1111 1180 1341 1244 inceperit
1378 1180 1426 1227 id
1461 1179 1586 1228 alter
1620 1197 1781 1229 eorum
1818 1181 2038 1245 prosequi
2069 1181 2224 1229 valeat
2249 1181 2457 1229 mediare

517 1275 565 1317 et
602 1271 734 1318 finire
763 1280 777 1309 s
808 1271 926 1319 dans
962 1274 1012 1318 et
1049 1270 1313 1318 concedens
1337 1269 1493 1317 dictus
1518 1269 1815 1318 constituens
1853 1270 1950 1318 suis
1988 1270 2215 1334 predictis
2238 1286 2459 1334 procura-

448 1351 453 1357 *
514 1360 700 1408 toribus
723 1363 773 1407 et
796 1358 993 1407 cuilibet
1027 1374 1187 1407 eorum
1218 1357 1469 1407 insolidum
1495 1358 1832 1406 auctoritatem
1856 1362 2143 1422 potestatem
2182 1363 2230 1407 et
2266 1360 2458 1407 manda-

515 1454 616 1496 tum
641 1447 846 1512 speciale
869 1451 919 1496 et
941 1447 1160 1511 generale
1181 1448 1258 1495 Ad
1274 1448 1463 1495 nomine
1485 1447 1631 1511 ipsius
1647 1451 1695 1496 et
1714 1464 1800 1512 pro
1819 1464 1876 1495 eo
1894 1449 2152 1511 petendum
2173 1449 2456 1511 exigendum

515 1542 564 1585 et
589 1538 959 1601 recuperandum
983 1537 1156 1586 bonum
1181 1553 1340 1585 verum
1362 1540 1412 1585 et
1429 1536 1627 1600 legalem
1649 1542 1919 1601 computum
1940 1554 1967 1586 a
1984 1538 2211 1601 predictis
2238 1538 2457 1602 Philippo

516 1628 573 1674 de
611 1627 833 1686 Strozziis
869 1631 919 1675 et
955 1626 1098 1676 sociis
1139 1627 1470 1690 Expensarum
1508 1625 1741 1674 factarum
1767 1642 1853 1690 pro
1877 1627 2182 1690 expeditione
2208 1627 2454 1675 Bullarum

515 1717 715 1779 predicti
741 1717 1041 1779 episcopatus
1075 1716 1136 1763 ad
1171 1714 1426 1763 vtilitatem
1451 1715 1653 1778 predicti
1679 1716 1923 1763 reverendi
1947 1716 2098 1779 patris
2122 1717 2297 1764 domini
2324 1717 2457 1765 Guil-

514 1805 649 1852 lermi
689 1804 924 1853 Meldrum
955 1805 1099 1866 juxta
1131 1808 1345 1852 tenorem
1381 1803 1498 1851 dicti
1534 1803 1819 1853 memorialis
1848 1815 1862 1844 l
1891 1805 2136 1870 ipsumque
2184 1811 2453 1870 computum

514 1894 867 1958 approbandum
893 1898 942 1942 et
966 1893 1109 1942 etiam
1146 1893 1186 1941 si
1222 1908 1413 1941 necesse
1438 1892 1500 1940 sit
1526 1893 1869 1956 reprobandum
1895 1898 1944 1942 et
1969 1894 2274 1942 reiiciendum
2310 1900 2453 1959 atque

514 1988 680 2032 contra
704 1985 830 2047 ipsos
855 1982 1123 2046 Philippum
1149 1985 1198 2029 et
1222 1981 1376 2030 socios
1399 1982 1459 2029 ad
1485 1981 1532 2028 id
1559 1981 1775 2030 omnibus
1801 1983 1952 2031 modis
1977 1983 2064 2031 viis
2087 2000 2116 2031 a
2134 1983 2241 2045 jure
2260 1983 2406 2032 licitis
2434 1996 2448 2026 s

514 2077 562 2120 et
587 2072 832 2136 oportunis
867 2076 916 2119 et
951 2074 1092 2135 prout
1127 2070 1362 2118 videbitur
1385 2071 1610 2134 expedire
1635 2071 2013 2135 compellendum
2049 2077 2098 2120 et
2133 2074 2455 2137 constringen-

514 2164 623 2210 dum
653 2175 667 2206 s
699 2163 765 2209 Et
789 2167 1006 2225 preterea
1029 2160 1069 2209 si
1093 2176 1211 2223 opus
1234 2160 1297 2208 sit
1321 2175 1479 2207 coram
1504 2160 1874 2224 quibuscumque
1902 2161 2146 2222 judicibus
2179 2167 2276 2210 tam
2304 2164 2454 2211 eccle-

513 2251 718 2300 siasticis
742 2267 880 2314 quam
906 2248 1196 2298 secularibus
1225 2264 1502 2312 quacunque
1532 2249 1819 2298 auctoritate
1847 2250 2150 2312 fungentibus
2173 2255 2223 2299 et
2247 2268 2453 2316 quocun-

513 2357 602 2404 que
627 2341 814 2389 nomine
839 2343 1064 2388 censeant
1089 2339 1137 2386 in
1155 2338 1338 2400 judicio
1362 2343 1412 2386 et
1437 2342 1577 2386 extra
1611 2338 1658 2385 in
1695 2340 2059 2402 comparendum
2089 2369 2103 2399 s
2132 2339 2341 2388 libellum
2368 2358 2450 2390 seu

513 2430 698 2479 libellos
721 2429 795 2478 vel
814 2445 1130 2494 quascumque
1149 2427 1404 2491 petitiones
1422 2432 1646 2476 oretenus
1669 2426 1743 2474 vel
1768 2427 1815 2475 in
1840 2428 2030 2491 seriptis
2054 2429 2255 2477 dandum
2276 2430 2452 2478 facien-

515 2522 625 2567 dum
664 2523 713 2567 et
748 2518 1032 2566 offerendum
1063 2531 1077 2561 s
1108 2516 1434 2580 Exceptiones
1474 2517 1827 2580 proponendum
1858 2527 1872 2558 l
1903 2517 2225 2581 replicandum
2255 2546 2268 2575 s
2300 2521 2450 2584 dupli-

515 2611 715 2657 candum
755 2607 1104 2671 triplicandam
1130 2611 1181 2654 et>
1220 2606 1260 2655 si
1298 2621 1416 2670 opus
1451 2606 1595 2654 fuerit
1634 2605 2088 2671 quadruplicandum
2118 2618 2133 2649 s
2165 2608 2320 2656 Litem
2362 2625 2447 2658 seu

515 2699 624 2746 lites
648 2697 1009 2745 contestandum
1038 2704 1052 2735 l
1083 2695 1160 2743 De
1185 2694 1453 2759 calumpnia
1488 2695 1683 2743 vitanda
1706 2700 1755 2743 et
1782 2696 1981 2744 veritate
2006 2697 2206 2745 dicenda
2230 2698 2277 2746 in
2302 2700 2448 2762 ipsius

516 2786 849 2836 constituentis
871 2785 1075 2832 animam
1094 2784 1349 2846 jurandum
1373 2771 1640 2848 ponendum
1676 2788 1725 2832 et
1760 2785 2105 2834 articulaudum
2141 2788 2453 2850 positionibus

517 2881 566 2923 et
592 2874 804 2923 articulis
826 2874 977 2937 partis
999 2874 1194 2921 adverse
1218 2873 1593 2936 respondendum
1631 2877 1680 2921 et
1715 2873 1815 2922 suis
1849 2875 2121 2938 responderi
2145 2878 2397 2939 petendum
2431 2899 2442 2930 s

519 2965 686 3012 Testes
709 2967 819 3010 acta
839 2949 1003 3010 literas
1026 2962 1340 3011 instrumenta
1374 2965 1424 3010 et
1458 2961 1554 3010 alia
1587 2962 1878 3010 munimenta
1901 2964 2250 3026 producendum
2283 2978 2294 3010 l
2326 2967 2453 3030 ipsos

518 3052 655 3101 citari
684 3050 834 3114 jurari
871 3050 1016 3114 recipi
1051 3055 1099 3098 et
1135 3051 1396 3099 examinari
1430 3052 1686 3115 petendum
1722 3055 1771 3099 et
1807 3052 2136 3115 requirendum
2173 3057 2222 3101 et
2257 3054 2453 3104 alterius

523 3140 670 3204 partis
686 3143 836 3188 testes
848 3139 1008 3201 jurare
1027 3139 1276 3187 videndum
1298 3139 1478 3188 Contra
1494 3143 1645 3188 testes
1659 3144 1709 3188 et
1723 3156 1883 3188 eorum
1904 3140 2034 3189 dicta
2051 3145 2101 3189 et
2119 3143 2452 3192 attestationes

520 3229 768 3277 dicendum
805 3232 854 3276 et
889 3228 1216 3291 opponendum
1247 3228 1457 3276 Crimina
1481 3232 1530 3276 et
1555 3229 1768 3277 defectus
1791 3230 2119 3292 opponendum
2141 3231 2176 3277 J
2180 3231 2330 3280 udicis
2353 3234 2451 3280 offi-

520 3320 641 3366 cium
667 3315 1007 3380 implorandum
1037 3315 1230 3364 Necnon
1269 3317 1428 3364 omnia
1467 3315 1562 3364 alia
1598 3321 1647 3364 et
1685 3315 1869 3379 singula
1892 3332 1984 3380 que
2007 3317 2054 3365 in
2079 3319 2376 3382 processibus
2398 3327 2447 3370 et
