3016 3958
313 1937 485 1980 CCLX.

293 2745 487 2787 CCLXI.

498 645 608 701 298
988 645 1307 700 CARTAE
1347 645 1976 701 MISCELLANEAE.

499 824 638 866 dictae
675 825 877 867 Civitatis
914 823 1219 866 Brechinensis
1259 824 1304 864 in
1345 823 1537 865 favorem
1574 823 1755 866 Roberti
1797 825 2061 868 vicecomitis
2097 826 2149 868 de
2191 828 2443 871 Arbuthnot

499 902 659 945 domini
680 904 733 946 de
755 904 908 946 Bervie
930 903 1110 960 legitimi
1143 906 1188 944 et
1216 902 1539 958 propinquioris
1570 904 1770 946 haeredis
1800 904 1962 946 domini
1989 904 2171 948 Roberti
2193 907 2446 951 Arbuthnot

499 983 550 1024 de
592 984 741 1026 eodem
782 984 931 1027 militis
968 984 1035 1026 sui
1070 984 1208 1039 patris
1244 984 1289 1024 in
1325 983 1455 1025 terris
1485 984 1538 1025 de
1579 983 1847 1040 Magdillane
1885 983 2098 1041 Chappell
2134 986 2244 1029 alias
2277 988 2444 1030 vocatis

502 1061 803 1120 Chappeltoun
826 1079 921 1105 cum
943 1064 1141 1106 domibus
1163 1062 1370 1105 aedificiis
1392 1067 1436 1105 et
1456 1064 1731 1120 pertinentiis
1755 1064 1986 1106 annexatis
2007 1068 2052 1107 et
2071 1065 2359 1122 incorporatis
2390 1067 2444 1109 ad

501 1144 808 1198 patrimonium
829 1145 882 1186 de
904 1143 1052 1186 Hallie
1075 1143 1210 1186 Croce
1230 1143 1346 1185 infra
1366 1143 1592 1185 ecclesiam
1941 1145 2106 1187 fundat.
2132 1146 2379 1201 jacentibus
2400 1146 2445 1188 in

502 1224 707 1278 parochia
726 1224 779 1265 de
802 1224 987 1266 Brechin
1008 1223 1123 1265 infra
1144 1223 1490 1265 vicecomitatum
1511 1224 1564 1265 de
1587 1223 1757 1273 Forfar,
1781 1238 1967 1266 unacum
1988 1225 2228 1280 piscatione
2252 1225 2446 1280 ejusdem

502 1303 547 1343 in
567 1317 681 1358 aqua
710 1303 762 1344 de
792 1302 909 1345 Eske
931 1303 1061 1359 vulgo
1093 1303 1148 1344 lie
1180 1302 1469 1345 Willokishill
1490 1309 1754 1359 nuncupata,
1779 1319 1829 1345 ac
1851 1318 1946 1345 cum
1978 1319 2100 1346 mora
2128 1305 2341 1347 dictarum
2362 1310 2449 1347 ter-

503 1396 650 1423 rarum
686 1386 731 1424 et
765 1382 979 1424 communi
1015 1388 1196 1438 pastura
1231 1383 1276 1423 in
1313 1383 1463 1425 eadem
1494 1383 1658 1425 usitata
1695 1388 1739 1424 et
1774 1388 1984 1425 consueta
2021 1416 2030 1426 .
2068 1384 2285 1426 Tcnendis
2321 1384 2448 1426 dictis

505 1463 634 1504 terris
654 1463 699 1503 in
720 1447 861 1518 capite
888 1477 967 1518 pro
997 1477 1144 1504 annua
1167 1462 1382 1505 solutione
1404 1464 1628 1519 magistris
1648 1464 1752 1505 dicti
1774 1464 1951 1520 hospitii
1978 1464 2161 1506 Ballivis
2192 1469 2237 1506 et
2266 1465 2453 1507 consuli-

506 1542 587 1583 bus
607 1542 748 1584 dictae
772 1541 978 1585 Civitatis
1000 1543 1054 1584 ad
1073 1556 1179 1584 usus
1199 1557 1435 1598 pauperum
1460 1543 1655 1597 ejusdem
1675 1543 1853 1599 hospitii
1875 1558 2069 1585 summae
2099 1544 2299 1585 undecim
2319 1544 2450 1586 libra-

506 1636 602 1662 rum
638 1625 836 1663 monetae
876 1622 1046 1664 Scotiae
1082 1622 1137 1663 ad
1176 1622 1284 1664 duos
1327 1623 1429 1663 anni
1470 1623 1680 1665 terminos
1717 1627 1946 1665 consuetos
1987 1656 1996 1665 .
2042 1622 2138 1665 Hoc
2173 1628 2450 1680 praeceptum

508 1702 657 1744 datum
679 1706 747 1743 est
767 1702 881 1744 circa
910 1702 1017 1743 1650
1051 1734 1060 1743 .
1225 1692 1228 1695 ⁴

511 1927 704 1996 Receipt
719 1941 773 1996 by
792 1940 909 1983 John
933 1940 1096 1996 Spence
1119 1940 1236 1982 clerk
1258 1941 1305 1982 of
1327 1940 1529 1991 Brechin,
1544 1942 1630 1984 and
1646 1942 1785 1984 factor
1800 1947 1846 1985 to
1863 1941 2113 1984 Alexander
2128 1943 2388 2000 archbishop
2411 1944 2460 1986 of

509 2020 731 2077 Glasgow‚
753 2020 957 2076 formerly
979 2020 1132 2075 bishop
1154 2020 1202 2062 of
1224 2020 1427 2070 Brechin‚
1450 2025 1495 2063 to
1519 2022 1767 2064 Alexander
1786 2022 2041 2065 Arbuthnot
2061 2023 2109 2065 of
2133 2022 2366 2079 Findowry
2386 2024 2455 2065 for

508 2101 582 2142 the
605 2115 700 2161 sum
722 2100 770 2142 of
786 2100 1037 2156 twenty-six
1061 2100 1262 2155 shillings
1284 2101 1406 2155 eight
1425 2115 1559 2156 pence
1584 2101 1709 2143 Seots
1728 2116 1884 2158 money
1905 2103 1954 2144 of
1978 2102 2052 2144 feu
2073 2102 2206 2144 silver
2225 2103 2344 2158 duty,
2367 2103 2452 2144 and

509 2186 583 2222 ten
604 2180 772 2236 pounds
794 2179 841 2221 of
862 2180 982 2221 teind
1005 2180 1136 2221 silver
1157 2180 1262 2235 duty
1285 2181 1333 2221 of
1358 2180 1428 2221 his
1450 2180 1545 2222 said
1565 2181 1692 2223 lands
1713 2182 1761 2223 of
1792 2180 2038 2238 Findowry,
2059 2183 2128 2225 for
2148 2183 2222 2225 the
2243 2197 2344 2239 crop
2368 2183 2454 2224 and

510 2274 614 2315 year
634 2273 714 2301 one
735 2259 951 2300 thousand
974 2259 1038 2300 six
1060 2259 1254 2301 hundred
1281 2260 1365 2301 and
1389 2260 1672 2316 eighty-four,
1697 2261 1826 2304 dated
1854 2263 1904 2303 12
1927 2260 2180 2312 December,
2210 2263 2317 2304 1685
2351 2291 2363 2302 .

1320 2498 1639 2541 KINNAIRD
1674 2531 1681 2540 .

512 2614 765 2669 Preceptum
791 2614 933 2655 sasine
955 2614 999 2654 in
1019 2613 1211 2655 favorem
1235 2612 1450 2655 ,Iohannis
1473 2613 1671 2670 Carnegy
1705 2646 1714 2655 .

511 2738 777 2792 Willelmus
810 2750 1087 2792 miseratione
1122 2750 1270 2792 diuina
1303 2750 1545 2807 Episcopus
1590 2752 1897 2794 Brechincnsis
1937 2752 2106 2795 dilectis
2147 2754 2308 2796 nostris
2354 2754 2449 2797 Ste-

512 2831 654 2886 phano
686 2830 873 2872 Annand
903 2829 1093 2872 Johanni
1135 2829 1239 2873 Scot
1273 2830 1522 2873 Alexandro
1555 2831 1814 2873 Orawmond
1844 2835 1888 2874 et
1918 2831 2082 2874 Jacobo
2115 2832 2449 2889 Oucbterlowny

511 2910 686 2952 balliuis
711 2908 872 2950 nostris
905 2941 914 2950 .
947 2941 956 2950 .
989 2941 998 2950 .
1032 2908 1218 2951 salutem
1249 2942 1259 2951 .
1293 2909 1403 2965 Quia
1435 2910 1608 2953 litteras
1639 2911 1829 2966 supremi
1859 2910 2035 2953 Domini
2065 2913 2203 2954 nostri
2229 2912 2364 2968 Regis
2395 2928 2445 2955 ex

512 2988 820 3030 deliberatione
836 2988 1107 3030 dominorum
1128 2988 1295 3030 consilii
1326 2992 1370 3031 et
1401 3004 1478 3031 suo
1502 2990 1673 3046 signeto
1695 2990 1892 3046 signatas
1912 2991 2036 3033 nobis
2065 3006 2118 3033 ex
2148 2996 2193 3033 et
2221 3007 2299 3047 pro
2320 2998 2444 3048 parte

512 3067 725 3110 Johannis
749 3067 946 3122 Carnegy
965 3071 1240 3122 presentatas
1271 3100 1280 3110 .
1316 3099 1325 3108 .
1360 3098 1370 3109 .
1402 3069 1456 3110 ad
1474 3083 1627 3110 manus
1649 3069 1886 3124 recepimus
1920 3100 1930 3110 .
1963 3101 1972 3112 .
2005 3102 2014 3111 .
2046 3071 2303 3113 mandantes
2324 3073 2447 3115 nobis

513 3152 727 3203 quatenus
747 3146 1033 3202 reperiremus
1064 3151 1108 3188 et
1138 3148 1466 3190 admitteremus
1486 3149 1701 3203 prefatum
1733 3148 1760 3190 J
1764 3149 1978 3190 ohannem
2005 3154 2202 3192 nostrum
2223 3155 2443 3194 tenentem

513 3226 781 3283 quarundam
812 3229 1025 3266 terrarum
1056 3226 1169 3268 dicto
1202 3226 1392 3268 Johanui
1422 3227 1766 3282 appreciatarum
1799 3260 1808 3268 .
1842 3227 1932 3283 Que
1962 3232 2077 3270 terre
2107 3229 2282 3272 fuerunt
2314 3231 2445 3273 Alex-

514 3306 637 3349 andri
659 3304 916 3347 Jamesoune
938 3305 1046 3346 ciuis
1078 3310 1225 3348 nostre
1248 3306 1450 3349 Ciuitatis
1475 3306 1781 3349 Brechinensis
1802 3312 1903 3349 ante
1924 3307 2081 3351 dictam
2103 3311 2448 3365 appreciaturam

515 3419 524 3428 .
557 3418 566 3427 .
600 3417 608 3427 .
639 3383 779 3426 Vobis
800 3383 935 3438 igitur
965 3415 974 3425 .
1010 3415 1018 3424 .
1050 3416 1059 3425 .
1090 3386 1350 3440 precipimus
1384 3415 1393 3426 .
1426 3418 1435 3426 .
1468 3417 1477 3426 .
1517 3393 1731 3441 quatenus
1753 3419 1764 3428 .
1786 3417 1796 3429 .
1818 3418 1828 3429 .
1853 3387 2056 3430 saisinam
2078 3393 2122 3431 et
2142 3390 2446 3433 hereditariam
