3022 3964
1075 612 1366 669 OARTAE
1409 613 1909 670 ORIGINALES.
2380 612 2451 666 13

506 799 748 849 cessei-um
782 803 831 848 et
868 816 1191 851 successorum
1238 819 1448 851 meorum
1485 808 1536 852 et
1570 802 1842 868 specialiter
1874 819 1960 867 pro
1996 803 2244 851 animabus
2290 817 2448 849 eorum

507 905 702 952 quorum
727 889 852 937 bona
875 890 1017 938 habui
1042 891 1091 938 in
1114 891 1205 939 hac
1229 892 1328 940 vita
1352 896 1401 940 et
1424 892 1614 956 plenam
1633 891 2010 941 satisfactionem
2034 893 2144 939 inde
2167 907 2262 940 non
2284 891 2376 938 feci
2400 894 2450 937 et

504 993 590 1040 pro
614 978 862 1027 animabus
884 979 1323 1027 omnium-fidelium
1349 981 1677 1029 defunctorum
1704 981 1916 1029 dedissse
1954 1009 1964 1018 ·
2004 1009 2014 1018 -
2054 1009 2064 1018 ·
2102 980 2208 1028 Deo
2234 984 2283 1028 et
2309 980 2449 1027 beate

506 1066 661 1114 Marie
687 1067 871 1130 Virgini
894 1068 1123 1131 genetrici
1148 1068 1358 1117 eiusdem
1396 1085 1453 1117 ac
1492 1069 1574 1117 uni
1611 1068 1859 1132 capellano
1896 1069 2058 1116 diuina
2095 1097 2105 1106 ·
2148 1098 2157 1105 -
2197 1098 2207 1106 ·
2244 1068 2451 1116 celebra-

503 1159 612 1204 turo
635 1156 683 1203 in
707 1155 910 1204 ecclesia
932 1156 1219 1220 parrochiali
1243 1157 1454 1206 eiusdem
1491 1158 1632 1206 beate
1670 1158 1825 1205 Marie
1864 1158 1923 1205 de
1963 1157 2138 1205 Dunde
2173 1174 2258 1221 pro
2293 1156 2446 1205 salute

503 1245 658 1291 anime
713 1260 816 1292 mee
872 1249 921 1292 et
983 1245 1192 1293 omnium
1253 1246 1517 1294 animarum
1566 1246 1888 1310 predictarum
1937 1246 2185 1294 duodecim
2233 1246 2449 1293 marchas

502 1332 719 1380 annualis
742 1332 956 1381 redditus
979 1333 1224 1381 annuatim
1249 1333 1478 1382 leuandas
1502 1335 1561 1381 de
1583 1334 1727 1383 terris
1749 1334 1870 1383 meis
1906 1335 1964 1382 de
2006 1335 2263 1398 Kyrktoun
2301 1338 2350 1381 et
2389 1335 2446 1380 de

505 1420 720 1468 Haltoun
754 1421 947 1469 baronie
983 1437 1088 1469 mee
1124 1422 1183 1469 de
1216 1420 1487 1471 Inuerarite
1509 1423 1783 1485 jacentibus
1816 1424 1940 1470 infra
1971 1423 2354 1471 vicecomitatum
2387 1424 2447 1470 de

503 1509 673 1557 Forfar
696 1509 867 1573 quibus
890 1510 1091 1558 forsitan
1115 1510 1264 1559 vastis
1287 1527 1374 1560 seu
1396 1510 1539 1559 allter
1562 1513 1873 1575 quouismodo
1911 1512 2236 1560 desinentibus
2261 1513 2320 1560 de
2343 1516 2448 1560 tota

501 1602 551 1646 et
575 1598 759 1661 integra
785 1598 978 1646 baronia
1000 1599 1217 1662 predicta
1241 1600 1300 1647 de
1325 1600 1594 1648 Inuerarite
1618 1601 1862 1649 annuatim
1888 1601 2217 1665 percipiendas
2240 1602 2302 1648 ad
2327 1602 2444 1650 duos

501 1687 613 1735 anni
635 1687 863 1736 terminos
888 1688 1200 1737 Pentecostes
1223 1688 1308 1736 viz.
1334 1692 1384 1737 et
1409 1689 1576 1737 Sancti
1604 1690 1803 1738 Martini
1842 1690 1890 1737 in
1928 1707 2065 1753 yeme
2090 1706 2175 1753 per
2198 1691 2446 1754 porciones

502 1776 694 1840 equales
732 1804 742 1815 ·
779 1777 1030 1826 Tenendas
1054 1781 1103 1826 et
1128 1778 1374 1827 habendas
1398 1779 1554 1827 dietas
1592 1779 1841 1827 duodecim
1881 1795 2066 1828 marcas
2103 1779 2320 1827 annualis
2344 1780 2450 1826 red-

502 1866 632 1914 ditus
654 1866 871 1929 predicto
895 1865 1142 1929 capellano
1166 1867 1246 1930 qui
1270 1883 1355 1930 pro
1379 1871 1594 1931 tempore
1617 1868 1763 1916 fuerit
1787 1869 1836 1916 in
1859 1868 2058 1916 liberam
2097 1897 2106 1905 ·
2147 1896 2156 1905 ·
2197 1895 2206 1905 ·
2244 1867 2447 1916 elimosi-

501 1971 610 2003 nam
649 1983 659 1993 ·
698 1983 708 1992 ·
752 1983 763 1993 -
801 1954 926 2003 Volo
972 1955 1125 2004 eciam
1163 1959 1214 2004 et
1251 1957 1463 2004 concedo
1511 1958 1638 2020 quod
1686 1957 2112 2021 quocienscumque
2151 1961 2200 2004 et
2239 1958 2446 2021 quando-

500 2059 701 2107 cumque
720 2043 902 2092 dictum
927 2043 1224 2107 capellanum
1253 2074 1262 2083 ·
1292 2073 1301 2083 ·
1331 2074 1340 2082 -
1366 2046 1596 2093 decedere
1621 2062 1706 2094 seu
1730 2063 1792 2093 ex
1817 2045 1977 2110 aliqua
2000 2062 2145 2095 causa
2168 2045 2444 2094 racionabili

499 2149 530 2179 a
571 2132 702 2180 dicta
742 2131 1007 2196 capellania
1047 2133 1258 2180 amoueri
1299 2134 1554 2197 contigerit
1591 2139 1770 2183 extunc
1806 2136 2006 2184 heredes
2047 2136 2142 2183 mei
2179 2164 2188 2172 ·
2229 2164 2238 2173 ·
2279 2164 2288 2172 ·
2325 2136 2446 2182 infra

499 2237 711 2270 mensem
756 2237 788 2269 a
832 2225 1047 2285 tempore
1093 2223 1365 2271 vacacionis
1413 2223 1623 2272 eiusdem
1671 2223 1815 2271 alium
1864 2223 2161 2287 capellanum
2208 2225 2444 2286 ydoneum

501 2310 713 2359 Domino
736 2311 959 2374 episcopo
984 2311 1295 2374 Brechinensi
1318 2311 1394 2360 vel
1417 2311 1617 2360 Decano
1640 2317 1690 2360 et
1714 2312 1923 2376 capitulo
1948 2313 2060 2360 sede
2095 2316 2293 2360 vacante
2333 2341 2342 2349 ·
2382 2341 2392 2349 -
2432 2341 2441 2349 ·

503 2398 597 2460 [Et
621 2400 691 2448 sic
713 2415 861 2463 usque
896 2400 958 2447 ad
991 2400 1131 2448 finem
1174 2401 1233 2448 de
1257 2400 1401 2448 verbo
1439 2401 1501 2448 ad
1528 2401 1719 2448 verbum
1758 2401 2015 2449 secundum
2049 2405 2263 2449 tenorem
2302 2405 2445 2450 cartae

501 2488 772 2536 immediate
795 2488 1131 2554 praecedentis]
1172 2517 1182 2527 ·

502 2686 811 2735 Confirmatio
836 2686 1046 2736 eiusdem
1070 2686 1332 2751 capellanie
1356 2689 1415 2736 de
1440 2689 1616 2736 Dunde
1656 2717 1664 2726 ·

468 2878 477 2888 .
509 2810 787 2890 Robertus
810 2841 926 2888 Dux
950 2840 1152 2889 Albanie
1177 2856 1336 2890 comes
1360 2842 1418 2889 de
1443 2841 1564 2904 Fyfe
1602 2845 1651 2888 et
1681 2842 1739 2888 de
1771 2841 1994 2890 Menteth
2034 2857 2090 2890 ac
2139 2844 2441 2893 Gubernator

502 2930 656 2993 Regni
693 2929 860 2978 Scocie
896 2956 908 2967 ·
945 2929 1175 2978 Omnibus
1210 2929 1371 2992 probis
1416 2928 1685 2977 hominibus
1722 2957 1732 2966 ·
1771 2957 1782 2966 ·
1821 2957 1831 2966 ·
1869 2929 2046 2978 Sciatis
2082 2947 2170 2979 nos
2204 2933 2439 2995 quandam

500 3023 682 3067 cartam
708 3018 868 3066 Dauid
893 3018 952 3065 de
979 3017 1234 3081 Lyndesay
1270 3017 1460 3075 comitis
1496 3018 1555 3064 de
1594 3017 1856 3064 Craufurde
1893 3017 2056 3067 fratris
2092 3020 2243 3069 nostri
2278 3020 2439 3069 dilecti

498 3108 675 3155 factam
712 3135 723 3144 ·
763 3134 773 3144 ·
811 3133 820 3144 ‹
859 3121 966 3154 cum
1013 3121 1245 3155 consensu
1283 3134 1292 3143 -
1327 3133 1337 3142 ·
1377 3133 1387 3143 ·
1425 3105 1688 3152 Alexandri
1733 3105 1791 3152 de
1836 3105 2089 3168 Lyndesay
2143 3107 2228 3155 filii
2269 3109 2342 3157 sui
2388 3113 2437 3157 et

497 3195 686 3243 heredis
718 3194 767 3242 in
805 3210 971 3258 puram
1011 3198 1060 3242 et
1097 3197 1376 3264 perpetuam
1413 3192 1707 3242 elimosinam
1745 3192 1823 3240 vni
1861 3193 2106 3257 capellano
2130 3195 2292 3243 diuina
2330 3225 2339 3233 -
2379 3226 2388 3233 ·
2428 3226 2436 3235 ·

499 3281 794 3331 celebraturo
849 3282 897 3330 in
951 3281 1154 3331 ecclesia
1205 3281 1490 3346 parrochiali
1537 3282 1595 3328 de
1644 3281 1818 3329 Dunde
1868 3282 1926 3330 de
1974 3284 2221 3331 duodecim
2268 3286 2437 3335 marcis
