3016 3958
296 1877 519 1924 XXVII.

1096 615 1387 672 OARTAE
1432 614 1931 671 ORIGINALES.
2415 610 2487 667 47

540 805 613 854 vel
638 805 773 870 plura
795 806 986 870 publica
1009 807 1325 857 instrumenta
1348 807 1557 855 eiusdem
1582 804 1762 853 tenoris
1800 831 1810 842 ·
1847 805 1976 852 Acta
2009 803 2199 851 fuerunt
2234 803 2322 851 hec
2357 803 2481 866 apud

541 897 720 944 dictum
746 897 944 959 burgum
967 897 1015 945 iu
1041 897 1269 946 anteriori
1294 897 1435 944 domo
1460 895 1640 943 Thome
1677 893 1881 942 Roberti
1917 891 2163 956 burgensis
2200 891 2316 940 dicti
2351 891 2485 953 burgi

542 986 628 1034 sub
652 1002 775 1034 anno
801 985 877 1034 die
902 1002 1062 1036 mense
1087 990 1136 1035 et
1160 986 1441 1050 pontificatu
1466 989 1516 1034 et
1540 983 1799 1033 indictione
1824 982 1994 1047 quibus
2017 998 2159 1046 supra
2199 1008 2210 1020 ·
2246 980 2484 1030 Presenti-

542 1075 630 1124 bus
653 1074 827 1123 ibidem
851 1075 1062 1138 prouidis
1085 1079 1135 1124 et
1160 1075 1377 1124 discretis
1394 1074 1507 1123 viris
1524 1072 1806 1122 Alexandro
1826 1072 1966 1128 Cant,
1983 1071 2156 1119 ‘Dauid
2182 1072 2240 1119 de
2266 1071 2480 1126 Camera,

545 1164 820 1212 Alexandro
846 1165 1009 1220 Ferar,
1033 1165 1068 1212 J
1071 1165 1257 1213 ohanne
1282 1164 1412 1219 Scot,
1438 1162 1660 1227 Philippo
1686 1161 1898 1225 Angusie
1922 1165 1972 1210 et
1995 1161 2030 1209 J
2033 1161 2218 1209 ohanne
2255 1159 2486 1224 Stephani

542 1254 850 1317 burgensibus
874 1253 991 1302 dicti
1015 1254 1151 1317 burgi
1176 1269 1281 1301 cum
1307 1252 1470 1302 multis
1493 1252 1601 1301 aliis
1635 1253 1696 1300 ad
1731 1250 1963 1315 premissa
1997 1249 2179 1299 vocatis
2213 1248 2484 1314 specialiter

542 1347 590 1390 et
615 1342 793 1405 rogatis
831 1370 841 1380 -
1730 1344 1733 1346 ’

611 1432 679 1479 Et
717 1447 803 1494 ego
844 1430 1115 1480 Willelmus
1157 1431 1307 1495 Cassy
1343 1431 1579 1495 presbiter
1627 1429 1964 1478 Brechinensis
2011 1428 2227 1478 dioecesis
2271 1428 2487 1492 publicus

542 1520 802 1569 autoritate
827 1520 1092 1584 apostolica
1114 1521 1330 1570 notarius
1368 1549 1377 1558 ·
1418 1549 1427 1558 ·

547 1722 718 1770 Pensio
743 1724 801 1770 de
828 1723 1067 1771 Lethnoth
1109 1751 1118 1760 ·
1159 1722 1318 1770 Prima
1342 1722 1509 1770 citatio
1548 1750 1558 1760 ·

555 1848 634 1926 In
670 1879 858 1927 nomine
898 1879 1094 1927 Domini
1134 1880 1287 1926 Amen
1325 1906 1335 1916 ·
1374 1878 1519 1926 Anno
1558 1877 1910 1926 Incarnationis
1946 1875 2196 1925 Dominice
2238 1875 2487 1924 millesimo

543 1969 1006 2033 quadringentesimo
1030 1969 1272 2017 tricesimo
1298 1968 1464 2032 quinto
1489 1969 1748 2017 secundum
1773 1983 1961 2016 cursum
2001 1971 2051 2015 et
2089 1967 2489 2032 computationem

544 2059 742 2108 ecclesie
768 2059 1021 2108 Scoticane
1046 2058 1221 2107 mensis
1243 2059 1276 2106 J
1281 2058 1464 2106 anuarii
1501 2058 1578 2106 die
1618 2057 1803 2106 decima
1826 2057 2085 2105 indictione
2111 2057 2294 2105 decima
2318 2061 2488 2121 quarta

545 2149 847 2212 pontificatus
885 2176 894 2186 ·
934 2176 945 2186 ·
984 2176 994 2186 ·
1031 2147 1207 2196 domini
1250 2147 1451 2211 Eugenii
1491 2175 1501 2185 ·
1541 2175 1551 2185 ·
1592 2175 1602 2185 ·
1641 2147 1771 2210 Pape
1810 2146 1967 2210 quarti
2008 2162 2132 2194 anno
2176 2147 2341 2210 quinto
2381 2175 2390 2184 -
2428 2146 2488 2193 In

544 2239 635 2286 mei
671 2238 846 2287 notarii
885 2267 895 2276 ·
935 2266 944 2276 ·
985 2266 995 2276 ·
1031 2238 1285 2302 presentia,
1324 2237 1538 2302 perlecta
1578 2237 1669 2285 fuit
1708 2237 1910 2301 quedam
1948 2236 2090 2286 litera
2113 2236 2338 2285 citatoria
2362 2253 2391 2284 a
2415 2252 2488 2283 re-

545 2329 751 2376 uerendo
787 2328 836 2376 in
874 2328 1066 2376 Christo
1103 2331 1240 2391 patre
1279 2327 1470 2375 domino
1494 2327 1528 2374 J
1533 2327 1716 2375 ohanne
1755 2354 1765 2363 ·
1806 2353 1816 2364 ·
1856 2354 1866 2364 ·
1908 2326 2130 2390 episcopo
2167 2325 2489 2380 Brechinensi‚

541 2434 627 2467 suo
664 2417 818 2481 sigillo
856 2417 1060 2465 rotundo
1097 2416 1146 2464 in
1183 2431 1294 2464 cera
1330 2417 1479 2464 rubea
1515 2414 1735 2479 sigillata,
1771 2418 1938 2464 contra
1973 2418 2022 2463 et
2057 2415 2286 2463 aduersus
2322 2415 2491 2477 tnagis-

540 2511 667 2555 trum
692 2506 854 2554 Dauid
880 2505 1050 2568 Ogilvy
1074 2505 1352 2553 canonicum
1378 2504 1750 2552 Brechinensem
1785 2507 1833 2551 et
1868 2503 2232 2567 prebendarium
2258 2504 2317 2551 de
2343 2503 2489 2551 Leth-

539 2601 624 2644 not
649 2598 870 2643 emanata
907 2622 917 2632 -
955 2595 1058 2650 Que
1094 2594 1164 2642 sic
1199 2593 1367 2657 incipit
1401 2593 1435 2640 J
1439 2593 1650 2641 ohannes
1683 2591 1987 2641 miseratione
2023 2591 2186 2639 diuina
2223 2592 2487 2656 Episcopus

543 2683 876 2733 Brechinensis
899 2681 1146 2746 capellano
1169 2680 1454 2746 parrochiali
1478 2681 1688 2729 eiusdem
1724 2695 1782 2727 ac
1817 2680 1993 2727 vicario
2029 2679 2227 2729 ecclesie
2250 2681 2491 2743 parrochi-

541 2774 631 2823 alis
672 2775 730 2821 de
774 2772 999 2826 Lethnot,
1042 2770 1256 2819 Salutem
1298 2785 1405 2817 cum
1445 2769 1776 2817 benedictione
1818 2768 1992 2825 diuina,
2034 2768 2115 2816 Ex
2151 2771 2488 2833 conquestione

542 2862 823 2912 venerabilis
846 2861 934 2910 viri
959 2860 1136 2910 domini
1159 2860 1193 2907 J
1198 2859 1397 2908 ohannis
1433 2857 1554 2922 Lyel
1588 2857 1873 2906 thesaurarii
1897 2861 2059 2906 nostre
2083 2857 2282 2907 ecclesie
2306 2874 2363 2906 ac
2385 2875 2492 2923 pro-

543 2952 775 3001 curatoris
798 2951 948 2999 nostri
973 2954 1022 2998 et
1048 2949 1244 3013 capituli
1269 2948 1478 2996 eiusdem
1505 2949 1808 3010 concepimus
1832 2947 1957 3010 quod
1994 2963 2099 2994 cum
2136 2947 2266 2995 dicta
2291 2948 2492 2998 ecclesia

545 3043 603 3090 de
646 3041 856 3090 Lethnot
896 3039 1033 3087 nobis
1071 3042 1120 3086 et
1158 3037 1288 3086 dicto
1326 3035 1535 3101 capitulo
1573 3039 1736 3084 nostro
1774 3034 1972 3098 singulis
2008 3035 2145 3084 annis
2183 3035 2232 3082 in
2266 3037 2490 3100 pensione

545 3147 702 3179 annua
723 3129 888 3192 viginti
927 3133 1036 3176 octo
1075 3142 1340 3175 marcarum
1377 3129 1612 3179 teneatur,
1638 3139 1728 3187 que
1754 3124 1943 3187 quidem
1970 3139 2154 3172 summa
2177 3123 2315 3172 iuxta
2339 3141 2490 3173 asser-

545 3220 723 3268 tionem
746 3217 919 3281 prefati
952 3215 1273 3280 procuratoris
1311 3230 1396 3278 per
1432 3213 1616 3277 aliquos
1653 3228 1802 3262 annos
1826 3212 2053 3261 remansit
2078 3216 2342 3262 retroactos
2367 3215 2490 3263 inso-

545 3308 659 3362 luta,
684 3305 989 3370 requisitione
1012 3321 1098 3368 pro
1122 3304 1268 3367 ipsius
1293 3319 1472 3352 summe
1498 3302 1626 3350 dicte
1662 3300 1897 3350 solutione
1923 3317 2016 3349 non
2042 3302 2262 3350 obstante
2300 3331 2310 3342 ·
2349 3303 2487 3352 Unde
