3016 3958
1071 633 1279 689 OART
1289 634 1391 689 AE
1431 633 2062 691 MISOELLANEAE.
2420 637 2531 692 363

591 813 894 856 Brechinensis
928 813 984 858 ad
1018 814 1194 856 boream
1229 820 1371 857 terras
1407 813 1595 857 arabiles
1631 815 1849 870 quondam
1879 814 2080 871 magistri
2107 814 2296 857 WValteri
2329 814 2448 857 Skall
2479 815 2535 858 ad

589 892 733 936 oriens
762 897 903 936 terras
933 893 1118 937 Joannis
1149 893 1361 937 Wobster
1389 893 1470 936 filii
1500 898 1545 937 et
1575 894 1748 938 heredis
1776 894 1994 951 quondam
2031 894 2201 937 Thome
2233 893 2444 937 Wobstar
2480 896 2535 937 ad

588 977 785 1016 austrum
817 977 862 1016 et
891 988 1161 1018 communem
1196 973 1312 1016 viam
1342 974 1399 1017 ad
1429 974 1642 1025 occidens,
1674 988 1726 1017 ac
1756 1007 1766 1017 .
1801 969 1817 1016 .’
1843 1006 1853 1017 .
1884 974 2016 1018 terris
2046 974 2099 1016 de
2129 973 2409 1031 Drumgrane
2439 989 2537 1017 cum

587 1053 863 1108 pertinentiis
874 1054 1123 1110 jacentibus
1139 1054 1254 1096 infra
1267 1054 1505 1098 dominium
1521 1054 1574 1096 de
1589 1054 1776 1096 Brechin
1792 1057 1838 1097 et
1852 1054 2203 1097 vicecomitatum
2217 1054 2505 1111 prescriptum
2527 1087 2535 1095 .

588 1133 855 1189 Quequidcm
895 1138 1010 1178 terre
1046 1167 1054 1176 .
1089 1167 1098 1176 .
1135 1164 1145 1175 .
1178 1134 1351 1190 aliaque
1386 1165 1397 1176 .
1434 1166 1443 1175 .
1480 1167 1490 1177 .
1527 1134 1748 1177 antedicto
1789 1134 1963 1176 domino
2005 1133 2151 1176 Dauid
2185 1164 2196 1176 .
2228 1165 2238 1176 .
2271 1163 2284 1176 .
2313 1134 2359 1176 in
2397 1134 2536 1176 feudi-

586 1214 712 1256 firma
727 1214 927 1270 perprius
947 1214 1254 1271 pertinuerunt
1284 1247 1294 1256 .
1329 1247 1337 1256 .
1371 1247 1381 1256 .
1413 1217 1537 1257 tenta
1558 1215 1684 1256 modo
1706 1214 1991 1270 subsequenti
2023 1247 2032 1258 .
2065 1247 2075 1257 .
2109 1247 2118 1256 .
2151 1214 2265 1257 dicte
2286 1218 2404 1257 terre
2436 1247 2446 1257 .
2483 1247 2493 1256 .
2526 1247 2535 1256 .

586 1295 639 1336 de
679 1294 857 1337 Wester
895 1294 1047 1338 Edzell
1076 1327 1087 1336 .
1122 1325 1132 1335 .
1166 1327 1175 1336 .
1206 1294 1260 1336 de
1295 1293 1619 1350 archiepiscopo
1655 1293 1966 1336 Sanctiandree
1998 1325 2008 1335 .
2045 1326 2053 1335 .
2086 1324 2098 1335 .
2128 1294 2297 1350 prefate
2331 1297 2448 1337 terre
2478 1294 2530 1335 de

584 1374 798 1417 Unthank
828 1389 879 1417 ac
903 1377 1199 1418 tenementum
1232 1404 1243 1416 .
1275 1406 1285 1416 .
1321 1406 1330 1415 .
1360 1374 1414 1416 de
1444 1373 1647 1430 episcopo
1670 1373 1953 1416 Brechinensi
1984 1406 1993 1416 .
2027 1406 2036 1415 .
2073 1405 2082 1414 .
2114 1377 2159 1416 et
2178 1373 2390 1429 prelibate
2412 1376 2529 1416 terre

581 1455 634 1496 de
665 1453 944 1511 Drumgrane
976 1487 984 1496 .
1017 1486 1026 1496 .
1061 1486 1070 1496 .
1103 1454 1155 1496 de
1186 1452 1460 1496 thesaurario
1491 1456 1536 1495 et
1565 1452 1784 1495 canonicis
1815 1452 1995 1496 ecclesie
2025 1453 2290 1496 cathedralis
2323 1454 2530 1496 Brechin-

583 1535 714 1585 ensis,
753 1537 798 1577 et
827 1533 1084 1591 quequidem
1118 1546 1268 1576 omnes
1301 1565 1310 1575 .
1348 1563 1358 1573 .
1395 1562 1406 1574 .
1440 1536 1556 1576 terre
1586 1535 1883 1575 tenementum
1918 1536 1963 1576 et
1998 1533 2152 1575 hortus
2184 1565 2194 1574 .
2229 1564 2238 1574 .
2273 1565 2281 1574 .
2312 1547 2427 1576 nunc
2457 1549 2534 1590 per

580 1614 742 1657 dictum
773 1613 994 1658 dominum
1025 1612 1170 1656 Dauid
1204 1646 1212 1654 .
1245 1646 1253 1654 .
1290 1644 1299 1653 .
1331 1613 1555 1668 resignata
1586 1645 1595 1654 .
1629 1645 1639 1654 .
1673 1643 1684 1653 .
1714 1612 1760 1654 in
1790 1595 1991 1655 manibus
2027 1613 2162 1670 Regis
2197 1646 2205 1654 .
2238 1645 2248 1655 .
2281 1646 2290 1656 .
2326 1613 2532 1656 Preterea

582 1709 678 1737 cum
700 1694 898 1737 clausula
917 1694 970 1737 de
991 1693 1260 1737 novodamus
1287 1725 1296 1735 .
1324 1725 1333 1734 .
1362 1725 1371 1734 .
1404 1691 1616 1734 Tenenda
1635 1691 1938 1748 prenominato
1959 1692 2133 1735 domino
2150 1690 2295 1736 Dauid
2317 1692 2534 1749 Lindesay

580 1776 632 1817 de
653 1775 805 1818 Edzell
833 1775 960 1817 militi
990 1774 1080 1817 suis
1102 1773 1334 1815 heredibus
1365 1771 1572 1815 masculis
1593 1775 1639 1814 et
1658 1772 1897 1828 assignatis
1923 1772 2251 1827 quibuscunque
2273 1772 2531 1815 hereditarie

578 1857 630 1897 de
664 1855 707 1898 S.
723 1854 775 1897 D.
792 1855 850 1898 N.
882 1854 1003 1911 Rege
1034 1859 1079 1896 et
1110 1852 1433 1896 successoribus
1464 1852 1555 1893 suis
1586 1883 1595 1893 .
1628 1882 1639 1894 .
1673 1884 1682 1894 .
1712 1852 1759 1893 in
1783 1851 2026 1894 feudifirma
2045 1855 2090 1894 et
2110 1852 2352 1894 hereditate
2373 1852 2531 1908 imper-

579 1939 757 1992 petuum
795 1967 804 1978 .
842 1934 1077 1977 Reddendo
1114 1965 1124 1974 .
1160 1966 1169 1975 .
1208 1966 1217 1974 .
1251 1946 1329 1988 pro
1363 1930 1595 1974 antedictis
1626 1931 1759 1973 terris
1796 1963 1806 1972 .
1841 1963 1851 1972 .
1889 1961 1899 1971 .
1936 1931 1990 1973 de
2031 1930 2209 1976 Wester
2247 1931 2398 1974 Edzell
2435 1965 2443 1974 .
2477 1965 2484 1974 .
2520 1966 2528 1974 .

578 2030 791 2060 summam
827 2016 974 2058 decem
1010 2014 1220 2056 librarum
1255 2012 1423 2055 usualis
1458 2014 1631 2054 monete
1667 2011 1798 2053 huius
1829 2011 1954 2068 regni
1984 2014 2194 2067 tanquam
2227 2012 2397 2055 firmam
2430 2046 2439 2054 .
2471 2045 2481 2054 .
2516 2046 2524 2054 .

578 2097 826 2147 earundem,
860 2102 905 2138 et
938 2110 1017 2151 pro
1052 2092 1407 2150 augmentatione
1444 2091 1679 2133 earundem
1714 2091 1897 2133 rentalis
1934 2088 2150 2133 summam'
2184 2092 2391 2134 tredecim
2428 2092 2528 2135 soli-

576 2178 730 2220 dorum
761 2179 806 2218 et
836 2178 1024 2231 quatuor
1044 2172 1320 2215 denariorum
1357 2203 1365 2213 .
1401 2204 1411 2213 .
1445 2203 1455 2212 .
1484 2171 1540 2212 ad
1560 2170 1669 2213 duos
1690 2170 1794 2212 anni
1824 2170 2035 2212 terminos
2067 2201 2078 2212 .
2112 2202 2123 2212 .
2156 2201 2167 2213 .
2198 2171 2371 2215 nomine
2391 2172 2528 2214 feudi-

576 2258 714 2307 firme,
746 2257 931 2298 acetiam
966 2253 1149 2295 heredes
1184 2250 1367 2293 maseuli
1401 2250 1560 2306 prefati
1595 2249 1758 2292 domini
1793 2249 1938 2292 Dauid
1974 2249 2233 2306 duplicando
2267 2252 2427 2295 dictam
2463 2253 2530 2294 in-

573 2342 744 2395 tegram
784 2335 1074 2379 feudifirmam
1108 2332 1248 2389 primo
1283 2345 1398 2373 anno
1434 2343 1586 2371 eorum
1620 2329 1827 2372 introitus
1862 2329 1918 2371 ad
1952 2329 2200 2372 huiusmodi
2236 2335 2379 2374 terras
2414 2364 2424 2374 .
2462 2364 2471 2375 .
2511 2366 2521 2374 .

573 2418 759 2461 acetiam
787 2417 930 2460 dictus
960 2415 1162 2461 dominus
1183 2411 1329 2454 Dauid
1357 2411 1510 2466 suique
1531 2409 1713 2451 heredes
1733 2408 1916 2465 predicti
1937 2410 2172 2465 prestando
2193 2414 2285 2453 tres
2307 2415 2449 2454 sectas
2470 2413 2526 2454 ad

574 2498 661 2540 tria
680 2496 843 2553 placita
863 2493 1069 2551 capitalia
1084 2491 1311 2534 annuatim
1332 2489 1448 2546 apud
1467 2488 1692 2532 baroniam
1713 2488 1766 2530 de
1787 2488 1998 2531 Rescobie
2019 2490 2209 2532 tenenda
2227 2493 2425 2541 tantum3
2445 2506 2524 2547 pro

575 2576 758 2634 prefatis
787 2574 919 2618 terris
939 2573 992 2615 de
1024 2571 1239 2614 Unthank
1273 2603 1283 2612 .
1323 2602 1333 2612 .
1371 2600 1382 2609 .
1420 2583 1634 2612 summam
1655 2568 1845 2625 quinque
1867 2582 2110 2611 mercarum
2139 2573 2312 2612 monete
2335 2570 2527 2627 predicte

622 2689 631 2699 .
664 2689 674 2698 .
706 2655 879 2698 nomine
899 2653 1155 2702 feudifirme‚
1172 2655 1218 2693 et
1232 2650 1374 2692 dictus
1391 2649 1591 2692 dominus
1608 2647 1754 2690 Dauid
1774 2652 1820 2690 et
1842 2648 1910 2690 sui
1930 2648 2112 2691 heredes
2140 2680 2151 2691 .
2186 2680 2195 2690 .
2225 2681 2236 2692 .
2268 2649 2525 2706 duplicando

574 2735 755 2779 candem
774 2733 1065 2776 feudifirmam
1085 2731 1224 2787 primo
1245 2743 1360 2771 anno
1391 2742 1539 2771 eorum
1561 2727 1767 2770 introitus
1801 2759 1809 2768 .
1842 2759 1852 2770 .
1886 2757 1897 2768 .
1928 2730 1974 2770 et
2003 2727 2136 2770 etiam
2166 2730 2401 2785 prestando
2431 2734 2523 2773 tres

575 2819 717 2860 sectas
748 2815 804 2857 ad
833 2813 920 2856 tria
945 2811 1109 2869 placita.
1138 2808 1343 2866 capitalia
1363 2808 1475 2850 dicte
1506 2807 1685 2850 baronie
1715 2807 1768 2849 de
1801 2807 1968 2850 Kethik
1994 2808 2220 2851 annuatim
2250 2823 2329 2865 per
2358 2810 2524 2867 Regem

572 2910 676 2941 suos
717 2906 990 2939 successores
1021 2895 1066 2934 et
1099 2890 1286 2934 balliuos
1322 2889 1515 2931 eiusdem
1547 2888 1750 2939 tenenda,
1788 2902 1839 2930 ae
1874 2892 2077 2931 tenent-es
2113 2889 2347 2932 earundem
2382 2894 2521 2934 terra-

572 2990 670 3020 rum
711 2973 939 3018 seruiendo
974 2970 1202 3029 principali
1237 2969 1400 3012 balliuo
1435 2968 1603 3024 prefate
1639 2968 1816 3011 baronie
1852 2967 1898 3009 in
1933 2968 2194 3012 exercitibus
2224 2970 2329 3013 dicti
2358 2971 2521 3013 domini

571 3055 706 3112 Regis
731 3053 993 3098 sufficienter
1012 3050 1170 3094 armati
1184 3050 1315 3105 juxta
1333 3049 1518 3092 formam
1539 3051 1585 3091 et
1604 3047 1778 3090 modum
1800 3047 2046 3091 huiusmodi
2065 3051 2282 3091 terrarum
2300 3052 2346 3092 et
2360 3050 2517 3106 patrie,

570 3148 739 3178 necnon
767 3133 950 3189 heredes
979 3129 1163 3174 masculi
1192 3129 1296 3172 dicti
1325 3127 1489 3171 domini
1512 3126 1660 3169 Dauid
1688 3157 1699 3168 .
1732 3157 1744 3169 .
1777 3157 1788 3168 .
1818 3127 1864 3169 in
1885 3140 2034 3170 eorum
2054 3127 2238 3171 introitu
2269 3161 2278 3171 .
2312 3160 2322 3171 .
2358 3160 2367 3170 .
2396 3143 2517 3185 pres-

571 3215 704 3258 tando
725 3227 874 3256 eorum
898 3210 1124 3255 fidelitatis
1149 3210 1448 3264 juramentum
1477 3207 1651 3250 domino
1685 3206 1799 3263 Regi
1824 3210 1869 3250 et
1891 3206 1982 3249 suis
2014 3208 2350 3258 successoribus,
2384 3211 2429 3251 et
2459 3210 2516 3252 si-

568 3293 731 3336 militer
764 3292 985 3349 predictus
1020 3289 1221 3333 dominus
1256 3287 1402 3330 Dauid
1438 3287 1589 3343 suique
1620 3286 1851 3343 prescripti
1882 3300 2032 3329 eorum
2063 3290 2263 3340 tenentes
2295 3291 2340 3330 et
2372 3287 2512 3330 coloni

568 3405 579 3415 .
614 3404 623 3415 .
656 3406 665 3415 .
696 3373 908 3416 dictarum
938 3374 1155 3414 terrarum
1187 3401 1198 3410 .
1230 3402 1238 3411 .
1272 3400 1282 3410 .
1314 3367 1528 3424 portando
1550 3381 1630 3410 sua
1649 3381 1788 3425 grana
1817 3367 1873 3409 ad
1904 3366 2198 3409 molendinum
2228 3366 2281 3410 de
2305 3365 2407 3423 Syid
2429 3381 2507 3423 pro
