3016 3958
1001 640 1323 698 OARTAE
1363 640 1993 699 MISOELLANEAE.
2361 647 2473 702 295

522 818 680 862 solutis
712 851 722 862 .
756 851 765 862 .
800 852 809 862 .
841 819 894 862 de
927 835 1042 864 nouo
1075 854 1084 863 .
1162 852 1172 864 .
1204 821 1359 864 damus
1391 854 1400 864 .
1434 855 1444 864 .
1479 854 1487 863 .
1520 825 1565 865 et
1600 823 1682 865 hac
1715 823 1909 879 presenti
1940 827 2063 866 carta
2082 827 2235 866 nostra
2260 839 2357 867 cum
2378 840 2477 868 con-

524 913 655 941 sensu
674 900 868 955 predicto
891 901 1200 944 confirmamus
1220 901 1336 945 dicto
1358 902 1388 944 J
1389 903 1524 946 acobo
1546 902 1858 960 Lewingstoun
1882 903 2114 946 heredibus
2152 904 2244 947 suis
2276 909 2320 947 et
2340 907 2479 962 assig-

522 979 637 1022 natis
659 981 986 1037 quibuscunque
1007 982 1269 1025 hereditarie
1301 1015 1310 1024 .
1345 1016 1353 1025 .
1387 1015 1397 1025 .
1429 983 1648 1039 predictas
1669 983 1779 1027 duas
1809 984 1965 1027 tertias
2004 988 2153 1046 partes
2181 988 2399 1028 terrarum
2428 987 2479 1027 de

524 1060 671 1103 Eistcr
691 1060 893 1104 Drwmes
914 1076 965 1104 ac
985 1062 1096 1104 duas
1124 1062 1279 1106 tertias
1300 1066 1451 1119 partes
1471 1065 1582 1106 mori
1614 1097 1624 1106 .
1658 1096 1667 1106 .
1700 1097 1711 1106 .
1743 1079 1794 1107 ac
1827 1065 1962 1107 etiam
1992 1065 2155 1108 dictum
2184 1069 2479 1108 tenementum

524 1173 533 1182 .
570 1173 579 1182 .
612 1174 620 1183 .
657 1141 864 1184 Tenenda
896 1175 905 1185 .
940 1176 949 1185 .
984 1175 993 1185 .
1026 1143 1072 1185 in
1106 1143 1353 1186 feudifirma
1384 1176 1394 1186 .
1429 1177 1438 1186 .
1471 1177 1481 1186 .
1514 1145 1777 1187 hereditarie
1798 1146 2118 1202 imperpetuum
2239 1179 2249 1188 .
2282 1146 2480 1188 Redden-

521 1221 576 1262 do
617 1221 716 1263 inde
752 1223 979 1265 annuatim
1011 1255 1021 1265 .
1054 1255 1065 1264 .
1099 1255 1108 1265 .
1140 1223 1265 1265 nobis
1300 1227 1346 1266 et
1390 1225 1711 1268 successoribus
1746 1227 1910 1269 nostris
1942 1260 1951 1269 .
1986 1259 1995 1269 .
2030 1259 2039 1269 .
2071 1242 2151 1283 pro
2192 1227 2310 1269 dicta
2350 1228 2481 1269 tertia

522 1306 646 1357 parte
679 1335 689 1344 .
723 1336 733 1345 .
767 1335 777 1345 .
809 1318 893 1358 que
924 1303 1009 1345 fuit
1041 1304 1260 1359 quondam
1294 1304 1536 1347 Alexandri
1573 1305 1733 1362 Ogiluy
1762 1306 1872 1349 duas
1894 1307 2094 1349 cheldras
2115 1307 2382 1349 wictualium
2405 1312 2482 1349 aut

522 1382 677 1424 saltem
711 1383 858 1425 decem
894 1397 1064 1426 marcas
1095 1416 1105 1426 .
1138 1416 1147 1425 .
1185 1415 1193 1425 .
1224 1388 1398 1427 monete
1431 1417 1440 1426 .
1474 1417 1483 1427 .
1519 1418 1528 1427 .
1565 1386 1709 1428 Scotie
1728 1401 1808 1443 pro
1830 1387 2026 1443 qualibet
2065 1387 2212 1430 celdra
2233 1387 2279 1429 in
2306 1389 2480 1444 optione

522 1463 736 1505 soluentis
750 1463 804 1505 ad
820 1464 1033 1506 terminos
1065 1496 1074 1505 .
1108 1496 1118 1506 .
1151 1496 1160 1506 .
1193 1467 1426 1507 consuetos
1443 1469 1652 1521 tanquam
1670 1467 1876 1523 antiquas
1893 1467 2044 1509 firmas
2061 1468 2175 1512 dicte
2195 1468 2326 1510 tertie
2342 1469 2483 1524 partis

520 1546 736 1585 terrarum
761 1550 806 1585 et
826 1543 936 1585 mori
969 1576 979 1584 .
1014 1576 1022 1585 .
1056 1576 1066 1585 .
1098 1558 1267 1586 necnon
1291 1558 1503 1587 summam
1517 1546 1652 1587 trium
1671 1546 1907 1590 solidorum
1929 1550 1974 1590 et
1995 1550 2188 1603 quatuor
2203 1547 2481 1590 denariorum

520 1627 694 1666 monete
715 1623 908 1680 predicte
928 1624 973 1666 in
995 1638 1184 1666 annuam
1207 1625 1610 1680 augmentationem
1640 1627 1781 1669 nostri
1811 1627 2010 1678 rentalis‚
2031 1641 2200 1670 necnon
2220 1628 2402 1670 heredes
2438 1634 2481 1671 et

520 1704 735 1761 assignati
765 1704 870 1746 dicti
903 1704 1059 1747 Jacobi
1094 1704 1353 1761 duplicando
1390 1705 1551 1747 dictam
1584 1706 1874 1749 feudifirmam
1910 1707 2050 1763 primo
2084 1722 2199 1750 anno
2235 1722 2384 1751 eorum
2416 1709 2481 1750 in-

521 1786 695 1828 troitus.
728 1818 737 1827 .
772 1818 781 1828 .
814 1786 998 1828 acetiam
1029 1785 1266 1841 prestando
1297 1789 1389 1827 tres
1412 1789 1555 1828 sectas
1576 1786 1693 1828 curie
1715 1787 1941 1829 annuatim
1964 1788 2018 1829 ad
2040 1791 2192 1830 nostra
2211 1788 2298 1831 tria
2317 1789 2480 1844 placita

522 1866 727 1922 capitalia
743 1865 922 1908 dominii
943 1866 1084 1909 nostri
1106 1865 1416 1908 Brechinensis
1433 1866 1678 1922 ubicunque
1698 1868 1978 1917 tenebuntur,
1997 1882 2046 1910 ac
2064 1868 2265 1910 similiter
2288 1868 2480 1910 deserui-

521 1947 631 1988 endo
668 1947 793 1989 nobis
821 1951 866 1989 et
896 1946 1060 1989 nostris
1089 1947 1413 1989 successoribus
1449 1949 1527 1990 aut
1557 1947 1720 1989 nostris
1742 1947 1902 1989 baliuis
1922 1948 1967 1989 in
1998 1980 2008 1990 .
2042 1981 2051 1990 .
2086 1981 2095 1990 .
2126 1948 2297 2004 guerris
2331 1953 2376 1990 et
2408 1964 2479 1990 ex-

519 2026 727 2069 ercitibus
763 2026 985 2082 regalibus
1024 2026 1157 2069 toties
1198 2026 1370 2082 quoties
1411 2041 1521 2082 opus
1556 2026 1690 2069 fuerit
1722 2027 1880 2070 armati
1913 2028 2045 2070 rebus
2085 2028 2252 2071 bellicis
2286 2061 2296 2071 .
2335 2062 2344 2071 .
2382 2062 2392 2071 .
2427 2043 2476 2071 ac

518 2109 650 2150 etiam
685 2107 892 2150 soluendo
923 2107 1151 2150 annuatim
1182 2121 1261 2163 pro
1291 2107 1410 2149 dicta
1439 2107 1580 2149 altera
1609 2107 1742 2150 tertia
1770 2111 1895 2164 parte
1926 2111 2143 2150 terrarum
2164 2124 2248 2164 que
2278 2109 2362 2151 fuit
2382 2123 2478 2165 per·

518 2189 640 2244 prius
661 2188 765 2230 dicti
787 2187 961 2230 Andree
981 2186 1101 2230 Wod
1121 2187 1231 2230 duas
1253 2187 1454 2229 cheldras
1475 2187 1729 2230 victualium
1745 2188 1845 2230 bine
1865 2188 2005 2243 partis
2025 2189 2165 2231 farine
2186 2191 2411 2231 auenatice
2433 2194 2477 2232 et

521 2268 650 2311 tertie
686 2269 825 2324 partis
846 2268 998 2310 hordei
1015 2270 1094 2310 aut
1113 2267 1271 2323 viginti
1292 2281 1460 2309 mercas
1481 2267 1700 2323 predictas
1720 2282 1799 2324 pro
1820 2268 1961 2324 pretio
1984 2269 2217 2311 earundem
2241 2270 2286 2310 in
2307 2269 2479 2325 optione

521 2349 733 2392 soluentis
754 2363 920 2391 necnon
938 2362 1071 2390 unam
1087 2348 1331 2391 duodenam
1344 2347 1612 2404 pullinarum
1625 2347 1694 2389 vel
1708 2331 1897 2403 quatuor
1913 2348 2075 2390 solidos
2096 2353 2268 2392 monete
2285 2349 2474 2405 predicte

518 2445 597 2485 pro
618 2434 760 2486 pretio
783 2429 1014 2471 earundem
1033 2428 1079 2470 in
1100 2429 1275 2485 optione
1293 2427 1507 2471 soluentis
1528 2441 1715 2470 unacum
1731 2441 1899 2469 summa
1912 2428 2043 2470 trium
2060 2428 2294 2471 solidorum
2310 2433 2354 2471 et
2369 2444 2474 2485 qua-

518 2514 619 2552 tuor
639 2510 915 2552 denariorum
933 2511 1106 2551 monete
1134 2508 1326 2564 predicte
1352 2510 1564 2563 tanquam
1591 2507 1816 2563 antiquam
1842 2508 2064 2550 deuoriam
2092 2523 2172 2564 pro
2197 2509 2314 2551 dicta
2338 2510 2471 2552 tertia

518 2594 642 2646 parte
663 2585 882 2632 terrarum
913 2622 922 2631 .
959 2622 967 2630 .
1002 2621 1011 2629 .
1044 2588 1230 2630 acetiam
1259 2601 1473 2630 summam
1503 2586 1635 2629 trium
1660 2574 1895 2629 solidorum
1920 2591 1964 2630 et
1985 2591 2174 2643 quatuor
2193 2589 2470 2631 denariorum

518 2674 690 2713 monete
710 2669 902 2726 predicte
924 2668 970 2710 in
990 2667 1392 2723 augmentationem
1413 2667 1554 2709 nostri
1575 2666 1758 2709 rentalis
1791 2699 1800 2709 .
1835 2699 1844 2709 .
1879 2699 1888 2709 .
1921 2667 1975 2709 ad
2006 2668 2115 2710 duos
2140 2669 2244 2711 anni
2260 2670 2470 2712 terminos

517 2755 748 2793 consuetos
771 2782 781 2791 .
806 2782 815 2791 .
839 2781 849 2791 .
871 2762 1040 2790 necnon
1052 2746 1249 2789 faciendo
1263 2760 1414 2788 omnes
1428 2745 1539 2788 alias
1552 2745 1823 2788 conditiones
1837 2750 1882 2788 et
1894 2747 2180 2803 prouisiones,
2196 2762 2246 2791 ac
2261 2749 2469 2792 soluendo

516 2835 560 2873 et
573 2829 770 2873 faciendo
792 2842 942 2871 omnes
956 2826 1066 2869 alias
1080 2825 1282 2868 deuorias
1296 2829 1341 2868 et
1354 2825 1535 2868 seruitia
1548 2825 1762 2881 episcopis
1779 2825 1832 2867 de
1854 2825 2044 2868 Brechin
2076 2859 2086 2869 .
2119 2859 2129 2870 .
2163 2859 2174 2870 .
2205 2832 2337 2871 antea
2358 2830 2471 2872 solui

515 2915 561 2954 et
580 2910 674 2953 fieri
698 2909 828 2952 solita
859 2941 869 2952 .
903 2941 913 2950 .
946 2940 956 2950 .
987 2921 1155 2949 necnon
1177 2905 1359 2948 heredes
1390 2905 1495 2947 dicti
1526 2904 1681 2947 Jacobi
1711 2905 1969 2962 duplicando
1999 2906 2160 2949 dictam
2181 2907 2471 2951 feudifirmam

516 3024 525 3033 .
561 3024 570 3033 .
604 3024 614 3033 .
645 2991 785 3046 primo
818 3003 933 3031 anno
964 3001 1113 3030 eorum
1153 2985 1361 3028 introitus
1392 3017 1402 3027 .
1437 3017 1446 3027 .
1480 3017 1489 3028 .
1522 2984 1706 3028 aeetiam
1740 2985 1948 3029 soluendo
1981 2988 2209 3030 annuatim
2242 3003 2322 3044 pro
2355 2990 2470 3033 dicto

515 3075 764 3115 tenemento
785 3071 913 3112 horto
933 3069 1090 3110 horreo
1124 3069 1169 3109 et
1201 3065 1315 3108 acris
1347 3068 1464 3108 terre
1491 3065 1745 3121 prescriptis
1767 3079 1983 3108 summam
2012 3067 2146 3109 trium
2169 3067 2406 3111 solidorum
2427 3075 2471 3112 et

516 3156 703 3208 quatuor
734 3149 1011 3192 denariorum
1046 3146 1215 3189 usualis
1247 3149 1420 3188 monete
1451 3145 1584 3200 hujus
1623 3145 1749 3201 regni
1779 3177 1789 3187 .
1824 3178 1833 3188 .
1866 3178 1877 3188 .
1908 3161 1959 3188 ac
2001 3147 2133 3190 etiam
2177 3149 2384 3192 soluendo
2425 3151 2469 3192 in

517 3231 918 3289 augmentationem
939 3227 1079 3271 nostri
1095 3225 1280 3268 rentalis
1312 3258 1321 3267 .
1355 3258 1365 3267 .
1399 3257 1408 3268 .
1442 3238 1657 3267 summam
1673 3225 1807 3267 trium
1824 3225 2061 3269 solidorum
2084 3232 2256 3271 monete
2278 3230 2469 3285 predicte

520 3345 529 3355 .
562 3345 572 3355 .
607 3345 616 3355 .
650 3312 837 3368 Insuper
866 3309 1036 3352 dilectis
1066 3308 1230 3350 nostris
1263 3338 1272 3348 .
1306 3338 1316 3348 .
1349 3339 1358 3348 .
1391 3305 1553 3348 Joanni
1585 3304 1752 3361 Owdny
1781 3305 1834 3346 de
1866 3304 2035 3348 Kethik

518 3392 676 3435 baliuis
693 3391 856 3434 nostris
888 3423 898 3433 .
931 3422 941 3432 .
975 3423 984 3432 .
1015 3388 1279 3445 precipimus
1313 3419 1322 3427 .
1357 3418 1365 3427 .
1400 3423 1408 3428 .
1441 3388 1658 3440 quatenus
1691 3417 1700 3427 .
1734 3417 1743 3427 .
1777 3417 1787 3426 .
1821 3386 2011 3428 sasinam
2032 3388 2339 3431 hereditariam
2373 3421 2381 3430 .
2415 3422 2424 3430 .
2460 3422 2467 3430 .

520 3473 732 3514 dictarum
749 3471 932 3512 duarum
950 3469 1177 3511 tertiarum
1199 3466 1390 3522 partium
1406 3468 1623 3507 terrarum
1644 3465 1748 3507 ville
1771 3465 1824 3507 de
1845 3465 1979 3509 Ester
1999 3467 2202 3511 Drwmes
2224 3474 2269 3512 et
2289 3470 2473 3512 duarum
