3022 3964
422 2241 542 2288 VII.

567 624 600 677 8
1119 625 1411 688 CARTAE
1456 624 1951 682 ORIGINALES.
2021 685 2030 695 ‚

566 818 615 861 et
651 814 710 862 de
748 814 957 872 Monros,
994 818 1053 865 de
1089 833 1252 866 eorum
1278 815 1451 880 burgis,
1477 816 1720 879 hucusque
1755 817 1898 873 facta,
1934 817 2007 864 vel
2043 818 2090 865 in
2126 822 2367 881 posterum
2391 821 2506 869 faci-

566 904 701 959 enda,
725 903 774 951 in
797 909 1078 969 perpetuum
1114 906 1188 954 vel
1223 907 1285 954 ad
1318 909 1507 969 tempus
1545 932 1555 943 ·
1593 905 1751 961 Quare
1778 905 1994 954 omnibus
2018 910 2067 954 et
2091 906 2287 970 singulis
2309 909 2505 972 burgen-

565 992 698 1041 sibus
721 997 770 1041 et
793 993 1019 1044 fratribus
1041 994 1273 1058 gildarum
1297 995 1532 1043 dictorum
1555 994 1807 1057 burgorum
1832 995 1891 1042 de
1917 994 2090 1043 Dunde
2126 999 2175 1043 et
2212 997 2271 1044 de
2297 996 2504 1053 Monros,

566 1082 832 1146 ceterisque
868 1099 1067 1147 quorum
1102 1084 1316 1139 interest,
1351 1083 1427 1131 vel
1460 1083 1690 1131 interesse
1726 1083 1982 1147 potuerint,
2006 1083 2203 1133 firmiter
2227 1085 2504 1142 inhibemus,

566 1187 625 1218 ne
661 1171 767 1234 quis
800 1171 1005 1236 aliquem
1029 1177 1347 1222 mercatorum
1382 1171 1701 1236 predictorum
1737 1171 1895 1220 villam
1932 1173 1991 1220 de
2027 1173 2234 1221 Brechin
2268 1190 2354 1238 pro
2388 1179 2507 1223 tem-

565 1277 679 1324 pore
703 1261 1086 1316 inhabitantium,
1112 1266 1279 1310 contra
1312 1262 1434 1310 hanc
1467 1265 1677 1310 nostram
1714 1261 2079 1318 concessionem,
2101 1278 2299 1325 grauate
2323 1268 2506 1326 pertur-

565 1350 693 1406 bare,
731 1349 806 1398 vel
843 1349 1115 1414 aliqualiter
1151 1351 1381 1414 impedire
1405 1353 1665 1414 presumat,
1703 1350 1791 1398 sub
1829 1365 1953 1413 pena
1990 1367 2082 1414 que
2119 1351 2292 1400 exinde
2327 1354 2504 1416 poterit

566 1439 815 1502 prouenire
853 1467 863 1477 ·
902 1439 961 1487 In
1000 1439 1136 1488 cuius
1174 1439 1242 1487 rei
1280 1438 1620 1494 testimonium,
1661 1439 1871 1502 presenti
1912 1443 2044 1487 carte
2085 1444 2259 1496 nostre,
2300 1441 2504 1506 sigillum

565 1531 777 1577 nostrum
814 1528 1110 1593 precepimus
1141 1529 1316 1593 apponi
1355 1556 1365 1566 ·
1403 1527 1627 1577 Testibus
1665 1526 2010 1576 venerabilibus
2046 1528 2094 1576 in
2134 1529 2325 1579 Christo
2360 1535 2507 1594 patri-

565 1618 665 1672 bus,
695 1617 943 1666 Willelmo
981 1618 1220 1681 Episcopo
1245 1616 1410 1665 Sancti
1445 1617 1651 1672 Andree‚
1690 1619 1739 1664 et
1779 1615 1999 1665 Waltero
2041 1618 2279 1682 Episcopo
2308 1619 2507 1684 Glasgu-

566 1707 681 1761 ensi,
723 1706 938 1755 Roberto
978 1705 1227 1755 senescalli
1275 1705 1442 1754 Scocie
1490 1709 1663 1769 nepote
1709 1708 1887 1760 nostre,
1936 1705 2181 1755 Willelmo
2227 1698 2400 1758 comite
2447 1711 2505 1758 de

565 1794 791 1858 Douglas,
814 1794 848 1842 J
852 1795 1001 1844 acobo
1026 1795 1084 1842 de
1109 1794 1337 1858 Douglas,
1374 1797 1424 1843 et
1460 1793 1706 1842 Willelmo
1743 1795 1802 1842 de
1837 1783 2200 1858 Dischingtoun,
2223 1796 2454 1848 militibus
2494 1829 2503 1838 ·

566 1884 709 1947 Apud
735 1884 1011 1948 Edinburgh
1037 1887 1208 1947 quarto
1232 1884 1309 1932 die
1335 1882 1516 1948 Aprilis
1553 1912 1563 1921 -
1602 1884 1742 1931 Anno
1770 1884 1900 1946 regni
1923 1884 2074 1933 nostri
2098 1885 2455 1951 quadragesimo
2492 1927 2502 1937 .

568 2085 760 2134 Creatio
785 2087 843 2133 de
868 2086 1078 2134 Lethnot
1104 2085 1152 2133 in
1176 2085 1464 2149 prebendam
1503 2113 1513 2123 ·

577 2210 865 2291 Uniuersis
887 2241 1064 2290 Sancte
1102 2241 1278 2289 Matris
1311 2240 1510 2289 ecclesie
1544 2240 1654 2289 filiis
1688 2242 1749 2288 ad
1786 2257 1984 2305 quorum
2013 2241 2238 2291 noticiam
2261 2248 2506 2306 presentes

566 2331 708 2381 litere
731 2331 1034 2395 peruenerint
1073 2358 1083 2367 ·
1121 2329 1393 2393 Stephanus
1419 2329 1512 2378 Dei
1536 2329 1696 2393 gracia
1721 2330 1986 2394 Episcopus
2010 2330 2344 2382 Brechinensis
2367 2334 2505 2382 Salu-

567 2426 664 2469 tem
690 2421 739 2468 in
762 2419 970 2468 omnium
994 2417 1245 2467 Saluatore
1283 2446 1293 2456 ·
1331 2418 1452 2466 Cum
1477 2419 1636 2467 omnia
1667 2419 1778 2482 jura
1813 2419 1975 2468 diuina
1996 2421 2177 2484 pariter
2212 2426 2262 2470 et
2300 2422 2505 2471 humana

567 2510 745 2559 cultum
771 2509 986 2558 diuinum
1007 2507 1139 2556 licite
1163 2507 1482 2571 ampliandum
1506 2509 1803 2571 augmentari
1828 2509 2097 2558 desiderent
2137 2514 2185 2558 et
2222 2527 2316 2559 non
2353 2512 2503 2560 solum

567 2598 984 2662 augmentantibus
1038 2625 1048 2635 -
1100 2612 1263 2645 verum
1304 2598 1454 2645 eciam
1499 2598 1794 2660 augmentari
1842 2599 2204 2661 procurantibus
2259 2600 2390 2663 pium
2441 2603 2504 2650 sit

567 2688 857 2737 meritorium
882 2691 931 2735 et
954 2685 1191 2735 laudabile
1229 2714 1240 2724 ·
1278 2687 1520 2735 Noueritis
1558 2703 1644 2736 nos
1682 2688 1739 2734 de
1778 2691 1827 2736 et
1864 2703 1970 2736 cum
2007 2689 2243 2737 communi
2266 2694 2430 2738 mutuo
2453 2695 2503 2738 et

570 2778 779 2826 unanimi
802 2791 1034 2825 consensu
1071 2779 1121 2824 et
1157 2791 1353 2824 assensu
1390 2775 1600 2840 Capituli
1634 2776 1785 2825 nostri
1822 2804 1832 2814 ·
1870 2776 2054 2825 Habito
2075 2792 2217 2841 super
2251 2777 2341 2826 hoc
2374 2779 2504 2841 prius

569 2865 783 2929 diligenti
806 2864 1036 2928 solempni
1059 2868 1110 2913 et
1131 2864 1367 2927 frequenti
1389 2869 1602 2914 tractatu
1620 2865 1668 2912 in
1687 2866 1853 2914 eodem
1877 2869 2039 2914 nostro
2057 2865 2279 2930 capitulo,
2304 2866 2502 2914 ecclesie

569 2959 728 3004 nostre
752 2955 800 3002 in
823 2954 914 3002 hoc
936 2953 1144 3002 vtilitate
1167 2958 1216 3002 et
1239 2955 1489 3004 honestate
1523 2954 1736 3018 pensatis
1773 2982 1783 2992 ·
1820 2955 2094 3004 Accedente
2128 2954 2279 3002 eciam
2316 2955 2376 3002 ad
2414 2955 2502 3003 hoc

570 3044 813 3092 voluntate
852 3058 1083 3092 consensu
1119 3047 1169 3091 et
1206 3048 1373 3106 rogatu
1415 3042 1610 3108 speciali
1648 3041 1821 3091 nobilis
1857 3043 1945 3091 viri
1985 3046 2035 3091 et
2075 3043 2285 3106 potentis
2326 3043 2502 3091 domini

571 3133 729 3181 Dauid
756 3133 813 3179 de
840 3132 1120 3195 Lyndyssay
1142 3130 1308 3181 militis
1331 3131 1507 3180 domini
1531 3132 1591 3179 de
1615 3130 1824 3180 Glenesk
1861 3131 1959 3179 veri
1997 3135 2047 3180 et
2083 3130 2279 3194 legitimi
2314 3133 2501 3194 patroni

571 3221 769 3270 ecclesie
810 3205 1118 3284 parrochialis
1152 3221 1210 3268 de
1248 3220 1486 3269 Lethnoth
1533 3223 1695 3268 nostre
1730 3219 1945 3268 dioecesis
1981 3247 1991 3258 ·
2029 3219 2087 3267 In
2130 3219 2294 3267 eadem
2340 3224 2503 3268 nostra

570 3310 772 3358 ecclesia
812 3308 1086 3357 Cathedrali
1128 3308 1438 3359 Brechinensi
1475 3308 1738 3372 predictam
1777 3307 2026 3357 ecclesiam
2060 3307 2403 3372 parrochialem
2441 3309 2498 3355 de
