3016 3958
140 1996 519 2039 CCCCXXXHI.

552 622 661 676 408
1035 619 1468 676 LITERAE
1536 620 1995 674 PAPALES.

553 802 634 842 bus
673 832 681 840 .
719 829 729 839 .
768 830 778 840 .
815 798 1079 855 apostolicis,
1101 812 1267 841 necnon
1296 798 1487 854 predicte
1519 798 1825 839 Brechinensis
1855 801 1901 839 et
1930 797 2114 839 aliarum
2148 829 2158 839 .
2193 829 2201 839 .
2239 831 2248 839 .
2283 798 2487 841 ecclesia-

552 894 647 921 rum
690 911 699 921 .
744 909 754 919 .
797 911 806 920 .
845 878 1023 920 statutis
1059 882 1103 920 et
1143 877 1526 920 consuetudinibus
1561 877 1802 932 ceterisque
1835 876 2066 919 contrariis
2102 891 2374 933 nequaquam
2415 878 2489 920 ob-

551 958 781 1007 stantibus,
805 957 1063 999 auctoritate
1084 956 1323 1012 apostolica
1353 989 1362 998 .
1396 989 1405 999 .
1439 987 1451 998 .
1481 957 1533 998 de
1554 956 1730 1013 speciali
1754 956 1899 1012 gratia
1918 956 2219 1012 dispensamus
2254 989 2262 998 .
2294 957 2488 1013 Proviso,

550 1039 662 1093 quod
695 1038 929 1079 decanatus
966 1040 1011 1078 et
1044 1035 1132 1078 alia
1166 1036 1374 1078 beneficia
1407 1036 1749 1092 incompatibilia
1784 1036 2031 1091 hujusmodi
2065 1036 2223 1079 debitis
2259 1041 2489 1093 propterea

549 1132 634 1160 non
665 1116 919 1159 fraudentur
949 1115 1180 1172 obsequiis,
1208 1120 1253 1158 et
1281 1116 1522 1158 animarum
1553 1130 1658 1158 cura
1686 1116 1732 1158 in
1762 1116 2156 1172 incompatibilibus
2176 1117 2410 1168 beneficiis,
2433 1118 2490 1160 si-

547 1210 632 1252 qua
660 1195 748 1237 illis
779 1195 1019 1244 immineat,
1055 1209 1106 1236 ac
1141 1194 1356 1237 decanatu
1387 1195 1593 1251 predictis
1634 1195 1885 1238 nullatenus
1915 1195 2164 1252 negligatur
2195 1229 2204 1238 .
2239 1227 2249 1237 .
2282 1229 2291 1239 .
2324 1197 2487 1240 Datum

547 1277 696 1326 Rome,
719 1275 833 1331 apud
866 1274 1073 1317 Sanctum
1096 1274 1290 1326 Petrum,
1314 1289 1427 1318 anno
1457 1275 1768 1318 incarnationis
1792 1275 2015 1319 Dominice
2036 1277 2265 1320 millesimo
2286 1278 2490 1333 quadrin-

545 1356 785 1412 gentesimo
806 1355 1165 1411 quinquagesimo
1195 1356 1362 1411 quinto,
1390 1356 1573 1411 septimo
1607 1356 1710 1397 Idus
1743 1355 1771 1398 J
1777 1355 1878 1405 unii,
1909 1356 2194 1399 Pontificatus
2215 1358 2355 1400 nostri
2375 1371 2487 1400 anno

546 1437 683 1492 primo
715 1468 725 1477 .

1641 1514 1690 1556 L.
1713 1515 1765 1556 de
1787 1514 2028 1558 Castiliano
2049 1520 2094 1558 et
2113 1517 2165 1558 de
2187 1516 2387 1559 Venetiis
2420 1548 2430 1559 .

1639 1594 1682 1635 J.
1714 1594 1887 1637 Bouron
1919 1628 1928 1637 .

546 1836 740 1880 Provisio
762 1836 936 1879 Ricardi
958 1836 1093 1893 Wyly
1113 1837 1168 1879 ad
1189 1835 1586 1889 archidiaconatum
1612 1837 1946 1880 Brechinensem
1980 1871 1989 1879 .

546 1983 662 2038 Pius
700 1996 759 2038 II.
796 2000 877 2038 etc.
910 2027 919 2038 .
953 1995 1290 2038 Venerabilibus
1325 1995 1535 2038 fratribus
1574 1995 1722 2038 Sancti
1760 1996 1934 2038 Andree
1966 1999 2010 2038 et
2042 1995 2232 2038 Siluensi
2263 1996 2490 2053 Episcopis

544 2090 593 2118 ac
623 2075 779 2118 dilecto
809 2075 898 2118 filio
929 2075 1098 2118 officiali
1129 2075 1429 2118 Aberdonensi
1452 2075 1647 2117 Salutem
1675 2079 1755 2118 etc.
1792 2107 1800 2116 .
1832 2075 2077 2118 Literarum
2109 2075 2290 2118 scientia
2319 2077 2408 2118 vite
2441 2091 2491 2118 ac

544 2170 711 2198 morum
742 2156 947 2198 honestas
977 2155 1148 2211 aliaque
1177 2154 1414 2197 laudabilia
1437 2155 1668 2211 probitatis
1689 2159 1734 2197 et
1754 2155 1965 2198 virtutum
1989 2158 2156 2205 merita,
2181 2170 2310 2211 super
2334 2157 2490 2211 quibus

543 2237 657 2292 apud
687 2251 767 2278 nos
798 2236 980 2279 dilectus
1008 2236 1126 2278 filius
1156 2235 1369 2278 Ricardus
1398 2235 1547 2292 Wyly,
1579 2237 1807 2292 presbyter
1838 2236 2143 2279 Brechinensis
2173 2236 2370 2286 diocesis,
2399 2251 2489 2278 ma·

542 2317 680 2372 gister
699 2317 743 2358 in
765 2317 946 2367 artibus,
966 2316 1183 2372 fidedigno
1211 2316 1540 2359 commendatur
1559 2316 1822 2366 testimonio,
1854 2329 1934 2358 nos
1963 2316 2173 2358 inducunt
2202 2321 2252 2358 ut
2283 2316 2364 2358 sibi
2394 2317 2490 2358 red-

542 2396 696 2438 damur
725 2396 780 2438 ad
810 2396 996 2453 gratiam
1030 2395 1234 2438 liberales
1265 2427 1275 2438 .
1307 2395 1516 2438 Exhibita
1547 2396 1759 2451 siquidem
1792 2396 1917 2438 nobis
1952 2410 2090 2451 nuper
2119 2410 2197 2451 pro
2227 2401 2352 2452 parte
2385 2397 2487 2438 dieti

543 2475 717 2518 Ricardi
757 2475 908 2531 petitio
950 2475 1212 2531 continebat,
1247 2475 1362 2530 quod
1397 2475 1499 2517 olim
1541 2475 1597 2517 ad
1633 2474 1895 2517 audientiam
1927 2506 1936 2517 .
1971 2505 1981 2516 .
2013 2507 2023 2517 .
2061 2475 2218 2518 Calisti
2250 2476 2367 2532 Pape
2403 2477 2490 2518 III.

543 2556 858 2612 predecessoris
878 2556 1030 2606 nostri,
1054 2555 1203 2597 eodem
1234 2555 1420 2597 Ricardo
1445 2555 1679 2611 deferente,
1712 2555 1895 2597 deducto
1926 2555 2040 2611 quod
2071 2556 2244 2611 quidam
2268 2555 2488 2599 Gilbertus

544 2635 735 2684 Forster,
757 2635 859 2677 olim
881 2635 1209 2677 archidiaconus
1230 2634 1409 2676 ecclesie
1441 2635 1761 2684 Brechinensis,
1783 2634 2055 2677 clericalibus
2075 2635 2273 2677 decentia
2293 2640 2338 2678 et
2368 2651 2488 2678 man-

544 2715 771 2758 suetudine
812 2728 992 2771 prorsus
1032 2715 1228 2769 abjectis,
1274 2714 1514 2770 spirituque
1555 2714 1802 2757 obstinatus
1842 2715 1997 2764 dictus,
2042 2715 2085 2756 in
2130 2715 2241 2757 bone
2282 2717 2485 2758 memorie

545 2795 786 2837 Johannem
817 2795 1062 2851 episcopum
1094 2794 1429 2836 Brechinensem
1459 2808 1615 2837 manus
1636 2808 1746 2836 ausu
1768 2793 1979 2850 sacrilego
2000 2795 2044 2835 in
2066 2794 2182 2837 dicta
2211 2795 2392 2837 ecclesia
2423 2795 2487 2837 in-

538 2877 705 2931 jecerat
733 2879 894 2917 temere
915 2874 1144 2924 violentas,
1177 2878 1222 2916 et
1250 2878 1481 2930 propterea
1512 2873 1969 2916 excommunicationis
2001 2873 2217 2916 sententia
2247 2874 2292 2915 in
2316 2874 2428 2916 tales
2459 2890 2485 2916 a

543 2968 706 2997 canone
726 2954 987 3010 generaliter
1006 2955 1282 3010 promulgata
1302 2954 1536 2996 innodatus
1568 2969 1614 2996 se
1644 2954 1804 2996 divinis
1826 2953 1976 2995 officiis
1999 2953 2239 2995 immiscere
2261 2968 2485 3010 presump-

545 3039 675 3085 serat,
705 3035 749 3075 in
771 3035 911 3075 anime
938 3047 1013 3075 sue
1034 3034 1287 3089 periculum,
1310 3033 1523 3075 clericalis
1543 3033 1770 3089 dignitatis
1801 3032 2091 3089 opprobrium,
2123 3046 2173 3074 ac
2202 3032 2486 3088 plurimorum

545 3113 793 3157 scandalum
814 3113 1100 3168 perniciosum
1121 3113 1285 3169 pariter
1300 3112 1544 3168 exemplum
1576 3142 1586 3152 .
1620 3112 1741 3154 Idem
1762 3112 2041 3168 predecessor
2060 3112 2290 3154 attendens
2312 3114 2426 3168 quod
2448 3115 2484 3155 si

544 3198 661 3237 esset
695 3194 772 3242 ita,
808 3192 1025 3247 predictus
1063 3191 1284 3235 Gilbertus
1331 3192 1683 3235 archidiaconatu
1720 3192 1832 3233 dicte
1873 3191 2067 3240 ecclesie,
2104 3206 2231 3247 quem
2266 3196 2370 3234 tunc
2410 3194 2485 3234 ob-

543 3276 747 3323 tinuerat,
789 3271 1034 3314 reddiderat
1075 3286 1120 3313 se
1160 3272 1398 3328 indignum,
1441 3287 1491 3314 ac
1534 3272 1682 3314 volens
1725 3271 1841 3314 dicto
1887 3270 2073 3313 Ricardo
2117 3272 2304 3327 gratiam
2345 3272 2484 3313 facere

546 3352 790 3410 specialem,
827 3350 965 3394 voluit
1000 3355 1046 3393 et
1080 3352 1294 3394 concessit
1328 3355 1445 3394 certo
1478 3352 1612 3406 judici
1649 3351 1743 3394 dari
1778 3350 1822 3392 in
1857 3350 2074 3393 mandatis
2111 3354 2158 3392 ut
2195 3352 2232 3392 si
2268 3351 2485 3406 predictus
