3016 3958
539 622 648 677 358
1010 617 1322 674 CARTAE
1361 614 1983 671 MISCELLANEAE.

541 798 749 839 orientem
770 797 932 838 fluxum
953 796 1086 837 maris
1106 795 1160 835 ad
1181 798 1375 836 austrum
1398 798 1441 835 et
1461 794 1619 835 dictam
1641 794 1751 834 viam
1785 806 1871 847 qua
1890 792 1979 834 itur
2009 792 2064 834 ab
2095 792 2386 848 Inuergowrie
2407 791 2462 834 ad

541 877 698 919 dictam
715 880 884 931 portam
899 873 1086 930 Ergadie
1104 873 1176 928 [ad
1192 871 1383 925 boream]
1399 886 1410 920 ;
1427 871 1672 926 jacentibus
1685 871 1730 912 in
1742 871 1945 913 barronia
1964 870 2017 912 de
2038 869 2208 912 Dundie
2225 871 2337 913 infra
2351 871 2464 913 vice-

543 955 792 998 comitatum
813 953 865 994 de
891 952 1070 1000 Forfar3
1101 951 1300 993 tenendis
1319 951 1372 991 de
1394 950 1508 992 dicto
1540 949 1763 1005 capellano
1793 950 1906 991 dicte
1937 949 2174 1005 capellanie
2195 953 2240 992 et
2261 950 2350 992 suis
2372 964 2466 992 suc-

542 1033 784 1075 cessoribus
813 1031 858 1072 in
878 1030 1119 1072 feudifirma
1138 1033 1183 1071 et
1202 1029 1442 1071 hereditate
1463 1032 1543 1070 etc.
1574 1058 1585 1071 .
1617 1028 1746 1084 Apud
1767 1028 2108 1070 Halieruidhous
2128 1028 2291 1070 decimo
2313 1033 2467 1071 octauo

543 1111 609 1153 die
628 1110 789 1152 mensis
802 1108 965 1165 Aprilis
985 1122 1098 1151 anno
1115 1107 1290 1149 Domini
1310 1107 1537 1150 millesimo
1559 1107 1906 1163 quingentesimo
1927 1108 2219 1164 octuagesimo
2241 1108 2423 1164 septimo
2455 1138 2467 1149 .

285 1343 520 1386 CCCLXI.
544 1334 807 1401 Preceptum
838 1351 955 1387 carte
985 1345 1322 1387 confirmationis
1359 1359 1489 1401 super
1522 1348 1645 1388 carta
1678 1345 1918 1387 feudifirme
1951 1345 2069 1387 facta
2103 1360 2180 1401 per
2210 1346 2467 1402 magistrum

543 1424 804 1481 Dougallum
827 1424 1051 1480 Campbell
1070 1424 1279 1466 decanum
1296 1424 1631 1466 Brechinensem
1648 1438 1744 1466 cum
1777 1456 1787 1466 .
1820 1454 1831 1465 .
1864 1456 1874 1466 .
1906 1438 2119 1466 consensu
2150 1456 2163 1466 .
2195 1454 2206 1465 .
2236 1456 2246 1466 .
2278 1425 2468 1481 episcopi

548 1503 845 1546 canonicorum
882 1506 927 1545 et
961 1502 1140 1558 capituli
1174 1502 1353 1544 ecclesie
1388 1503 1649 1545 cathedralis
1683 1503 1875 1545 eiusdem
1911 1503 2075 1545 «Iacobo
2113 1503 2347 1546 Schewane
2381 1504 2471 1546 filio

547 1583 760 1639 quondam
784 1581 926 1623 Dauid
960 1581 1193 1623 Schewane
1224 1581 1332 1624 ciuis
1362 1581 1667 1624 Brechinensis
1699 1582 1872 1637 suisque
1902 1582 2132 1625 heredibus
2163 1585 2208 1625 et
2236 1583 2473 1638 assignatis

544 1662 867 1718 quibuscunque
888 1660 940 1702 de
972 1692 982 1702 .
1017 1693 1027 1702 .
1060 1691 1070 1702 .
1101 1660 1205 1703 dicti
1226 1660 1377 1702 decani
1398 1661 1620 1702 mansione
1649 1675 1745 1702 cum
1772 1661 1970 1703 domibus
2001 1694 2011 1703 .
2045 1691 2056 1702 .
2089 1691 2099 1702 .
2130 1662 2270 1704 hortis
2302 1694 2311 1703 .
2344 1694 2353 1704 .
2386 1694 2396 1704 .
2429 1667 2474 1703 et

543 1739 813 1796 pertinentiis
835 1739 1024 1782 eiusdem
1050 1740 1223 1794 jacente
1253 1739 1367 1781 infra
1396 1739 1556 1781 dictam
1589 1739 1822 1781 Ciuitatem
1854 1740 1906 1781 de
1938 1740 2125 1782 Brechin
2156 1740 2270 1782 inter
2298 1741 2472 1783 hortum

543 1822 723 1865 rectoris
743 1822 795 1864 de
818 1822 1006 1864 Kilmoir
1025 1822 1235 1878 magistro
1263 1822 1512 1864 Alexandro
1541 1822 1677 1864 Norie
1704 1836 1818 1864 nunc
1850 1826 2117 1878 spectantem
2139 1837 2192 1864 ex
2218 1823 2472 1865 occidentali

544 1905 779 1944 torrentem
815 1902 871 1943 lie
905 1901 1080 1957 College
1112 1901 1257 1942 Burne
1291 1904 1585 1957 nuncupatum
1621 1916 1674 1942 ex
1709 1901 1892 1943 australi
1927 1901 2100 1943 hortum
2133 1905 2178 1943 et
2206 1902 2473 1944 mansionem

546 1981 807 2037 pensionarii
844 1995 895 2022 ex
932 1980 1132 2022 orientali
1167 1983 1213 2022 et
1246 1980 1462 2036 publicam
1492 1980 1607 2022 viam
1639 1994 1725 2035 qua
1754 1980 1845 2022 itur
1873 1993 1900 2021 a
1930 1979 2111 2035 collegio
2142 1980 2188 2021 in
2217 1980 2377 2022 dictam
2408 1995 2476 2022 ec-

548 2061 722 2102 clesiam
753 2060 805 2101 de
837 2059 1022 2101 Brechin
1053 2074 1107 2101 ex
1136 2059 1300 2101 boreali
1329 2059 1528 2115 partibus
1558 2059 1613 2100 ab
1644 2073 1731 2100 una
1760 2062 1805 2100 et
1833 2058 1961 2108 aliis;
1997 2059 2185 2101 tenenda
2218 2059 2270 2100 de
2305 2059 2474 2115 prefato

550 2139 711 2181 decano
753 2139 1032 2181 Brechinensi
1072 2138 1246 2193 suisque
1288 2137 1607 2180 successoribus
1646 2137 1692 2179 in
1732 2137 1974 2179 feudifirma
2010 2169 2020 2180 .
2059 2170 2068 2179 .
2104 2170 2113 2178 .
2152 2141 2197 2179 et
2235 2138 2475 2181 hereditate

551 2218 865 2273 imperpetuum
905 2221 983 2259 etc.
1019 2249 1030 2259 .
1066 2217 1196 2272 Apud
1234 2216 1576 2258 Halieruidhous
1614 2216 1864 2258 duodecimo
1904 2215 1972 2258 die
2012 2216 2174 2258 mensis
2214 2215 2321 2259 Maii
2361 2231 2474 2262 anno

551 2297 724 2339 Domini
747 2308 781 2337 M
803 2302 846 2338 νῦ
867 2295 1158 2352 octuagesimo
1179 2295 1362 2351 septimo
1393 2326 1405 2336 .

275 2532 527 2575 CCCLXII.
552 2519 844 2588 Praeceptum
875 2534 1019 2575 cartae
1052 2531 1388 2574 confirmationis
1410 2544 1540 2588 super
1560 2535 1683 2574 carta
1705 2531 1973 2574 feudifirmae
2003 2532 2120 2576 facta
2150 2548 2178 2576 a
2207 2534 2321 2577 dicto
2343 2535 2475 2578 Alex-

552 2611 684 2653 andro
719 2611 918 2666 episcopo
954 2611 1234 2653 Brechinensi
1269 2625 1366 2652 cum
1401 2624 1614 2652 consensu
1651 2611 1896 2666 supradicto
1936 2611 2126 2654 Johanni
2161 2613 2388 2670 Lychtoun
2422 2616 2476 2657 de

553 2689 827 2731 Ullisheavin
862 2693 906 2731 et
939 2689 1195 2731 haeredibus
1237 2689 1327 2732 suis
1361 2690 1567 2732 masculis
1601 2690 1653 2731 de
1689 2704 1865 2746 corpore
1902 2705 1979 2733 suo
2015 2691 2205 2747 legitime
2239 2695 2476 2749 procreatis

555 2782 630 2810 seu
660 2768 935 2823 procreandis
965 2768 1120 2823 quibus
1149 2768 1446 2811 deficientibus
1475 2769 1732 2811 haeredibus
1753 2770 1844 2811 suis
1863 2770 2066 2813 masculis
2087 2772 2411 2828 quibuscunque
2432 2776 2478 2816 et

555 2846 787 2901 assignatis
817 2850 1030 2888 terrarum
1063 2847 1115 2888 de
1154 2846 1272 2903 Oapo
1308 2861 1404 2889 cum
1442 2847 1532 2890 suis
1567 2848 1840 2903 pertinentiis
1869 2849 2109 2903 jacentium
2139 2850 2184 2890 in
2214 2851 2393 2892 baronia
2423 2853 2475 2892 de

558 2924 721 2965 Kethik
741 2925 853 2966 infra
882 2925 1226 2968 vicecomitatum
1256 2926 1309 2968 de
1340 2926 1525 2976 Forfar;
1555 2927 1838 2969 tenendarum
1867 2927 1920 2968 de
1950 2928 2064 2970 dicto
2085 2927 2284 2983 episcopo
2312 2932 2356 2971 et
2387 2929 2479 2971 suis

559 3003 874 3045 successoribus
904 3003 949 3044 in
977 3003 1221 3047 feudifirma
1254 3010 1299 3048 et
1331 3005 1599 3048 haereditate
1630 3037 1641 3048 .
1672 3004 1836 3049 Datum
1870 3006 1985 3062 apud
2019 3005 2230 3048 Falkland
2271 3009 2320 3048 10
2356 3006 2385 3048 J
2387 3008 2477 3049 unii

566 3081 669 3123 1587
704 3112 714 3122 .

257 3315 538 3359 CCCLXIII.
563 3301 830 3371 Preceptum
857 3321 974 3360 carte
1004 3318 1341 3362 confirmationis
1373 3333 1502 3376 super
1531 3323 1652 3363 carta
1680 3319 1918 3362 feudifirme
1945 3319 2063 3362 facta
2082 3333 2159 3376 per
2182 3319 2479 3362 Alexandrum
