3016 3958
1040 639 1330 695 CARTAE
1378 639 1879 696 ORIGINALES.
2367 641 2439 694 85

486 825 576 874 dus
598 829 735 888 pater
773 854 782 863 ·
822 855 832 864 ·
871 856 881 865 ·
918 833 967 876 et
991 829 1272 879 venerabilis
1308 830 1379 878 vir
1417 831 1651 894 Magister
1671 831 1920 879 Johannes
1942 808 2198 894 ⁸Lychtoun
2226 832 2430 878 decanus

485 918 693 968 eiusdem
735 921 817 984 qui
862 923 1126 986 Episcopus
1163 930 1213 972 et
1258 924 1481 974 Decanus
1518 925 1579 972 ad
1628 925 1829 974 eandem
1878 924 2067 972 Curiam
2119 924 2431 972 Vicecomitis

483 1008 612 1071 prius
634 1010 932 1058 concorditer
966 1012 1184 1061 submissi
1220 1012 1267 1060 in
1302 1013 1424 1061 facie
1460 1014 1588 1062 curie
1623 1018 1968 1077 proposuerunt
1998 1015 2121 1077 quod
2148 1013 2326 1077 placuit
2362 1014 2430 1061 eis

483 1113 672 1145 seruare
711 1103 759 1147 et
795 1099 952 1148 facere
990 1117 1074 1164 per
1108 1116 1218 1150 suos
1252 1102 1431 1149 seruari
1457 1103 1848 1151 consuetudinem
1872 1103 2103 1152 hactenus
2128 1103 2427 1152 obseruatam

482 1190 695 1250 tempore
721 1188 840 1236 bone
863 1190 1087 1237 memorie
1125 1190 1331 1238 Walteri
1368 1193 1603 1255 quondam
1641 1192 1976 1241 Brechinensis
2014 1192 2222 1256 episcopi
2259 1197 2307 1239 et
2342 1193 2429 1239 Jo-

482 1277 651 1326 hannis
687 1277 914 1342 Episcopi
951 1279 1162 1326 moderni
1199 1280 1271 1328 sui
1307 1280 1592 1329 successoris
1627 1297 1720 1343 quo
1755 1281 1816 1328 ad
1852 1280 2168 1329 molendinum
2208 1282 2266 1328 de
2304 1282 2429 1328 Ach-

482 1366 607 1428 douy
644 1371 694 1414 et
729 1366 897 1414 fabrile
935 1367 1254 1416 Brechinense
1295 1368 1410 1416 dicti
1449 1368 1659 1432 episcopi
1684 1385 1778 1432 quo
1813 1370 1874 1417 ad
1911 1370 2069 1417 omnia
2104 1374 2282 1434 puncta
2317 1386 2428 1417 cou-

479 1459 617 1503 tenta
650 1456 698 1503 in
733 1458 935 1520 quadam
971 1456 1139 1504 cedula
1173 1457 1368 1521 papirea
1392 1458 1588 1506 inferius
1623 1457 1803 1506 inserta
1839 1459 1896 1506 de
1933 1459 2079 1507 certis
2114 1459 2428 1522 petitionibus

480 1549 530 1593 et
554 1544 1000 1607 interrogationibus
1022 1562 1109 1610 per
1131 1551 1289 1596 certos
1310 1551 1462 1596 testes
1498 1546 1753 1596 declaratis
1789 1564 1849 1594 ex
1886 1563 2116 1596 consensu
2153 1552 2203 1596 et
2239 1549 2427 1595 ordina-

479 1634 609 1682 tione
645 1635 876 1683 dictorum
920 1635 1129 1699 episcopi
1169 1640 1218 1684 et
1254 1637 1435 1692 decani,
1460 1640 1664 1700 excepto
1699 1640 1878 1701 puncto
1914 1637 1972 1684 de
2010 1636 2151 1684 blado
2188 1642 2236 1684 et
2271 1637 2424 1684 farina

480 1740 573 1788 quo
596 1725 656 1771 ad
681 1725 948 1772 seriandum
973 1725 1182 1789 episcopi
1207 1726 1332 1789 quod
1357 1730 1587 1789 punctum
1612 1725 1861 1789 requisiuit
1887 1726 2095 1773 decanus
2120 1726 2424 1773 determinari

479 1830 564 1877 per
597 1813 794 1862 assisam
833 1818 885 1862 ut
916 1814 1039 1876 juris
1075 1818 1202 1862 esset
1240 1842 1250 1852 ·
1290 1814 1556 1878 Episcopus
1590 1815 1864 1862 antedictus
1900 1814 2075 1878 petiuit
2118 1815 2424 1862 determinari

480 1919 566 1966 per
601 1903 987 1951 consuetudinem
1030 1903 1274 1966 antiquam
1321 1903 1448 1951 sicut
1483 1904 1823 1951 concordatum
1857 1903 2002 1951 fuerit
2038 1920 2124 1967 per
2158 1908 2319 1967 partes
2367 1905 2425 1951 de

479 1991 586 2040 aliis
609 1992 798 2055 punctis
820 1991 1112 2055 subscriptis,
1138 1992 1308 2056 quibus
1344 1992 1486 2040 dictis
1521 1997 1570 2040 et
1606 1992 1862 2056 propositis
1887 1991 2045 2040 electa
2070 1996 2144 2041 est
2168 1993 2317 2041 assisa
2340 1994 2424 2040 viz.

415 2066 423 2075 ’
483 2080 753 2129 Willelmus
799 2080 1136 2144 Ochterlowny
1171 2082 1230 2128 de
1280 2080 1426 2143 Kelly
1470 2080 1634 2128 Dauid
1679 2080 1940 2145 Dempstar
1982 2082 2040 2128 de
2090 2080 2423 2129 Caraldistoun

482 2170 645 2218 Dauid
672 2171 830 2233 Rossy
866 2170 923 2217 de
960 2170 1126 2217 eodem
1163 2169 1346 2217 Thema
1371 2169 1592 2216 Fentoun
1628 2169 1687 2216 de
1726 2168 1847 2232 Ogyl
1885 2168 2133 2218 Walterus
2157 2169 2335 2217 Tulach
2364 2172 2422 2217 de

483 2261 801 2323 Bondyntoun
843 2258 1122 2307 Alexander
1159 2259 1442 2307 Crawmond
1479 2258 1538 2305 de
1576 2257 1801 2320 Melgond
1840 2257 2112 2306 Willelmus
2155 2259 2330 2321 Sumyr
2365 2260 2423 2305 de

488 2348 717 2411 Balzordy
758 2347 1002 2396 Walterus
1041 2347 1257 2410 Carnegy
1296 2348 1355 2394 de
1399 2346 1635 2410 Kynhard
1678 2346 1924 2394 Gilbertus
1967 2347 2024 2394 de
2068 2346 2220 2410 Spens
2264 2347 2421 2394 Dauid

483 2436 790 2486 Fowlartoun
815 2436 1056 2485 Henricus
1093 2436 1220 2484 Rate
1257 2435 1549 2483 Cuth'bertus
1586 2435 1690 2482 Red
1729 2435 1889 2483 Dauid
1917 2434 2126 2484 Allirdes
2151 2435 2422 2484 Willelmus

483 2528 541 2574 de
567 2526 732 2588 Nudry
756 2529 806 2573 et
832 2523 1042 2572 Michael
1066 2525 1169 2587 Ayr
1206 2552 1216 2562 -
1252 2524 1435 2579 Quibus
1469 2525 1529 2571 ad
1554 2527 1738 2587 partem
1763 2524 2019 2572 subtractis
2043 2524 2421 2572 deliberauerunt

483 2620 532 2663 et
567 2631 651 2678 per
685 2614 864 2662 dictum
902 2613 1133 2661 Thomam
1171 2613 1391 2661 Fentoun
1430 2612 1639 2660 eiusdem
1663 2613 1813 2661 assise
1838 2612 2184 2674 prolocutorem
2221 2615 2279 2661 de
2315 2615 2422 2661 sub-

482 2704 672 2767 scriptis
717 2702 909 2766 punctis
949 2706 1002 2749 ut
1042 2705 1212 2765 postea
1257 2700 1472 2764 sequitur
1516 2700 1957 2764 pronuntiauerunt,
1999 2705 2180 2764 puncta
2220 2718 2330 2750 vero
2372 2703 2418 2750 in

484 2795 614 2843 dicta
637 2791 805 2841 cedula
841 2795 1067 2839 contenta
1089 2795 1201 2839 sunt
1231 2790 1334 2846 hec,
1359 2790 1526 2854 primo,
1565 2807 1624 2853 ye
1663 2790 1746 2852 xiij
1786 2791 1857 2838 fat
1895 2790 1949 2838 of
1979 2789 2026 2838 al
2063 2794 2147 2853 yat
2185 2792 2333 2839 cumis
2369 2797 2420 2839 to

483 2901 543 2947 ye
577 2882 675 2946 myl
710 2882 764 2930 of
795 2881 1027 2942 Achdouy
1061 2884 1114 2927 to
1149 2879 1299 2943 grynd
1333 2879 1392 2927 be
1431 2877 1710 2926 Alexander
1735 2879 1925 2926 Wricht
1949 2880 2041 2926 and
2066 2879 2139 2926 his
2165 2881 2338 2928 ceteris
2372 2882 2426 2928 of

485 2982 536 3037 y⁸
569 2978 684 3022 toun
720 2972 774 3018 of
803 2970 1034 3031 Achdouy
1069 2969 1163 3016 and
1197 2975 1247 3031 y⁶
1283 2984 1349 3015 xx
1384 2967 1454 3014 fat
1490 2967 1543 3014 of
1574 2967 1611 3015 it
1644 2971 1728 3030 yat
1763 2983 1878 3030 gays
1901 2983 2038 3029 away
2063 2968 2189 3015 Item
2215 2969 2287 3017 his
2311 2975 2418 3032 part

487 3065 542 3112 of
558 3071 608 3126 y⁰
642 3063 747 3110 dam
773 3060 866 3108 and
890 3066 940 3122 y⁰
975 3056 1071 3120 myl
1094 3057 1227 3105 hows
1252 3057 1378 3104 Item
1402 3063 1452 3119 y⁰
1487 3054 1725 3118 uphaldyn
1749 3056 1842 3103 and
1866 3063 1916 3118 50
1952 3056 2132 3119 reddyn
2158 3057 2211 3104 of
2238 3066 2288 3119 y⁸
2323 3059 2417 3121 myl

487 3153 583 3201 laid
608 3152 733 3200 Item
760 3150 833 3197 his
854 3151 963 3212 part
998 3147 1052 3195 of
1079 3162 1139 3209 ye
1173 3145 1353 3209 brygyn
1389 3145 1443 3192 of
1470 3152 1520 3208 ye
1555 3143 1652 3206 myl
1675 3144 1766 3191 hed
1792 3145 1916 3192 Item
1942 3144 2070 3208 thryl
2104 3149 2156 3193 to
2190 3154 2240 3207 y⁸
2276 3148 2419 3210 deray

489 3257 601 3289 corn
638 3239 731 3288 and
754 3236 866 3285 meil
889 3236 981 3284 and
1007 3235 1144 3298 rycht
1179 3249 1280 3284 swa
1313 3238 1365 3281 to
1398 3241 1448 3296 y⁰
1483 3233 1671 3282 seriand
1708 3235 1754 3295 γ*
1789 3233 1829 3281 is
1866 3238 1918 3281 to
1957 3249 2042 3297 say
2079 3235 2133 3282 of
2162 3235 2273 3297 ylke
2311 3237 2420 3284 hus-

490 3330 614 3377 band
655 3344 715 3376 an
755 3326 888 3375 thraf
923 3325 976 3373 of
1010 3339 1122 3372 corn
1163 3323 1256 3371 and
1295 3321 1398 3369 half
1429 3338 1490 3369 an
1527 3321 1668 3369 ferlot
1704 3322 1758 3369 of
1786 3321 1909 3377 meil,
1945 3323 2037 3370 and
2074 3323 2128 3371 of
2154 3323 2264 3386 ylke
2290 3330 2422 3374 coter
