<?xml version="1.0" encoding="UTF-8"?>
<!DOCTYPE html PUBLIC "-//W3C//DTD XHTML 1.0 Transitional//EN"
    "http://www.w3.org/TR/xhtml1/DTD/xhtml1-transitional.dtd">
<html xmlns="http://www.w3.org/1999/xhtml" xml:lang="en" lang="en">
 <head>
  <title>
</title>
<meta http-equiv="Content-Type" content="text/html;charset=utf-8" />
  <meta name='ocr-system' content='tesseract 3.04.00' />
  <meta name='ocr-capabilities' content='ocr_page ocr_carea ocr_par ocr_line ocrx_word'/>
</head>
<body>
  <div class='ocr_page' id='page_1' title='image "./registrumepiscop02brecuoft_0041.png"; bbox 0 0 3022 3964; ppageno 0'>
   <div class='ocr_carea' id='block_1_1' title="bbox 1123 650 2498 714">
    <p class='ocr_par' dir='ltr' id='par_1_1' title="bbox 1123 650 2498 714">
     <span class='ocr_line' id='line_1_1' title="bbox 1123 650 2498 714; baseline 0.004 -7"><span class='ocrx_word' id='word_1_1' title='bbox 1123 651 1414 708; x_wconf 80' lang='lat' dir='ltr'><strong>OARTAE</strong></span> <span class='ocrx_word' id='word_1_2' title='bbox 1457 650 1956 708; x_wconf 67' lang='lat' dir='ltr'>ORIGINALES.</span> <span class='ocrx_word' id='word_1_3' title='bbox 2425 654 2498 714; x_wconf 80' lang='lat'>27</span> 
     </span>
    </p>
   </div>
   <div class='ocr_carea' id='block_1_2' title="bbox 554 841 2502 3394">
    <p class='ocr_par' dir='ltr' id='par_1_2' title="bbox 554 841 2502 3394">
     <span class='ocr_line' id='line_1_2' title="bbox 561 841 2497 908; baseline 0 -17"><span class='ocrx_word' id='word_1_4' title='bbox 561 847 614 891; x_wconf 92' lang='lat' dir='ltr'>ut</span> <span class='ocrx_word' id='word_1_5' title='bbox 637 846 773 908; x_wconf 91' lang='lat' dir='ltr'>patet</span> <span class='ocrx_word' id='word_1_6' title='bbox 797 859 882 906; x_wconf 89' lang='lat' dir='ltr'>per</span> <span class='ocrx_word' id='word_1_7' title='bbox 919 858 1052 894; x_wconf 89' lang='lat' dir='ltr'>suam</span> <span class='ocrx_word' id='word_1_8' title='bbox 1092 847 1274 890; x_wconf 87' lang='lat' dir='ltr'>cartam</span> <span class='ocrx_word' id='word_1_9' title='bbox 1312 842 1560 891; x_wconf 90' lang='lat' dir='ltr'>consueuit</span> <span class='ocrx_word' id='word_1_10' title='bbox 1596 841 1830 892; x_wconf 89' lang='lat' dir='ltr'>sustinere</span> <span class='ocrx_word' id='word_1_11' title='bbox 1867 841 2133 906; x_wconf 84' lang='lat' dir='ltr'>lampadem</span> <span class='ocrx_word' id='word_1_12' title='bbox 2170 845 2414 893; x_wconf 76' lang='lat' dir='ltr'>ardentem</span> <span class='ocrx_word' id='word_1_13' title='bbox 2451 845 2497 892; x_wconf 92' lang='lat' dir='ltr'>in</span> 
     </span>
     <span class='ocr_line' id='line_1_3' title="bbox 564 931 2498 996; baseline 0.001 -17"><span class='ocrx_word' id='word_1_14' title='bbox 564 932 686 981; x_wconf 85' lang='lat' dir='ltr'>Naui</span> <span class='ocrx_word' id='word_1_15' title='bbox 711 931 910 981; x_wconf 83' lang='lat' dir='ltr'>ecclesie</span> <span class='ocrx_word' id='word_1_16' title='bbox 936 948 1020 996; x_wconf 85' lang='lat' dir='ltr'>per</span> <span class='ocrx_word' id='word_1_17' title='bbox 1043 935 1193 980; x_wconf 88' lang='lat' dir='ltr'>totam</span> <span class='ocrx_word' id='word_1_18' title='bbox 1221 931 1424 982; x_wconf 90' lang='lat' dir='ltr'>hiemem</span> <span class='ocrx_word' id='word_1_19' title='bbox 1447 934 1548 980; x_wconf 88' lang='lat' dir='ltr'>tam</span> <span class='ocrx_word' id='word_1_20' title='bbox 1573 931 1631 979; x_wconf 94' lang='lat' dir='ltr'>de</span> <span class='ocrx_word' id='word_1_21' title='bbox 1656 947 1761 980; x_wconf 93' lang='lat' dir='ltr'>sero</span> <span class='ocrx_word' id='word_1_22' title='bbox 1787 947 1928 996; x_wconf 91' lang='lat' dir='ltr'>quam</span> <span class='ocrx_word' id='word_1_23' title='bbox 1966 932 2024 980; x_wconf 92' lang='lat' dir='ltr'>de</span> <span class='ocrx_word' id='word_1_24' title='bbox 2061 948 2198 981; x_wconf 90' lang='lat' dir='ltr'>mane</span> <span class='ocrx_word' id='word_1_25' title='bbox 2238 960 2247 971; x_wconf 92' lang='lat'><strong>·</strong></span> <span class='ocrx_word' id='word_1_26' title='bbox 2287 933 2405 982; x_wconf 91' lang='lat' dir='ltr'>Ideo</span> <span class='ocrx_word' id='word_1_27' title='bbox 2437 936 2498 981; x_wconf 89' lang='lat' dir='ltr'>ad</span> 
     </span>
     <span class='ocr_line' id='line_1_4' title="bbox 559 1019 2499 1087; baseline 0.001 -18"><span class='ocrx_word' id='word_1_28' title='bbox 559 1021 862 1071; x_wconf 89' lang='lat' dir='ltr'>releuandum</span> <span class='ocrx_word' id='word_1_29' title='bbox 887 1037 1006 1070; x_wconf 90' lang='lat' dir='ltr'>onus</span> <span class='ocrx_word' id='word_1_30' title='bbox 1031 1020 1264 1069; x_wconf 90' lang='lat' dir='ltr'>dictorum</span> <span class='ocrx_word' id='word_1_31' title='bbox 1300 1019 1669 1084; x_wconf 87' lang='lat' dir='ltr'>presbiterorum</span> <span class='ocrx_word' id='word_1_32' title='bbox 1706 1025 1756 1069; x_wconf 87' lang='lat' dir='ltr'>et</span> <span class='ocrx_word' id='word_1_33' title='bbox 1791 1037 2042 1085; x_wconf 88' lang='lat' dir='ltr'>puerorum</span> <span class='ocrx_word' id='word_1_34' title='bbox 2080 1021 2294 1072; x_wconf 90' lang='lat' dir='ltr'>volumus</span> <span class='ocrx_word' id='word_1_35' title='bbox 2328 1027 2376 1071; x_wconf 89' lang='lat' dir='ltr'>et</span> <span class='ocrx_word' id='word_1_36' title='bbox 2414 1040 2499 1087; x_wconf 93' lang='lat' dir='ltr'>pro</span> 
     </span>
     <span class='ocr_line' id='line_1_5' title="bbox 560 1109 2502 1177; baseline 0.001 -17"><span class='ocrx_word' id='word_1_37' title='bbox 560 1112 696 1160; x_wconf 91' lang='lat' dir='ltr'>nobis</span> <span class='ocrx_word' id='word_1_38' title='bbox 720 1115 769 1160; x_wconf 88' lang='lat' dir='ltr'>et</span> <span class='ocrx_word' id='word_1_39' title='bbox 793 1110 1143 1160; x_wconf 87' lang='lat' dir='ltr'>successoribus</span> <span class='ocrx_word' id='word_1_40' title='bbox 1178 1110 1354 1159; x_wconf 87' lang='lat' dir='ltr'>nostris</span> <span class='ocrx_word' id='word_1_41' title='bbox 1388 1109 1710 1159; x_wconf 71' lang='lat' dir='ltr'>consentimus</span> <span class='ocrx_word' id='word_1_42' title='bbox 1746 1111 1869 1174; x_wconf 94' lang='lat' dir='ltr'>quod</span> <span class='ocrx_word' id='word_1_43' title='bbox 1908 1110 2244 1160; x_wconf 76' lang='lat' dir='ltr'>sustinebimus</span> <span class='ocrx_word' id='word_1_44' title='bbox 2280 1113 2502 1177; x_wconf 84' lang='lat' dir='ltr'>expensis</span> 
     </span>
     <span class='ocr_line' id='line_1_6' title="bbox 560 1198 2499 1263; baseline 0.001 -14"><span class='ocrx_word' id='word_1_45' title='bbox 560 1201 735 1250; x_wconf 90' lang='lat' dir='ltr'>nostris</span> <span class='ocrx_word' id='word_1_46' title='bbox 760 1199 944 1248; x_wconf 88' lang='lat' dir='ltr'>Decani</span> <span class='ocrx_word' id='word_1_47' title='bbox 970 1203 1018 1248; x_wconf 94' lang='lat' dir='ltr'>et</span> <span class='ocrx_word' id='word_1_48' title='bbox 1043 1198 1241 1263; x_wconf 79' lang='lat' dir='ltr'>capituli</span> <span class='ocrx_word' id='word_1_49' title='bbox 1267 1199 1444 1248; x_wconf 90' lang='lat' dir='ltr'>dictam</span> <span class='ocrx_word' id='word_1_50' title='bbox 1469 1198 1736 1263; x_wconf 83' lang='lat' dir='ltr'>lampadem</span> <span class='ocrx_word' id='word_1_51' title='bbox 1762 1215 1979 1262; x_wconf 87' lang='lat' dir='ltr'>magnam</span> <span class='ocrx_word' id='word_1_52' title='bbox 2015 1203 2064 1248; x_wconf 91' lang='lat' dir='ltr'>et</span> <span class='ocrx_word' id='word_1_53' title='bbox 2101 1200 2412 1250; x_wconf 88' lang='lat' dir='ltr'>sufficientem</span> <span class='ocrx_word' id='word_1_54' title='bbox 2440 1204 2499 1251; x_wconf 89' lang='lat' dir='ltr'>ad</span> 
     </span>
     <span class='ocr_line' id='line_1_7' title="bbox 560 1287 2502 1355; baseline 0.001 -17"><span class='ocrx_word' id='word_1_55' title='bbox 560 1292 679 1339; x_wconf 91' lang='lat' dir='ltr'>bene</span> <span class='ocrx_word' id='word_1_56' title='bbox 715 1289 1070 1337; x_wconf 84' lang='lat' dir='ltr'>illuminandam</span> <span class='ocrx_word' id='word_1_57' title='bbox 1114 1288 1298 1337; x_wconf 89' lang='lat' dir='ltr'>Nauem</span> <span class='ocrx_word' id='word_1_58' title='bbox 1334 1287 1535 1337; x_wconf 86' lang='lat' dir='ltr'>ecclesie</span> <span class='ocrx_word' id='word_1_59' title='bbox 1570 1289 1795 1337; x_wconf 79' lang='lat' dir='ltr'>continue</span> <span class='ocrx_word' id='word_1_60' title='bbox 1831 1289 2076 1338; x_wconf 88' lang='lat' dir='ltr'>ardentem</span> <span class='ocrx_word' id='word_1_61' title='bbox 2113 1306 2142 1338; x_wconf 90' lang='lat' dir='ltr'>a</span> <span class='ocrx_word' id='word_1_62' title='bbox 2177 1291 2328 1354; x_wconf 87' lang='lat' dir='ltr'>primo</span> <span class='ocrx_word' id='word_1_63' title='bbox 2363 1291 2502 1355; x_wconf 91' lang='lat' dir='ltr'>pulsu</span> 
     </span>
     <span class='ocr_line' id='line_1_8' title="bbox 559 1377 2500 1444; baseline 0.001 -16"><span class='ocrx_word' id='word_1_64' title='bbox 559 1395 803 1443; x_wconf 87' lang='lat' dir='ltr'>vesperum</span> <span class='ocrx_word' id='word_1_65' title='bbox 838 1392 985 1442; x_wconf 85' lang='lat' dir='ltr'>usque</span> <span class='ocrx_word' id='word_1_66' title='bbox 1021 1377 1295 1441; x_wconf 82' lang='lat' dir='ltr'>ignitegium</span> <span class='ocrx_word' id='word_1_67' title='bbox 1322 1378 1447 1442; x_wconf 92' lang='lat' dir='ltr'>quod</span> <span class='ocrx_word' id='word_1_68' title='bbox 1473 1377 1648 1427; x_wconf 86' lang='lat' dir='ltr'>dicitur</span> <span class='ocrx_word' id='word_1_69' title='bbox 1684 1377 1904 1427; x_wconf 87' lang='lat' dir='ltr'>Curefew</span> <span class='ocrx_word' id='word_1_70' title='bbox 1939 1382 1988 1427; x_wconf 93' lang='lat' dir='ltr'>et</span> <span class='ocrx_word' id='word_1_71' title='bbox 2024 1395 2054 1427; x_wconf 90' lang='lat' dir='ltr'>a</span> <span class='ocrx_word' id='word_1_72' title='bbox 2088 1379 2240 1443; x_wconf 91' lang='lat' dir='ltr'>primo</span> <span class='ocrx_word' id='word_1_73' title='bbox 2278 1381 2414 1444; x_wconf 90' lang='lat' dir='ltr'>pulsu</span> <span class='ocrx_word' id='word_1_74' title='bbox 2441 1383 2500 1430; x_wconf 91' lang='lat' dir='ltr'>ad</span> 
     </span>
     <span class='ocr_line' id='line_1_9' title="bbox 558 1466 2499 1533; baseline 0.002 -16"><span class='ocrx_word' id='word_1_75' title='bbox 558 1468 818 1518; x_wconf 88' lang='lat' dir='ltr'>matutinas</span> <span class='ocrx_word' id='word_1_76' title='bbox 844 1469 902 1516; x_wconf 91' lang='lat' dir='ltr'>de</span> <span class='ocrx_word' id='word_1_77' title='bbox 926 1483 1064 1516; x_wconf 90' lang='lat' dir='ltr'>mane</span> <span class='ocrx_word' id='word_1_78' title='bbox 1100 1482 1247 1531; x_wconf 89' lang='lat' dir='ltr'>usque</span> <span class='ocrx_word' id='word_1_79' title='bbox 1283 1467 1344 1516; x_wconf 92' lang='lat' dir='ltr'>ad</span> <span class='ocrx_word' id='word_1_80' title='bbox 1379 1466 1561 1515; x_wconf 88' lang='lat' dir='ltr'>clarum</span> <span class='ocrx_word' id='word_1_81' title='bbox 1587 1467 1712 1515; x_wconf 92' lang='lat' dir='ltr'>diem</span> <span class='ocrx_word' id='word_1_82' title='bbox 1751 1471 1800 1516; x_wconf 91' lang='lat' dir='ltr'>et</span> <span class='ocrx_word' id='word_1_83' title='bbox 1838 1468 1908 1516; x_wconf 90' lang='lat' dir='ltr'>sic</span> <span class='ocrx_word' id='word_1_84' title='bbox 1946 1468 2193 1533; x_wconf 87' lang='lat' dir='ltr'>vtrobique</span> <span class='ocrx_word' id='word_1_85' title='bbox 2230 1486 2314 1533; x_wconf 92' lang='lat' dir='ltr'>per</span> <span class='ocrx_word' id='word_1_86' title='bbox 2347 1474 2499 1519; x_wconf 92' lang='lat' dir='ltr'>totam</span> 
     </span>
     <span class='ocr_line' id='line_1_10' title="bbox 558 1555 2500 1624; baseline 0.001 -17"><span class='ocrx_word' id='word_1_87' title='bbox 558 1559 760 1607; x_wconf 88' lang='lat' dir='ltr'>hiemem</span> <span class='ocrx_word' id='word_1_88' title='bbox 780 1558 1126 1622; x_wconf 90' lang='lat' dir='ltr'>imperpetuum</span> <span class='ocrx_word' id='word_1_89' title='bbox 1163 1584 1174 1595; x_wconf 90' lang='lat'><strong>·</strong></span> <span class='ocrx_word' id='word_1_90' title='bbox 1213 1556 1441 1605; x_wconf 88' lang='lat' dir='ltr'>Preterea</span> <span class='ocrx_word' id='word_1_91' title='bbox 1458 1572 1545 1605; x_wconf 90' lang='lat' dir='ltr'>nos</span> <span class='ocrx_word' id='word_1_92' title='bbox 1564 1555 1681 1606; x_wconf 87' lang='lat' dir='ltr'>dicti</span> <span class='ocrx_word' id='word_1_93' title='bbox 1704 1557 1969 1621; x_wconf 91' lang='lat' dir='ltr'>Episcopus</span> <span class='ocrx_word' id='word_1_94' title='bbox 1989 1558 2214 1608; x_wconf 89' lang='lat' dir='ltr'>Decanus</span> <span class='ocrx_word' id='word_1_95' title='bbox 2233 1563 2282 1607; x_wconf 90' lang='lat' dir='ltr'>et</span> <span class='ocrx_word' id='word_1_96' title='bbox 2303 1559 2500 1624; x_wconf 89' lang='lat' dir='ltr'>Capitu-</span> 
     </span>
     <span class='ocr_line' id='line_1_11' title="bbox 554 1645 2500 1714; baseline 0.001 -17"><span class='ocrx_word' id='word_1_97' title='bbox 554 1650 651 1698; x_wconf 90' lang='lat' dir='ltr'>lum</span> <span class='ocrx_word' id='word_1_98' title='bbox 674 1665 760 1714; x_wconf 91' lang='lat' dir='ltr'>pro</span> <span class='ocrx_word' id='word_1_99' title='bbox 783 1648 920 1697; x_wconf 89' lang='lat' dir='ltr'>nobis</span> <span class='ocrx_word' id='word_1_100' title='bbox 943 1651 992 1697; x_wconf 88' lang='lat' dir='ltr'>et</span> <span class='ocrx_word' id='word_1_101' title='bbox 1016 1646 1193 1696; x_wconf 86' lang='lat' dir='ltr'>nostris</span> <span class='ocrx_word' id='word_1_102' title='bbox 1211 1645 1563 1695; x_wconf 89' lang='lat' dir='ltr'>successoribus</span> <span class='ocrx_word' id='word_1_103' title='bbox 1582 1646 1905 1694; x_wconf 86' lang='lat' dir='ltr'>consentimus</span> <span class='ocrx_word' id='word_1_104' title='bbox 1926 1647 2051 1710; x_wconf 90' lang='lat' dir='ltr'>quod</span> <span class='ocrx_word' id='word_1_105' title='bbox 2076 1646 2277 1711; x_wconf 88' lang='lat' dir='ltr'>predicti</span> <span class='ocrx_word' id='word_1_106' title='bbox 2298 1653 2500 1712; x_wconf 84' lang='lat' dir='ltr'>quatuor</span> 
     </span>
     <span class='ocr_line' id='line_1_12' title="bbox 557 1735 2500 1804; baseline -0.001 -16"><span class='ocrx_word' id='word_1_107' title='bbox 557 1738 788 1804; x_wconf 87' lang='lat' dir='ltr'>capellani</span> <span class='ocrx_word' id='word_1_108' title='bbox 811 1737 1098 1802; x_wconf 83' lang='lat' dir='ltr'>participent</span> <span class='ocrx_word' id='word_1_109' title='bbox 1122 1735 1358 1801; x_wconf 85' lang='lat' dir='ltr'>equaliter</span> <span class='ocrx_word' id='word_1_110' title='bbox 1381 1751 1490 1784; x_wconf 89' lang='lat' dir='ltr'>cum</span> <span class='ocrx_word' id='word_1_111' title='bbox 1514 1735 1687 1784; x_wconf 89' lang='lat' dir='ltr'>ceteris</span> <span class='ocrx_word' id='word_1_112' title='bbox 1713 1735 2047 1784; x_wconf 89' lang='lat' dir='ltr'>canonicorum</span> <span class='ocrx_word' id='word_1_113' title='bbox 2074 1738 2262 1788; x_wconf 86' lang='lat' dir='ltr'>vicariis</span> <span class='ocrx_word' id='word_1_114' title='bbox 2291 1739 2500 1788; x_wconf 87' lang='lat' dir='ltr'>eiusdem</span> 
     </span>
     <span class='ocr_line' id='line_1_13' title="bbox 556 1824 2502 1891; baseline -0.001 -13"><span class='ocrx_word' id='word_1_115' title='bbox 556 1828 756 1878; x_wconf 89' lang='lat' dir='ltr'>ecclesie</span> <span class='ocrx_word' id='word_1_116' title='bbox 780 1828 828 1875; x_wconf 92' lang='lat' dir='ltr'>in</span> <span class='ocrx_word' id='word_1_117' title='bbox 852 1826 1178 1875; x_wconf 90' lang='lat' dir='ltr'>communibus</span> <span class='ocrx_word' id='word_1_118' title='bbox 1201 1829 1250 1874; x_wconf 90' lang='lat' dir='ltr'>et</span> <span class='ocrx_word' id='word_1_119' title='bbox 1274 1824 1516 1874; x_wconf 87' lang='lat' dir='ltr'>consuetis</span> <span class='ocrx_word' id='word_1_120' title='bbox 1541 1825 1668 1873; x_wconf 89' lang='lat' dir='ltr'>dicte</span> <span class='ocrx_word' id='word_1_121' title='bbox 1696 1824 1894 1874; x_wconf 87' lang='lat' dir='ltr'>ecclesie</span> <span class='ocrx_word' id='word_1_122' title='bbox 1934 1842 2018 1890; x_wconf 87' lang='lat' dir='ltr'>pro</span> <span class='ocrx_word' id='word_1_123' title='bbox 2059 1832 2290 1891; x_wconf 89' lang='lat' dir='ltr'>perpetuo</span> <span class='ocrx_word' id='word_1_124' title='bbox 2326 1845 2502 1878; x_wconf 90' lang='lat' dir='ltr'>annua-</span> 
     </span>
     <span class='ocr_line' id='line_1_14' title="bbox 557 1914 2500 1980; baseline 0 -13"><span class='ocrx_word' id='word_1_125' title='bbox 557 1919 645 1968; x_wconf 90' lang='lat' dir='ltr'>tim</span> <span class='ocrx_word' id='word_1_126' title='bbox 683 1947 693 1957; x_wconf 92' lang='lat'><strong>·</strong></span> <span class='ocrx_word' id='word_1_127' title='bbox 729 1917 948 1967; x_wconf 92' lang='lat' dir='ltr'>similiter</span> <span class='ocrx_word' id='word_1_128' title='bbox 969 1933 1057 1965; x_wconf 83' lang='lat' dir='ltr'>sex</span> <span class='ocrx_word' id='word_1_129' title='bbox 1080 1915 1214 1980; x_wconf 90' lang='lat' dir='ltr'>pueri</span> <span class='ocrx_word' id='word_1_130' title='bbox 1239 1930 1346 1963; x_wconf 92' lang='lat' dir='ltr'>cum</span> <span class='ocrx_word' id='word_1_131' title='bbox 1370 1914 1544 1963; x_wconf 89' lang='lat' dir='ltr'>ceteris</span> <span class='ocrx_word' id='word_1_132' title='bbox 1567 1915 1726 1978; x_wconf 88' lang='lat' dir='ltr'>pueris</span> <span class='ocrx_word' id='word_1_133' title='bbox 1763 1915 1810 1962; x_wconf 89' lang='lat' dir='ltr'>in</span> <span class='ocrx_word' id='word_1_134' title='bbox 1851 1915 1996 1963; x_wconf 92' lang='lat' dir='ltr'>choro</span> <span class='ocrx_word' id='word_1_135' title='bbox 2038 1916 2417 1966; x_wconf 88' lang='lat' dir='ltr'>ministrantibus</span> <span class='ocrx_word' id='word_1_136' title='bbox 2452 1923 2500 1967; x_wconf 93' lang='lat' dir='ltr'>et</span> 
     </span>
     <span class='ocr_line' id='line_1_15' title="bbox 559 2004 2500 2068; baseline -0.001 -12"><span class='ocrx_word' id='word_1_137' title='bbox 559 2007 896 2057; x_wconf 88' lang='lat' dir='ltr'>ministraturis</span> <span class='ocrx_word' id='word_1_138' title='bbox 933 2034 943 2045; x_wconf 90' lang='lat'><strong>·</strong></span> <span class='ocrx_word' id='word_1_139' title='bbox 982 2006 1048 2055; x_wconf 91' lang='lat' dir='ltr'>Et</span> <span class='ocrx_word' id='word_1_140' title='bbox 1094 2005 1135 2055; x_wconf 90' lang='lat' dir='ltr'>si</span> <span class='ocrx_word' id='word_1_141' title='bbox 1182 2004 1426 2068; x_wconf 86' lang='lat' dir='ltr'>contingat</span> <span class='ocrx_word' id='word_1_142' title='bbox 1473 2020 1559 2053; x_wconf 89' lang='lat' dir='ltr'>nos</span> <span class='ocrx_word' id='word_1_143' title='bbox 1606 2008 1690 2052; x_wconf 91' lang='lat' dir='ltr'>aut</span> <span class='ocrx_word' id='word_1_144' title='bbox 1725 2020 2022 2054; x_wconf 90' lang='lat' dir='ltr'>successores</span> <span class='ocrx_word' id='word_1_145' title='bbox 2061 2010 2248 2055; x_wconf 88' lang='lat' dir='ltr'>nostros</span> <span class='ocrx_word' id='word_1_146' title='bbox 2286 2007 2333 2054; x_wconf 91' lang='lat' dir='ltr'>in</span> <span class='ocrx_word' id='word_1_147' title='bbox 2373 2008 2500 2055; x_wconf 92' lang='lat' dir='ltr'>dicto</span> 
     </span>
     <span class='ocr_line' id='line_1_16' title="bbox 561 2093 2499 2159; baseline -0.001 -12"><span class='ocrx_word' id='word_1_148' title='bbox 561 2098 763 2147; x_wconf 88' lang='lat' dir='ltr'>seruicio</span> <span class='ocrx_word' id='word_1_149' title='bbox 787 2096 948 2145; x_wconf 89' lang='lat' dir='ltr'>diuino</span> <span class='ocrx_word' id='word_1_150' title='bbox 971 2099 1024 2143; x_wconf 90' lang='lat' dir='ltr'>ut</span> <span class='ocrx_word' id='word_1_151' title='bbox 1049 2094 1312 2159; x_wconf 87' lang='lat' dir='ltr'>predicitur</span> <span class='ocrx_word' id='word_1_152' title='bbox 1336 2093 1656 2142; x_wconf 88' lang='lat' dir='ltr'>continuando</span> <span class='ocrx_word' id='word_1_153' title='bbox 1695 2098 1744 2142; x_wconf 89' lang='lat' dir='ltr'>et</span> <span class='ocrx_word' id='word_1_154' title='bbox 1782 2096 2095 2143; x_wconf 88' lang='lat' dir='ltr'>sustentando</span> <span class='ocrx_word' id='word_1_155' title='bbox 2135 2096 2184 2143; x_wconf 89' lang='lat' dir='ltr'>in</span> <span class='ocrx_word' id='word_1_156' title='bbox 2223 2100 2329 2145; x_wconf 89' lang='lat' dir='ltr'>toto</span> <span class='ocrx_word' id='word_1_157' title='bbox 2355 2097 2427 2145; x_wconf 88' lang='lat' dir='ltr'>vel</span> <span class='ocrx_word' id='word_1_158' title='bbox 2451 2097 2499 2145; x_wconf 90' lang='lat' dir='ltr'>in</span> 
     </span>
     <span class='ocr_line' id='line_1_17' title="bbox 561 2182 2502 2252; baseline 0 -17"><span class='ocrx_word' id='word_1_159' title='bbox 561 2191 696 2252; x_wconf 91' lang='lat' dir='ltr'>parte</span> <span class='ocrx_word' id='word_1_160' title='bbox 731 2185 816 2234; x_wconf 87' lang='lat' dir='ltr'>viz.</span> <span class='ocrx_word' id='word_1_161' title='bbox 852 2185 900 2234; x_wconf 92' lang='lat' dir='ltr'>in</span> <span class='ocrx_word' id='word_1_162' title='bbox 935 2183 1163 2249; x_wconf 90' lang='lat' dir='ltr'>predictis</span> <span class='ocrx_word' id='word_1_163' title='bbox 1186 2182 1343 2232; x_wconf 87' lang='lat' dir='ltr'>missis</span> <span class='ocrx_word' id='word_1_164' title='bbox 1380 2182 1609 2240; x_wconf 90' lang='lat' dir='ltr'>dicendis,</span> <span class='ocrx_word' id='word_1_165' title='bbox 1642 2183 1690 2230; x_wconf 92' lang='lat' dir='ltr'>in</span> <span class='ocrx_word' id='word_1_166' title='bbox 1726 2184 1954 2232; x_wconf 91' lang='lat' dir='ltr'>memoria</span> <span class='ocrx_word' id='word_1_167' title='bbox 1989 2190 2220 2248; x_wconf 91' lang='lat' dir='ltr'>perpetua</span> <span class='ocrx_word' id='word_1_168' title='bbox 2254 2203 2338 2250; x_wconf 92' lang='lat' dir='ltr'>pro</span> <span class='ocrx_word' id='word_1_169' title='bbox 2374 2187 2502 2236; x_wconf 91' lang='lat' dir='ltr'>dicto</span> 
     </span>
     <span class='ocr_line' id='line_1_18' title="bbox 561 2272 2501 2341; baseline -0.001 -16"><span class='ocrx_word' id='word_1_170' title='bbox 561 2276 772 2341; x_wconf 88' lang='lat' dir='ltr'>principe</span> <span class='ocrx_word' id='word_1_171' title='bbox 797 2275 1028 2330; x_wconf 88' lang='lat' dir='ltr'>habenda,</span> <span class='ocrx_word' id='word_1_172' title='bbox 1047 2274 1096 2321; x_wconf 96' lang='lat' dir='ltr'>in</span> <span class='ocrx_word' id='word_1_173' title='bbox 1115 2273 1333 2321; x_wconf 90' lang='lat' dir='ltr'>omnibus</span> <span class='ocrx_word' id='word_1_174' title='bbox 1351 2272 1508 2320; x_wconf 87' lang='lat' dir='ltr'>missis</span> <span class='ocrx_word' id='word_1_175' title='bbox 1527 2272 1752 2328; x_wconf 91' lang='lat' dir='ltr'>dicendis,</span> <span class='ocrx_word' id='word_1_176' title='bbox 1778 2272 1826 2319; x_wconf 93' lang='lat' dir='ltr'>in</span> <span class='ocrx_word' id='word_1_177' title='bbox 1851 2273 2014 2328; x_wconf 90' lang='lat' dir='ltr'>cereis,</span> <span class='ocrx_word' id='word_1_178' title='bbox 2039 2273 2348 2338; x_wconf 86' lang='lat' dir='ltr'>lampadibus,</span> <span class='ocrx_word' id='word_1_179' title='bbox 2368 2276 2501 2325; x_wconf 88' lang='lat' dir='ltr'>obse-</span> 
     </span>
     <span class='ocr_line' id='line_1_19' title="bbox 562 2361 2501 2430; baseline 0 -16"><span class='ocrx_word' id='word_1_180' title='bbox 562 2366 698 2430; x_wconf 91' lang='lat' dir='ltr'>quiis,</span> <span class='ocrx_word' id='word_1_181' title='bbox 735 2368 818 2413; x_wconf 88' lang='lat' dir='ltr'>aut</span> <span class='ocrx_word' id='word_1_182' title='bbox 864 2363 1100 2427; x_wconf 90' lang='lat' dir='ltr'>aliquibus</span> <span class='ocrx_word' id='word_1_183' title='bbox 1134 2361 1242 2411; x_wconf 88' lang='lat' dir='ltr'>aliis</span> <span class='ocrx_word' id='word_1_184' title='bbox 1276 2361 1492 2411; x_wconf 88' lang='lat' dir='ltr'>seruiciis</span> <span class='ocrx_word' id='word_1_185' title='bbox 1527 2365 1577 2409; x_wconf 91' lang='lat' dir='ltr'>et</span> <span class='ocrx_word' id='word_1_186' title='bbox 1616 2361 1933 2411; x_wconf 89' lang='lat' dir='ltr'>obseruantiis</span> <span class='ocrx_word' id='word_1_187' title='bbox 1979 2363 2221 2426; x_wconf 88' lang='lat' dir='ltr'>premissis</span> <span class='ocrx_word' id='word_1_188' title='bbox 2256 2364 2302 2411; x_wconf 91' lang='lat' dir='ltr'>in</span> <span class='ocrx_word' id='word_1_189' title='bbox 2338 2370 2501 2414; x_wconf 88' lang='lat' dir='ltr'>nostro</span> 
     </span>
     <span class='ocr_line' id='line_1_20' title="bbox 564 2450 2499 2516; baseline 0 -13"><span class='ocrx_word' id='word_1_190' title='bbox 564 2455 751 2503; x_wconf 86' lang='lat' dir='ltr'>defectu</span> <span class='ocrx_word' id='word_1_191' title='bbox 776 2454 974 2502; x_wconf 88' lang='lat' dir='ltr'>deficere</span> <span class='ocrx_word' id='word_1_192' title='bbox 1000 2452 1124 2516; x_wconf 92' lang='lat' dir='ltr'>quod</span> <span class='ocrx_word' id='word_1_193' title='bbox 1149 2451 1287 2506; x_wconf 83' lang='lat' dir='ltr'>absit,</span> <span class='ocrx_word' id='word_1_194' title='bbox 1313 2455 1362 2499; x_wconf 87' lang='lat' dir='ltr'>et</span> <span class='ocrx_word' id='word_1_195' title='bbox 1387 2450 1567 2499; x_wconf 90' lang='lat' dir='ltr'>dictum</span> <span class='ocrx_word' id='word_1_196' title='bbox 1591 2450 1852 2514; x_wconf 89' lang='lat' dir='ltr'>principem</span> <span class='ocrx_word' id='word_1_197' title='bbox 1892 2451 2091 2499; x_wconf 90' lang='lat' dir='ltr'>heredes</span> <span class='ocrx_word' id='word_1_198' title='bbox 2125 2468 2235 2500; x_wconf 86' lang='lat' dir='ltr'>suos</span> <span class='ocrx_word' id='word_1_199' title='bbox 2269 2457 2371 2502; x_wconf 85' lang='lat' dir='ltr'>aut.</span> <span class='ocrx_word' id='word_1_200' title='bbox 2389 2469 2499 2504; x_wconf 87' lang='lat' dir='ltr'>suos</span> 
     </span>
     <span class='ocr_line' id='line_1_21' title="bbox 563 2538 2499 2605; baseline -0.001 -12"><span class='ocrx_word' id='word_1_201' title='bbox 563 2558 857 2593; x_wconf 87' lang='lat' dir='ltr'>successores</span> <span class='ocrx_word' id='word_1_202' title='bbox 910 2541 1152 2605; x_wconf 86' lang='lat' dir='ltr'>predictos</span> <span class='ocrx_word' id='word_1_203' title='bbox 1214 2540 1428 2588; x_wconf 87' lang='lat' dir='ltr'>defectus</span> <span class='ocrx_word' id='word_1_204' title='bbox 1486 2538 1724 2602; x_wconf 90' lang='lat' dir='ltr'>Episcopo</span> <span class='ocrx_word' id='word_1_205' title='bbox 1772 2543 1857 2587; x_wconf 90' lang='lat' dir='ltr'>aut</span> <span class='ocrx_word' id='word_1_206' title='bbox 1905 2539 2083 2588; x_wconf 88' lang='lat' dir='ltr'>vicario</span> <span class='ocrx_word' id='word_1_207' title='bbox 2129 2540 2335 2602; x_wconf 84' lang='lat' dir='ltr'>generali</span> <span class='ocrx_word' id='word_1_208' title='bbox 2383 2542 2499 2591; x_wconf 89' lang='lat' dir='ltr'>dicti</span> 
     </span>
     <span class='ocr_line' id='line_1_22' title="bbox 564 2627 2499 2697; baseline -0.001 -16"><span class='ocrx_word' id='word_1_209' title='bbox 564 2632 772 2697; x_wconf 90' lang='lat' dir='ltr'>episcopi</span> <span class='ocrx_word' id='word_1_210' title='bbox 796 2630 1099 2679; x_wconf 84' lang='lat' dir='ltr'>manifestare</span> <span class='ocrx_word' id='word_1_211' title='bbox 1124 2632 1173 2676; x_wconf 91' lang='lat' dir='ltr'>et</span> <span class='ocrx_word' id='word_1_212' title='bbox 1197 2627 1577 2677; x_wconf 89' lang='lat' dir='ltr'>reformationem</span> <span class='ocrx_word' id='word_1_213' title='bbox 1602 2643 1660 2675; x_wconf 89' lang='lat' dir='ltr'>ac</span> <span class='ocrx_word' id='word_1_214' title='bbox 1684 2628 2025 2676; x_wconf 83' lang='lat' dir='ltr'>correctionem</span> <span class='ocrx_word' id='word_1_215' title='bbox 2062 2629 2121 2676; x_wconf 86' lang='lat' dir='ltr'>ab</span> <span class='ocrx_word' id='word_1_216' title='bbox 2143 2629 2226 2678; x_wconf 77' lang='lat' dir='ltr'>‚eis</span> <span class='ocrx_word' id='word_1_217' title='bbox 2260 2630 2499 2693; x_wconf 90' lang='lat' dir='ltr'>postulare</span> 
     </span>
     <span class='ocr_line' id='line_1_23' title="bbox 565 2715 2498 2787; baseline -0.002 -17"><span class='ocrx_word' id='word_1_218' title='bbox 565 2723 733 2787; x_wconf 92' lang='lat' dir='ltr'>quibus</span> <span class='ocrx_word' id='word_1_219' title='bbox 777 2736 871 2769; x_wconf 90' lang='lat' dir='ltr'>non</span> <span class='ocrx_word' id='word_1_220' title='bbox 918 2718 1184 2767; x_wconf 87' lang='lat' dir='ltr'>reformatis</span> <span class='ocrx_word' id='word_1_221' title='bbox 1219 2732 1306 2764; x_wconf 89' lang='lat' dir='ltr'>nec</span> <span class='ocrx_word' id='word_1_222' title='bbox 1341 2716 1567 2765; x_wconf 87' lang='lat' dir='ltr'>correctis</span> <span class='ocrx_word' id='word_1_223' title='bbox 1601 2731 1686 2779; x_wconf 91' lang='lat' dir='ltr'>per</span> <span class='ocrx_word' id='word_1_224' title='bbox 1720 2715 1847 2780; x_wconf 91' lang='lat' dir='ltr'>ipsos</span> <span class='ocrx_word' id='word_1_225' title='bbox 1884 2716 2007 2764; x_wconf 86' lang='lat' dir='ltr'>infra</span> <span class='ocrx_word' id='word_1_226' title='bbox 2047 2718 2363 2780; x_wconf 88' lang='lat' dir='ltr'>quadraginta</span> <span class='ocrx_word' id='word_1_227' title='bbox 2398 2719 2498 2767; x_wconf 88' lang='lat' dir='ltr'>dies</span> 
     </span>
     <span class='ocr_line' id='line_1_24' title="bbox 565 2803 2494 2875; baseline -0.003 -16"><span class='ocrx_word' id='word_1_228' title='bbox 565 2810 781 2875; x_wconf 88' lang='lat' dir='ltr'>proximo</span> <span class='ocrx_word' id='word_1_229' title='bbox 815 2813 865 2857; x_wconf 88' lang='lat' dir='ltr'>et</span> <span class='ocrx_word' id='word_1_230' title='bbox 901 2806 1172 2855; x_wconf 89' lang='lat' dir='ltr'>immediate</span> <span class='ocrx_word' id='word_1_231' title='bbox 1198 2808 1451 2869; x_wconf 86' lang='lat' dir='ltr'>sequentes</span> <span class='ocrx_word' id='word_1_232' title='bbox 1475 2803 1741 2852; x_wconf 89' lang='lat' dir='ltr'>huiusmodi</span> <span class='ocrx_word' id='word_1_233' title='bbox 1777 2803 2016 2867; x_wconf 90' lang='lat' dir='ltr'>querelam</span> <span class='ocrx_word' id='word_1_234' title='bbox 2054 2805 2124 2853; x_wconf 89' lang='lat' dir='ltr'>sic</span> <span class='ocrx_word' id='word_1_235' title='bbox 2164 2805 2280 2868; x_wconf 90' lang='lat' dir='ltr'>ipsis</span> <span class='ocrx_word' id='word_1_236' title='bbox 2319 2806 2494 2855; x_wconf 87' lang='lat' dir='ltr'>factam</span> 
     </span>
     <span class='ocr_line' id='line_1_25' title="bbox 565 2892 2493 2956; baseline -0.003 -8"><span class='ocrx_word' id='word_1_237' title='bbox 565 2900 778 2950; x_wconf 90' lang='lat' dir='ltr'>volumus</span> <span class='ocrx_word' id='word_1_238' title='bbox 800 2913 857 2946; x_wconf 88' lang='lat' dir='ltr'>ac</span> <span class='ocrx_word' id='word_1_239' title='bbox 880 2897 1027 2945; x_wconf 90' lang='lat' dir='ltr'>libere</span> <span class='ocrx_word' id='word_1_240' title='bbox 1053 2895 1354 2944; x_wconf 86' lang='lat' dir='ltr'>concedimus</span> <span class='ocrx_word' id='word_1_241' title='bbox 1378 2893 1504 2956; x_wconf 89' lang='lat' dir='ltr'>quod</span> <span class='ocrx_word' id='word_1_242' title='bbox 1543 2892 1698 2940; x_wconf 88' lang='lat' dir='ltr'>dictus</span> <span class='ocrx_word' id='word_1_243' title='bbox 1736 2892 1956 2956; x_wconf 89' lang='lat' dir='ltr'>princeps</span> <span class='ocrx_word' id='word_1_244' title='bbox 1990 2893 2190 2942; x_wconf 89' lang='lat' dir='ltr'>heredes</span> <span class='ocrx_word' id='word_1_245' title='bbox 2225 2894 2297 2942; x_wconf 92' lang='lat' dir='ltr'>sui</span> <span class='ocrx_word' id='word_1_246' title='bbox 2334 2899 2383 2942; x_wconf 89' lang='lat' dir='ltr'>et</span> <span class='ocrx_word' id='word_1_247' title='bbox 2419 2896 2493 2943; x_wconf 91' lang='lat' dir='ltr'>sui</span> 
     </span>
     <span class='ocr_line' id='line_1_26' title="bbox 566 2981 2495 3047; baseline -0.004 -8"><span class='ocrx_word' id='word_1_248' title='bbox 566 3003 861 3039; x_wconf 87' lang='lat' dir='ltr'>successores</span> <span class='ocrx_word' id='word_1_249' title='bbox 884 2985 1081 3034; x_wconf 89' lang='lat' dir='ltr'>liberam</span> <span class='ocrx_word' id='word_1_250' title='bbox 1106 2987 1155 3032; x_wconf 91' lang='lat' dir='ltr'>et</span> <span class='ocrx_word' id='word_1_251' title='bbox 1179 2982 1366 3047; x_wconf 90' lang='lat' dir='ltr'>plenam</span> <span class='ocrx_word' id='word_1_252' title='bbox 1386 2981 1626 3029; x_wconf 84' lang='lat' dir='ltr'>habebunt</span> <span class='ocrx_word' id='word_1_253' title='bbox 1645 2984 1933 3044; x_wconf 88' lang='lat' dir='ltr'>potestatem</span> <span class='ocrx_word' id='word_1_254' title='bbox 1959 2981 2136 3030; x_wconf 90' lang='lat' dir='ltr'>dictum</span> <span class='ocrx_word' id='word_1_255' title='bbox 2161 2998 2365 3030; x_wconf 91' lang='lat' dir='ltr'>annuum</span> <span class='ocrx_word' id='word_1_256' title='bbox 2391 2985 2495 3031; x_wconf 92' lang='lat' dir='ltr'>red-</span> 
     </span>
     <span class='ocr_line' id='line_1_27' title="bbox 569 3069 2492 3141; baseline -0.004 -14"><span class='ocrx_word' id='word_1_257' title='bbox 569 3080 718 3127; x_wconf 91' lang='lat' dir='ltr'>ditum</span> <span class='ocrx_word' id='word_1_258' title='bbox 758 3081 807 3126; x_wconf 91' lang='lat' dir='ltr'>et</span> <span class='ocrx_word' id='word_1_259' title='bbox 843 3074 1243 3141; x_wconf 88' lang='lat' dir='ltr'>presentationem</span> <span class='ocrx_word' id='word_1_260' title='bbox 1291 3070 1490 3119; x_wconf 91' lang='lat' dir='ltr'>ecclesie</span> <span class='ocrx_word' id='word_1_261' title='bbox 1533 3071 1591 3118; x_wconf 91' lang='lat' dir='ltr'>de</span> <span class='ocrx_word' id='word_1_262' title='bbox 1635 3069 1956 3134; x_wconf 87' lang='lat' dir='ltr'>Cortowquhy</span> <span class='ocrx_word' id='word_1_263' title='bbox 2003 3085 2203 3119; x_wconf 90' lang='lat' dir='ltr'>unacum</span> <span class='ocrx_word' id='word_1_264' title='bbox 2251 3072 2492 3120; x_wconf 90' lang='lat' dir='ltr'>mansione</span> 
     </span>
     <span class='ocr_line' id='line_1_28' title="bbox 570 3158 2498 3229; baseline -0.005 -13"><span class='ocrx_word' id='word_1_265' title='bbox 570 3168 802 3216; x_wconf 90' lang='lat' dir='ltr'>dictorum</span> <span class='ocrx_word' id='word_1_266' title='bbox 849 3163 1197 3229; x_wconf 88' lang='lat' dir='ltr'>capellanorum</span> <span class='ocrx_word' id='word_1_267' title='bbox 1241 3159 1495 3209; x_wconf 87' lang='lat' dir='ltr'>reuocandi</span> <span class='ocrx_word' id='word_1_268' title='bbox 1533 3163 1582 3207; x_wconf 90' lang='lat' dir='ltr'>et</span> <span class='ocrx_word' id='word_1_269' title='bbox 1622 3158 1930 3222; x_wconf 86' lang='lat' dir='ltr'>distringendi</span> <span class='ocrx_word' id='word_1_270' title='bbox 1967 3160 2036 3207; x_wconf 93' lang='lat' dir='ltr'>ita</span> <span class='ocrx_word' id='word_1_271' title='bbox 2072 3160 2195 3222; x_wconf 92' lang='lat' dir='ltr'>quod</span> <span class='ocrx_word' id='word_1_272' title='bbox 2230 3159 2375 3208; x_wconf 90' lang='lat' dir='ltr'>liceat</span> <span class='ocrx_word' id='word_1_273' title='bbox 2410 3161 2498 3209; x_wconf 91' lang='lat' dir='ltr'>sibi</span> 
     </span>
     <span class='ocr_line' id='line_1_29' title="bbox 569 3247 2498 3320; baseline -0.004 -16"><span class='ocrx_word' id='word_1_274' title='bbox 569 3257 815 3320; x_wconf 88' lang='lat' dir='ltr'>disponere</span> <span class='ocrx_word' id='word_1_275' title='bbox 841 3254 1020 3302; x_wconf 87' lang='lat' dir='ltr'>dictum</span> <span class='ocrx_word' id='word_1_276' title='bbox 1044 3266 1250 3300; x_wconf 91' lang='lat' dir='ltr'>annuum</span> <span class='ocrx_word' id='word_1_277' title='bbox 1275 3249 1514 3297; x_wconf 89' lang='lat' dir='ltr'>redditum</span> <span class='ocrx_word' id='word_1_278' title='bbox 1554 3251 1603 3295; x_wconf 90' lang='lat' dir='ltr'>et</span> <span class='ocrx_word' id='word_1_279' title='bbox 1641 3247 2042 3311; x_wconf 88' lang='lat' dir='ltr'>presentationem</span> <span class='ocrx_word' id='word_1_280' title='bbox 2066 3247 2193 3296; x_wconf 90' lang='lat' dir='ltr'>dicte</span> <span class='ocrx_word' id='word_1_281' title='bbox 2220 3248 2418 3297; x_wconf 88' lang='lat' dir='ltr'>ecclesie</span> <span class='ocrx_word' id='word_1_282' title='bbox 2443 3266 2498 3297; x_wconf 88' lang='lat' dir='ltr'>ac</span> 
     </span>
     <span class='ocr_line' id='line_1_30' title="bbox 570 3335 2500 3394; baseline -0.004 0"><span class='ocrx_word' id='word_1_283' title='bbox 570 3344 857 3394; x_wconf 87' lang='lat' dir='ltr'>mansionem</span> <span class='ocrx_word' id='word_1_284' title='bbox 883 3341 1173 3391; x_wconf 88' lang='lat' dir='ltr'>antedictam</span> <span class='ocrx_word' id='word_1_285' title='bbox 1198 3337 1341 3388; x_wconf 91' lang='lat' dir='ltr'>simili</span> <span class='ocrx_word' id='word_1_286' title='bbox 1365 3338 1505 3385; x_wconf 91' lang='lat' dir='ltr'>modo</span> <span class='ocrx_word' id='word_1_287' title='bbox 1540 3335 1614 3384; x_wconf 87' lang='lat' dir='ltr'>vel</span> <span class='ocrx_word' id='word_1_288' title='bbox 1651 3335 1844 3384; x_wconf 90' lang='lat' dir='ltr'>meliore</span> <span class='ocrx_word' id='word_1_289' title='bbox 1881 3336 1929 3384; x_wconf 92' lang='lat' dir='ltr'>in</span> <span class='ocrx_word' id='word_1_290' title='bbox 1966 3336 2140 3385; x_wconf 90' lang='lat' dir='ltr'>diuinis</span> <span class='ocrx_word' id='word_1_291' title='bbox 2163 3337 2376 3386; x_wconf 90' lang='lat' dir='ltr'>seruiciis</span> <span class='ocrx_word' id='word_1_292' title='bbox 2401 3339 2500 3386; x_wconf 91' lang='lat' dir='ltr'>ubi-</span> 
     </span>
    </p>
   </div>
  </div>
 </body>
</html>
