3016 3958
1177 623 1470 682 CARTAE
1515 627 2019 688 ORIGINALES.
2468 635 2579 694 217

623 819 874 867 chinenses
917 818 1134 883 perprius
1181 818 1230 866 in
1278 819 1516 866 communi
1564 820 1865 883 pertinebat;
1900 823 2135 871 tenendae
2184 823 2232 871 in
2278 825 2571 876 haereditate

621 909 967 973 imperpetuum
1006 936 1017 948 ·
1055 908 1324 957 Reddendo
1349 909 1459 956 inde
1485 910 1731 958 annuatim
1756 926 1988 959 summam
2006 912 2150 960 trium
2175 904 2432 962 soliderum
2458 933 2572 980 qua-

620 1003 731 1047 tuor
769 999 1070 1048 denariorum
1109 1003 1331 1047 monetae
1371 999 1564 1047 Scotiae
1605 999 1795 1047 nomine
1832 1000 1959 1063 regio
1995 1002 2280 1065 pauperibus
2327 1006 2570 1053 annuatim

621 1089 897 1138 solvendam
933 1090 982 1138 in
1015 1090 1140 1139 festo
1176 1088 1520 1154 purificationis
1543 1088 1715 1136 beatae
1744 1089 1929 1137 Mariae
1953 1090 2146 1154 virginis
2168 1095 2355 1140 tantum
2395 1121 2405 1131 ·
2442 1094 2572 1142 Data

535 1216 547 1223 .
619 1181 786 1228 eodem
824 1180 931 1229 loco
972 1183 1022 1228 et
1064 1196 1224 1228 coram
1267 1179 1435 1228 iisdem
1477 1177 1683 1227 testibus
1725 1178 1894 1242 quibus
1938 1179 1987 1227 in
2026 1184 2160 1228 carta
2201 1183 2523 1246 suprascripta
2560 1213 2569 1223 ·

363 1720 592 1767 CXLVI.

623 1271 684 1317 13
710 1270 744 1316 J
748 1269 931 1318 anuarii
958 1270 1089 1317 1580
1128 1298 1138 1308 ·

620 1472 931 1520 Confirmatio
987 1473 1118 1536 regia
1177 1476 1309 1521 carte
1358 1487 1583 1521 concesse
1630 1489 1716 1536 per
1764 1472 2090 1522 Alexandrum
2133 1473 2407 1538 episcopum
2455 1476 2570 1524 Bre-

619 1562 892 1611 chinensem
915 1563 950 1610 J
954 1563 1104 1612 acobo
1130 1563 1373 1611 Grahame
1413 1591 1422 1600 ·

626 1691 862 1770 Jacobus
887 1721 983 1769 Dei
1007 1720 1163 1784 gratia
1189 1720 1300 1768 Rex
1325 1721 1578 1768 Scotorum
1604 1719 1822 1769 omnibus
1845 1719 2006 1784 probis
2030 1720 2298 1770 hominibus
2337 1749 2347 1759 ·
2386 1749 2396 1759 -
2436 1751 2445 1761 ·
2484 1723 2568 1771 Sa-

617 1811 766 1860 lutem
810 1811 987 1859 Sciatis
1028 1827 1115 1859 nos
1156 1810 1395 1874 quandam
1431 1813 1614 1858 cartam
1652 1810 1923 1859 donationis
1962 1810 2142 1859 factam
2185 1816 2234 1859 et
2279 1812 2439 1860 datam
2486 1830 2570 1877 per

619 1901 954 1951 Alexandrum
998 1900 1370 1948 Brechinensem
1414 1900 1686 1963 episcopum
1726 1928 1736 1937 ·
1777 1928 1787 1937 ·
1827 1928 1837 1937 ·
1875 1916 1984 1947 cum
2026 1916 2257 1949 consensu
2295 1929 2304 1939 ·
2345 1930 2355 1939 -
2394 1930 2403 1940 ·
2442 1904 2568 1966 capi-

616 1991 706 2040 tuli
745 1991 946 2040 ecclesie
985 1989 1276 2039 cathedralis
1315 1990 1526 2038 eiusdem
1566 2017 1576 2027 ·
1617 2018 1627 2027 ·
1668 2017 1677 2027 -
1714 1990 1776 2036 ad
1813 1989 2004 2053 plenum
2030 1990 2323 2040 intellexisse
2358 1993 2443 2041 sub
2479 1994 2568 2041 hac

616 2084 768 2130 forma
798 2081 1030 2130 Omnibus
1053 2081 1176 2128 hanc
1200 2084 1384 2128 cartam
1421 2078 1590 2128 visuris
1615 2078 1690 2127 vel
1715 2079 1950 2128 audituris
1986 2079 2264 2128 Alexander
2301 2110 2309 2120 -
2351 2110 2361 2120 ·
2401 2111 2410 2120 ·
2448 2083 2567 2146 epis-

617 2189 763 2237 copus
789 2171 1127 2220 Brechinensis
1152 2169 1365 2218 Salutem
1406 2198 1415 2207 ·
1456 2198 1466 2207 ·
1505 2197 1517 2208 ·
1555 2184 1700 2232 quum
1738 2168 1855 2216 nulli
1881 2185 1975 2217 non
2000 2174 2189 2218 constet
2225 2170 2353 2218 illam
2389 2172 2565 2235 petiam

615 2268 741 2311 terre
781 2266 914 2311 vaste
946 2261 1189 2323 jacentem
1229 2259 1276 2307 in
1314 2262 1479 2307 nostra
1515 2258 1724 2307 Civitate
1762 2259 2074 2308 Brechinensi
2110 2260 2235 2308 inter
2272 2276 2565 2310 communem

616 2353 825 2418 plateam
849 2353 1061 2400 eiusdem
1097 2356 1147 2399 et
1182 2366 1366 2398 murum
1403 2348 1532 2397 horti
1567 2348 1720 2397 nostri
1755 2348 1928 2412 palacii
1957 2349 2212 2412 vulgariter
2234 2350 2376 2413 lyand
2405 2351 2565 2399 betuix

615 2445 698 2492 the
740 2442 852 2492 wall
894 2443 947 2490 of
982 2458 1069 2490 our
1108 2441 1306 2506 garding
1342 2440 1436 2487 and
1475 2439 1558 2487 the
1598 2454 1849 2486 commoun
1885 2438 2046 2502 calsay
2083 2440 2136 2486 of
2171 2440 2402 2488 Brechine
2440 2441 2565 2488 intra

617 2535 799 2582 bondas
834 2536 883 2580 et
912 2531 1091 2580 limites
1115 2530 1409 2593 subscriptos
1434 2528 1658 2576 videlicet
1683 2528 1953 2592 incipiendo
1988 2529 2048 2576 ab
2084 2529 2329 2577 occidente
2364 2531 2425 2577 ad
2460 2531 2564 2577 hor-

616 2629 718 2673 tum
759 2620 1046 2671 thesaurarii
1089 2620 1260 2668 dehinc
1302 2618 1644 2667 extendentem
1681 2634 1767 2681 per
1803 2617 1982 2665 dictum
2030 2635 2211 2665 murum
2260 2623 2309 2667 et
2355 2619 2561 2683 plateam

617 2730 766 2778 usque
807 2713 868 2760 ad
908 2716 1096 2776 portam
1136 2709 1282 2758 turris
1326 2712 1492 2756 vocate
1534 2707 1768 2756 Carnokis
1809 2712 1946 2756 toure
1990 2707 2150 2756 multis
2187 2708 2287 2769 jam
2326 2709 2560 2756 anteactis

618 2803 755 2852 annis
778 2818 896 2850 ceno
931 2805 981 2849 et
1017 2798 1314 2849 stercorariis
1337 2797 1515 2862 passim
1539 2797 1713 2861 ubique
1744 2797 1997 2861 quotannis
2033 2801 2080 2844 et
2116 2812 2301 2860 semper
2335 2796 2562 2860 repletam

618 2893 764 2942 fuisse
789 2896 838 2940 et
863 2891 1010 2940 etiam
1040 2890 1141 2952 jam
1172 2903 1276 2937 esse
1312 2891 1366 2935 ut
1401 2903 1495 2935 non
1522 2886 1672 2935 solum
1698 2887 1828 2935 ciues
1854 2890 1902 2934 et
1927 2886 2079 2934 incole
2104 2887 2229 2934 dicte
2254 2890 2414 2935 nostre
2441 2887 2563 2934 Civi-

620 2982 737 3031 tatis
772 2998 835 3030 ex
868 2984 996 3029 tetro
1022 2980 1166 3027 odore
1190 2981 1452 3026 stercorum
1488 2976 1555 3023 ibi
1591 2980 1920 3039 congestorum
1953 2975 2149 3024 iniurias
2184 2979 2232 3023 et
2268 2975 2562 3023 infirmitates

621 3071 967 3121 contractarint
1005 3085 1167 3117 verum
1203 3067 1347 3116 etiam
1384 3083 1444 3114 ne
1482 3082 1570 3114 nos
1608 3066 1798 3128 quidem
1835 3065 1883 3111 in
1919 3069 2081 3113 nostro
2105 3064 2326 3112 viridario
2351 3068 2398 3112 et
2423 3064 2559 3112 horto

621 3162 743 3211 salui
768 3159 1070 3209 deambulare
1094 3173 1344 3223 possumus
1370 3155 1614 3204 Noueritis
1650 3154 1795 3216 igitur
1817 3169 1904 3201 nos
1929 3169 2034 3201 eum
2072 3152 2307 3215 expressis
2331 3167 2557 3200 consensu

621 3257 671 3301 et
695 3267 889 3302 assensu
914 3248 1111 3314 capituli
1148 3247 1347 3297 ecclesie
1382 3249 1543 3294 nostre
1584 3243 1871 3292 cathedralis
1909 3271 1918 3280 -
1958 3271 1968 3280 ·
2008 3270 2018 3280 ·
2055 3242 2240 3291 dedisse
2278 3269 2288 3280 ·
2327 3269 2337 3279 ·
2376 3269 2386 3279 ·
2423 3244 2471 3288 et
2495 3241 2554 3287 ad

1527 3334 1556 3362 ὅ)

1526 3350 1617 3381 μί]
