3016 3958
225 2893 497 2942 LXXXII.

1064 652 1358 710 CARTAE
1401 650 1902 706 ORIGINALES.
2379 653 2487 707 143

527 842 752 891 heredum
801 843 1039 908 quondam
1085 846 1323 894 Johannis
1383 842 1535 905 Inglis
1580 843 1641 890 ad
1689 843 1880 890 boream
1930 846 1979 890 et
2026 846 2180 890 terras
2230 841 2482 889 Michaelis

531 931 778 995 Wythand
814 934 876 982 ad
910 937 1125 982 austrum
1149 950 1348 983 vnaeum
1373 948 1465 982 vna
1488 947 1601 980 aera
1622 936 1752 980 terre
1794 930 1989 980 arabilis
2031 931 2162 979 dioto
2204 935 2481 979 tenemento

526 1036 715 1069 annexa
750 1022 798 1070 in
834 1023 1050 1072 manibus
1071 1024 1106 1071 J
1110 1024 1310 1074 ohannis
1333 1023 1686 1071 Duneansonne
1712 1021 1847 1069 vuius
1884 1019 2169 1069 balliuorum
2195 1019 2324 1068 dicte
2351 1018 2481 1067 Ciui—

525 1111 643 1159 tatis
665 1127 751 1175 per
773 1113 955 1161 denarii
989 1113 1296 1162 traditionem
1334 1129 1450 1177 pure
1475 1116 1525 1160 et
1550 1110 1832 1175 simpliciter
1856 1110 2115 1174 resignauit
2159 1136 2168 1147 ·
2208 1110 2315 1165 Qua
2339 1110 2484 1172 resig-

526 1200 719 1249 natione
736 1201 806 1250 sie
822 1202 953 1250 faeta
989 1231 999 1240 -
1040 1230 1052 1240 υ
1091 1231 1101 1240 -
1138 1203 1276 1250 Idem
1299 1201 1503 1250 balliuus
1541 1229 1550 1239 ·
1590 1229 1600 1239 ·
1640 1228 1650 1238 ·
1686 1199 1913 1249 saisinam
1937 1203 1988 1248 et
2011 1199 2352 1248 hereditariam
2374 1215 2482 1262 pos-

524 1290 780 1339 sessionem
806 1291 922 1340 dieti
945 1291 1090 1339 annui
1125 1291 1340 1340 redditus
1363 1291 1555 1339 domino
1579 1289 1739 1337 Dauid
1768 1289 1958 1337 Andree
1993 1289 2235 1337 communi
2258 1304 2478 1352 procura-

524 1380 617 1427 tori
642 1379 993 1443 capellanorum
1018 1381 1150 1429 chori
1177 1379 1514 1428 Breehinensis
1536 1394 1623 1443 per
1646 1377 1763 1426 dieti
1798 1378 1980 1426 denarii
2006 1378 2314 1426 traditionem
2348 1379 2481 1426 dedit

526 1498 537 1505 -
578 1497 587 1506 ·
628 1497 637 1506 ·
675 1469 863 1517 Deinde
887 1470 1013 1517 idem
1040 1469 1283 1518 Robertus
1305 1485 1446 1517 vnum
1465 1468 1611 1516 alium
1630 1483 1839 1516 annuum
1859 1467 2096 1516 redditum
2115 1483 2202 1516 sex
2221 1467 2478 1517 solidorum

523 1562 574 1605 et
597 1562 708 1606 octo
733 1558 1032 1606 denariorum
1057 1559 1116 1606 de
1140 1573 1237 1608 vno
1259 1561 1535 1607 tenemento
1551 1558 1747 1620 jacente
1771 1557 1820 1604 in
1842 1556 1889 1604 le
1916 1557 2143 1620 Kirkgait
2177 1558 2304 1606 inter
2325 1563 2480 1607 terras

525 1647 703 1695 domini
725 1647 759 1694 J
763 1647 963 1696 ohannis
987 1648 1235 1712 Chapman
1275 1649 1337 1696 ad
1361 1647 1658 1695 occidentem
1694 1650 1745 1695 et
1787 1647 1980 1695 boream
2007 1650 2058 1694 et
2085 1646 2248 1694 Dauid
2274 1647 2393 1695 Rait
2418 1649 2479 1695 ad

523 1737 755 1785 orientem
788 1737 837 1785 in
869 1737 1087 1787 manibus
1118 1737 1237 1786 dieti
1274 1736 1438 1786 balliui
1482 1752 1568 1800 per
1609 1735 1793 1784 denarii
1833 1735 2142 1784 traditionem
2182 1764 2192 1774 ·
2233 1765 2243 1774 ·
2284 1765 2294 1773 ·
2331 1737 2476 1799 resig-

524 1828 658 1875 nauit
696 1856 706 1865 -
745 1827 851 1883 Qua
875 1827 1191 1891 resignatione
1215 1827 1284 1876 sie
1307 1828 1439 1875 faeta
1478 1855 1487 1864 ·
1527 1854 1537 1863 ·
1577 1854 1588 1864 ·
1625 1826 1750 1873 idem
1785 1823 1992 1873 balliuus
2032 1853 2042 1862 ·
2082 1854 2091 1863 -
2132 1853 2141 1864 ·
2180 1826 2403 1874 saisinam
2429 1830 2478 1873 et

523 1916 859 1966 hereditariam
883 1917 1228 1980 possessionem
1265 1915 1383 1964 dieti
1424 1915 1569 1964 annui
1611 1914 1829 1963 redditus
1868 1914 2057 1978 prefato
2101 1915 2292 1962 domino
2318 1915 2477 1962 Dauid

523 2023 609 2071 per
633 2006 814 2056 denarii
852 2035 861 2044 ·
902 2035 911 2044 ·
951 2035 961 2044 ·
997 2006 1305 2054 traditionem
1344 2033 1354 2043 ·
1395 2034 1404 2043 ·
1444 2034 1454 2043 ·
1495 2003 1785 2053 ministrauit
1822 2004 2082 2052 seeundum
2104 2007 2323 2052 tenorem
2345 2008 2476 2052 carte

523 2098 725 2161 desuper
747 2096 963 2144 eonfeete
987 2094 1124 2144 saluo
1142 2095 1249 2158 jure
1274 2093 1527 2143 cuiuslibet
1567 2121 1576 2131 ·
1614 2093 1769 2157 Super
1792 2093 1964 2157 quibus
2003 2121 2013 2131 ·
2053 2122 2062 2131 ·
2104 2122 2113 2131 ·
2151 2093 2308 2142 dictus
2329 2095 2476 2141 domi-

523 2203 612 2235 nus
635 2187 795 2235 Dauid
819 2202 850 2232 a
872 2201 947 2234 me
971 2185 1159 2234 notario
1197 2212 1207 2223 ·
1247 2213 1257 2222 ·
1299 2211 1310 2223 ·
1347 2183 1437 2232 sibi
1478 2183 1579 2231 fieri
1617 2183 1761 2247 petiit
1783 2182 2154 2231 instrumentum
2194 2211 2203 2220 ·
2244 2211 2253 2220 ·
2295 2212 2304 2220 ·
2343 2185 2473 2231 Aeta

524 2292 666 2340 super
681 2276 879 2323 fundum
897 2275 1135 2322 dictorum
1152 2277 1532 2322 tenementorum
1573 2300 1582 2309 ·
1622 2300 1633 2310 ·
1672 2300 1682 2309 ·
1722 2271 2030 2320 Presentibus
2054 2271 2229 2319 ibidem
2248 2272 2282 2318 J
2286 2273 2472 2320 ohanne

526 2364 677 2413 Avale
708 2363 954 2412 Willelmo
985 2363 1132 2411 Craik
1170 2363 1205 2411 J
1209 2363 1393 2411 ohanne
1433 2361 1667 2410 Sadillare
1711 2360 1932 2410 Waltero
1975 2361 2179 2424 Tyndail
2219 2367 2268 2410 et
2311 2362 2473 2410 Dauid

527 2456 632 2502 Fox
656 2454 916 2516 sergeando
941 2467 1050 2501 cum
1076 2453 1280 2502 diuersis
1303 2452 1410 2500 aliis
1450 2481 1459 2490 ·
1500 2481 1508 2489 -
1551 2481 1560 2489 ·

595 2545 662 2592 Et
686 2559 772 2606 ego
797 2542 1026 2591 Valterus
1049 2542 1193 2591 Clerk
1231 2571 1240 2581 ·
1280 2571 1290 2580 -
1330 2570 1339 2579 ·
1378 2544 1592 2590 notarius
1631 2570 1640 2578 ·
1681 2569 1690 2578 ·
1731 2569 1739 2578 ·

527 2745 755 2794 Venditio
779 2746 838 2792 de
865 2744 1097 2807 Reidmyr
1135 2773 1144 2782 ·

534 2870 807 2951 Omnibus
851 2901 974 2951 hane
1015 2899 1210 2947 Cartam
1252 2898 1421 2947 visuris
1462 2898 1536 2945 vel
1578 2898 1812 2947 audituris
1855 2897 2134 2947 Alexander
2181 2901 2357 2950 lrwine
2405 2905 2463 2951 de

524 2993 753 3040 Drumme
777 3005 835 3038 ao
858 2968 1076 3038 dominus
1111 2988 1325 3052 superior
1347 2992 1580 3036 terrarum
1606 2988 1664 3035 de
1691 2987 1925 3051 Reidmyr
1947 2992 1997 3036 et
2023 2989 2316 3054 Quhitriggis
2352 3020 2362 3030 ·
2402 3022 2411 3030 ·

523 3082 735 3130 Salutem
775 3108 785 3117 ·
824 3077 1067 3127 Noueritis
1107 3093 1181 3124 me
1221 3075 1407 3125 dedisse
1445 3105 1455 3114 -
1495 3104 1505 3113 ·
1544 3104 1554 3114 ·
1591 3075 1848 3124 venerabili
1883 3077 1983 3124 viro
2018 3078 2246 3140 magistro
2271 3083 2462 3131 Andree

525 3170 647 3219 Liell
670 3168 968 3219 thesaurario
989 3182 1047 3215 ae
1071 3165 1260 3215 officiali
1286 3164 1603 3214 Abirdonensi
1627 3180 1767 3215 vnum
1791 3181 1999 3213 annuum
2035 3167 2271 3216 redditum
2297 3171 2459 3219 decem

523 3274 783 3309 mel-earum
807 3256 984 3308 vsualis
1019 3259 1207 3304 monete
1232 3254 1394 3303 Scotie
1435 3253 1679 3302 annuatim
1718 3282 1727 3291 ·
1767 3282 1777 3290 ·
1819 3282 1828 3290 -
1864 3253 2118 3303 leuandum
2158 3257 2216 3304 de
2254 3259 2372 3307 totis
2412 3266 2461 3308 et

511 3349 720 3412 <integris
741 3348 882 3396 terris
906 3347 965 3393 de
987 3345 1217 3407 Reidmyr
1241 3343 1290 3392 et
1309 3341 1601 3406 Qubitriggis
1620 3357 1725 3390 eum
1751 3343 1848 3401 suis
1873 3343 2174 3406 pertinentiis
2191 3346 2462 3407 jacentibus
