3016 3958
1010 647 1302 702 CARTAE
1347 644 1847 702 ORIGINALES.
2319 645 2426 698 105

477 835 627 882 refero
654 851 727 882 me
752 837 813 882 ad
839 835 1173 884 declarandum
1199 854 1284 901 per
1306 840 1513 885 vestram
1549 839 1778 883 assertam
1815 838 1864 881 et
1901 837 2170 896 pretensam
2211 833 2424 881 commis-

477 925 655 971 sionem
681 928 730 972 et
768 924 836 972 sic
875 925 1149 974 excessistis
1173 927 1288 975 fines
1312 925 1526 973 mandati
1563 927 1792 972 vexantes
1815 939 1890 970 me
1914 922 2155 971 laboribus
2178 927 2227 971 et
2251 939 2426 985 expen-

477 1012 542 1060 sis
566 1013 624 1059 de
649 1013 817 1076 quibus
841 1017 1079 1077 protestor
1116 1041 1128 1053 ·
1165 1014 1372 1078 Insuper
1395 1029 1483 1062 vos
1507 1011 1799 1063 venerabiles
1834 1012 1920 1058 viri
1957 1011 2135 1059 domini
2171 1012 2353 1060 Thema
2376 1016 2424 1059 et

481 1101 721 1158 Willelme
767 1103 1105 1165 pretendentes
1150 1119 1233 1151 vos
1275 1103 1578 1166 inquisitores
1624 1101 1788 1149 fideles
1835 1100 1975 1148 nimis
2022 1100 2297 1149 reddidistis
2342 1117 2425 1148 vos

477 1196 722 1254 suspectos
759 1191 956 1239 ecclesie
995 1207 1098 1239 mee
1137 1196 1186 1239 et
1225 1192 1367 1239 michi
1407 1207 1464 1239 eo
1503 1191 1627 1254 quod
1651 1206 1737 1253 pro
1762 1194 1920 1237 vestra
1943 1189 2246 1252 inquisitione
2282 1189 2322 1238 si
2357 1189 2427 1236 in-

475 1280 667 1342 quisitio
692 1280 786 1327 dici
810 1280 981 1328 debeat
1007 1281 1047 1328 si
1071 1297 1156 1344 pro
1195 1297 1289 1328 non
1314 1285 1503 1329 tantum
1528 1280 1717 1328 citastis
1762 1278 2075 1342 parochianos
2100 1279 2157 1326 de
2185 1278 2425 1341 Rascolby

477 1368 706 1417 firmarios
731 1368 857 1416 dicte
882 1368 1080 1417 ecclesie
1106 1370 1164 1416 de
1194 1369 1435 1431 Rascolby
1474 1373 1524 1416 et
1563 1367 1643 1431 qui
1666 1372 1893 1416 tenentur
1916 1367 2100 1415 astricti
2139 1368 2300 1415 debito
2323 1384 2428 1431 pre-

477 1457 578 1504 fato
622 1457 855 1520 Magistro
899 1457 1119 1505 Waltero
1162 1458 1242 1521 qui
1284 1458 1438 1506 minus
1479 1458 1721 1506 sciuerunt
1761 1461 1915 1505 metas
1951 1461 2000 1504 et
2034 1457 2263 1505 terminos
2305 1458 2429 1505 inter

478 1545 726 1608 parochias
765 1547 823 1593 de
864 1545 1103 1609 Rascolby
1143 1550 1191 1594 et
1232 1546 1542 1609 Fynnewyng
1577 1545 1731 1594 nullos
1766 1549 1929 1593 tamen
1964 1545 2122 1593 vocari
2157 1546 2339 1595 fecistis
2362 1546 2429 1594 al-

478 1635 627 1683 terius
651 1635 873 1699 parochie
911 1640 960 1683 et
998 1636 1056 1682 de
1098 1636 1408 1698 Fynnewyng
1446 1635 1527 1696 qui
1563 1635 1712 1697 magis
1735 1638 1969 1682 nouerunt
2006 1638 2055 1682 et
2091 1639 2292 1683 noscunt
2317 1636 2427 1698 quia

478 1725 809 1788 proprinquior
846 1728 919 1773 est
958 1724 1044 1773 eiis
1085 1729 1134 1772 et
1173 1725 1323 1787 magis
1348 1724 1503 1772 vicina
1527 1723 1609 1771 illa
1631 1723 1812 1772 terrula
1845 1725 1904 1771 de
1940 1724 2073 1772 cuius
2097 1724 2281 1771 decima
2321 1729 2427 1772 orta

479 1817 553 1861 est
577 1813 636 1861 lis
659 1817 708 1861 et
732 1813 1056 1862 controuersia
1142 1813 1305 1861 Etiam
1330 1829 1436 1861 cum
1461 1817 1598 1861 actor
1623 1813 1796 1860 debeat
1820 1813 1953 1876 sequi
1977 1813 2130 1860 forum
2167 1813 2235 1860 rei
2271 1815 2426 1876 prefa-

480 1906 558 1950 tus
584 1902 817 1964 Magister
842 1901 1087 1950 Walterus
1126 1903 1289 1950 debuit
1326 1906 1628 1965 prosecutum
1666 1901 1810 1949 fuisse
1837 1900 2082 1949 ecclesiam
2121 1917 2271 1949 meam
2311 1903 2427 1949 Bre-

482 1991 718 2039 chinensis
763 1991 977 2039 dioecesis
1023 2006 1180 2039 coram
1229 1991 1468 2039 ordinario
1511 1995 1559 2038 et
1601 1990 1840 2038 ordinario
1875 1990 1982 2051 jure
2025 1991 2195 2053 quibus
2241 2007 2427 2055 semper

481 2096 609 2128 eram
648 2084 843 2143 paratus
882 2081 946 2128 Et
984 2096 1078 2128 non
1115 2080 1493 2127 extraordinarie
1529 2096 1614 2142 per
1648 2079 1768 2129 viam
1807 2078 2151 2127 commissionis
2186 2079 2427 2142 signanter

483 2169 729 2217 reuerendi
753 2169 903 2232 patris
927 2173 976 2217 et
1002 2169 1179 2217 domini
1204 2169 1297 2216 mei
1322 2167 1650 2232 specialissimi
1677 2167 1905 2230 Episcopi
1924 2167 2266 2214 Sanctiandree
2284 2184 2313 2214 a
2331 2184 2424 2231 quo

483 2257 687 2306 ecclesia
709 2259 768 2305 de
796 2257 1038 2320 Rascolby
1061 2257 1280 2306 totaliter
1303 2261 1377 2305 est
1402 2261 1627 2321 exempta
1661 2257 1709 2303 in
1745 2256 2069 2304 iurisdictione
2104 2260 2155 2303 vt
2191 2257 2280 2304 sibi
2305 2258 2422 2305 satis

483 2350 672 2394 constat
712 2347 833 2393 vnde
873 2346 1017 2393 michi
1057 2345 1236 2392 nullum
1283 2345 1678 2409 complementum
1721 2344 1912 2406 justitie
1960 2343 2218 2391 ministrari
2264 2349 2422 2407 potest

484 2451 576 2497 quo
614 2435 674 2482 ad
713 2435 802 2482 hoc
839 2450 945 2481 cum
984 2434 1109 2481 idem
1152 2434 1385 2497 Magister
1425 2433 1671 2481 Walterus
1707 2433 1783 2480 cui
1818 2433 2025 2495 pertinet
2054 2432 2323 2494 jurisdictio
2359 2433 2422 2481 sit

484 2539 595 2587 pars
631 2524 834 2570 aduersa
880 2538 1018 2585 quem
1065 2538 1159 2569 non
1196 2526 1269 2570 est
1305 2521 1567 2569 veresimile
1603 2521 1871 2570 consentire
1913 2521 2190 2583 cuicumque
2231 2521 2320 2568 nisi
2360 2523 2420 2569 ad

484 2611 739 2660 vtilitatem
782 2610 980 2658 ecclesie
1022 2625 1105 2658 sue
1147 2614 1197 2658 et
1238 2626 1371 2658 suam
1411 2614 1464 2657 ut
1501 2610 1786 2673 presumitur
1824 2637 1834 2646 ·
1873 2609 1973 2656 Vos
2008 2609 2152 2656 etiam
2190 2609 2422 2673 Magister

484 2701 518 2747 J
522 2701 730 2748 ohannes
771 2697 1002 2746 Willelmi
1040 2697 1259 2746 noluistis
1298 2715 1372 2745 me
1407 2698 1573 2746 audire
1598 2698 1869 2746 offerentem
1907 2714 1982 2744 me
2016 2698 2321 2760 probaturum
2345 2679 2421 2747 co-

485 2805 584 2836 ram
623 2788 755 2836 vobis
791 2792 1015 2850 tanquam
1058 2786 1246 2834 officiali
1284 2786 1491 2849 generali
1528 2786 1862 2834 Brechinensis
1898 2785 2111 2834 dioecesis
2153 2788 2276 2849 quod
2319 2799 2421 2850 pre-

485 2878 614 2926 dicta
652 2875 835 2924 terrula
874 2879 977 2922 erat
1018 2879 1067 2922 et
1114 2879 1187 2923 est
1233 2874 1457 2937 parochia
1503 2873 1702 2922 ecclesie
1743 2874 1963 2937 parochie
2006 2874 2064 2921 de
2111 2873 2418 2938 Fynnewyng

487 2967 648 3015 Etiam
668 2965 1040 3014 consentientem
1059 2964 1183 3027 quod
1202 2963 1443 3026 poneretis
1458 2962 1666 3033 decimas
1683 2962 1930 3024 garbarum
1953 2962 2010 3009 de
2031 2962 2199 3025 quibus
2223 2967 2296 3012 est
2310 2969 2416 3012 orta

484 3060 589 3104 tota
612 3055 671 3102 lis
694 3054 780 3102 sub
805 3057 910 3100 arto
934 3056 1091 3100 vestro
1114 3056 1358 3114 sequestro
1382 3067 1525 3114 vsque
1550 3051 1610 3098 ad
1634 3051 1772 3097 finem
1810 3050 2102 3113 probationis
2126 3066 2232 3098 cum
2256 3056 2415 3101 tamen

485 3149 538 3192 ut
562 3143 773 3206 intelligo
797 3142 887 3189 hoc
909 3142 972 3190 sit
988 3141 1086 3202 juri
1111 3144 1159 3188 et
1184 3140 1357 3188 rationi
1381 3155 1636 3188 consonum
1660 3142 1709 3186 et
1726 3137 1851 3200 juris
1874 3138 2133 3187 autoritate
2155 3139 2371 3188 fulcitum
2406 3171 2416 3180 -

487 3234 560 3280 Ob
585 3232 729 3295 igitur
751 3230 979 3294 premissa
1000 3229 1277 3293 grauamina
1300 3232 1349 3291 et
1373 3227 1468 3275 alia
1504 3225 1834 3275 verosimiliter
1870 3243 1954 3290 per
1991 3242 2074 3275 vos
2111 3227 2355 3276 inferenda
2389 3247 2418 3277 a

486 3321 618 3375 vobis
642 3321 823 3367 Thoma
859 3322 908 3366 et
943 3318 976 3364 J
981 3318 1164 3366 ohanne
1202 3317 1435 3381 pretensis
1472 3314 1804 3364 commissariis
1839 3319 1888 3363 et
1925 3319 2082 3363 vestra
2105 3321 2326 3378 pretensa
2349 3318 2417 3367 in-

1443 3420 1469 3450 o
