3016 3958
544 657 616 710 82
1100 660 1391 716 GARTAE
1436 661 1935 720 ORIGINALES.

542 846 764 909 sigillata,
787 846 939 894 altera
963 864 1074 896 vero
1100 849 1264 912 sigillo
1288 851 1531 899 autentico
1559 851 1830 899 Reuerendi
1864 851 1912 898 in
1952 851 2033 898 X0·
2068 850 2218 914 patris
2254 878 2265 889 ·
2307 877 2317 887 ·
2357 878 2366 887 ·
2401 851 2435 897 J
2439 867 2488 897 o-

542 935 712 983 hannis
749 963 760 974 ·
800 964 810 974 ·
850 963 859 973 ·
902 936 1123 1000 Episcopi
1165 937 1501 988 Brechinensis
1538 966 1548 977 ·
1683 939 1905 1003 sigillata,
1945 944 1994 988 et
2035 955 2144 987 cum
2179 938 2345 1002 Sigillo
2381 939 2487 986 Ma-

543 1024 679 1086 gistri
727 1024 906 1073 Thome
956 1024 1063 1072 Bell
1111 1027 1347 1089 quondam
1391 1027 1572 1075 Vicarii
1620 1029 1678 1075 de
1729 1028 1948 1077 Montros
1986 1056 1996 1066 ·
2036 1057 2046 1066 ·
2086 1056 2096 1066 ·
2131 1027 2339 1090 sigillata
2376 1056 2386 1065 ·
2425 1056 2435 1065 ·
2475 1055 2484 1065 ·

546 1112 690 1159 michi
725 1114 912 1161 notario
947 1113 1136 1176 publico
1171 1115 1371 1163 tradidit
1418 1115 1727 1179 perlegendas
1768 1116 2161 1181 quarumquidem
2200 1144 2209 1154 ·
2254 1144 2264 1154 ·
2303 1144 2314 1154 ·
2349 1120 2487 1164 tenor

555 1228 565 1238 ·
605 1230 615 1238 ·
654 1229 663 1239 ·
702 1206 775 1250 est
810 1202 922 1251 talis
963 1203 1246 1251 Reuerendo
1284 1231 1295 1242 ·
1334 1232 1344 1241 ·
1384 1232 1394 1241 ·
1435 1202 1551 1266 [No.
1592 1204 1826 1270 XXIIL]
1869 1231 1878 1243 ·
1919 1233 1928 1242 ·
1969 1233 1979 1242 ·
2016 1205 2174 1253 Tenor
2197 1206 2402 1253 secunde
2428 1220 2500 1253 se-

551 1290 714 1353 quitur
753 1295 802 1338 et
843 1295 918 1339 est
955 1291 1082 1346 talis,
1118 1291 1152 1338 J
1157 1292 1367 1340 ohannes
1401 1292 1706 1341 miseratione
1730 1293 1892 1341 diuina
1918 1293 2185 1357 Episcopus
2209 1293 2499 1341 Brechinen-

557 1379 624 1427 sis
659 1379 917 1427 venerabili
954 1379 1055 1428 viro
1094 1379 1330 1443 Magistro
1368 1380 1548 1429 Thome
1574 1380 1681 1428 Bell
1717 1381 1893 1430 vicario
1928 1382 1988 1429 de
2026 1381 2248 1430 Montros
2281 1381 2496 1430 Salutem

552 1496 562 1504 ·
600 1496 609 1505 ·
651 1495 660 1505 ·
697 1467 1022 1531 Capellaniam
1063 1468 1230 1518 altaris
1272 1469 1449 1518 Sancte
1496 1469 1748 1519 Trinitatis
1787 1470 1836 1517 in
1879 1469 2083 1519 ecclesia
2129 1469 2387 1534 parochiali
2437 1471 2494 1517 de

554 1557 774 1604 Montros
797 1573 882 1620 per
907 1556 1117 1605 Eliscum
1143 1557 1378 1606 Falconer
1412 1563 1461 1607 et
1498 1559 1728 1607 Thomam
1754 1558 1990 1608 Falconer
2011 1559 2257 1607 fundatam
2298 1559 2356 1606 de
2385 1558 2493 1620 jure

549 1649 598 1693 et
623 1646 682 1693 de
705 1646 835 1694 facto
859 1650 1109 1694 vacantem
1143 1648 1203 1694 ad
1240 1647 1643 1712 presentationem
1679 1647 1908 1711 prepositi
1933 1651 1983 1695 et
2006 1637 2252 1696 consulum
2275 1646 2410 1709 burgi
2434 1648 2493 1694 de

549 1735 770 1782 Montros
804 1738 853 1782 et
888 1735 948 1782 ad
985 1739 1194 1784 nostram
1231 1734 1532 1783 collationem
1568 1735 1888 1799 pertinentem
1929 1735 2135 1784 discreto
2170 1735 2269 1782 viro
2305 1735 2493 1783 domino

551 1822 762 1870 Henrico
787 1822 1021 1870 Falconer
1055 1839 1139 1887 per
1172 1827 1394 1887 patentes
1416 1823 1581 1872 literas
1605 1823 1839 1872 dictorum
1864 1823 2095 1887 prepositi
2120 1827 2169 1871 et
2193 1823 2492 1886 burgensium

549 1911 685 1960 nobIs
722 1915 997 1974 presentato
1032 1911 1238 1975 gratiose
1274 1911 1558 1961 contulimus
1596 1916 1646 1961 et
1684 1928 1768 1976 per
1803 1911 1964 1960 annuli
1999 1911 2150 1961 nostri
2184 1911 2491 1967 traditionem

549 2000 826 2048 vestiuimus
867 2000 915 2048 in
957 2000 1139 2056 eadem,
1180 1992 1452 2064 ‹iniquidem
1493 2000 1763 2064 prepositus
1804 2000 1922 2048 dicti
1964 2000 2098 2063 burgi
2145 2017 2232 2064 pro
2264 1996 2491 2064 'tempore

550 2088 761 2137 existens
784 2089 1029 2137 annuatim
1055 2089 1183 2137 dicto
1208 2088 1454 2153 capellano
1492 2105 1578 2153 pro
1614 2092 1829 2153 tempore
1869 2088 1964 2137 vite
2002 2104 2086 2138 sue
2122 2090 2284 2138 decem
2309 2104 2492 2138 marcas
2537 2117 2540 2119 ·

550 2177 790 2240 persoluet
825 2182 874 2226 et
910 2178 1115 2243 persolui
1138 2178 1284 2226 faciet
1309 2178 1411 2227 sine
1433 2179 1599 2226 fraude
1635 2181 1685 2225 et
1721 2177 1831 2226 dolo
1865 2181 2006 2241 prout
2031 2178 2079 2226 in
2103 2177 2256 2227 literis
2279 2193 2363 2226 sue
2387 2195 2492 2241 pre-

551 2267 835 2316 sentationis
881 2267 1065 2331 plenius
1112 2267 1383 2315 continetur
1426 2295 1436 2304 ·
1475 2266 1626 2315 Vobis
1672 2266 1816 2333 igitur
1862 2266 2166 2330 precipiendo
2212 2267 2491 2314 mandamus

553 2360 787 2418 quatenus
812 2355 989 2404 dictum
1017 2355 1257 2403 dominum
1294 2355 1553 2402 Henricum
1579 2355 1649 2403 sic
1672 2370 1758 2418 per
1779 2371 1866 2403 nos
1890 2359 2212 2418 presentatum
2238 2355 2286 2402 in
2310 2371 2493 2419 posses·

552 2443 733 2491 sionem
775 2443 1066 2508 corporalem
1108 2443 1283 2491 realem
1325 2448 1374 2490 et
1415 2442 1651 2491 actualem
1693 2443 1902 2492 eiusdem
1950 2443 2211 2507 capellanie
2258 2444 2492 2493 inducatis

552 2532 796 2580 inductum
822 2532 891 2580 sic
914 2531 1139 2580 canonice
1165 2531 1431 2579 defendatis
1456 2531 1845 2580 Contradictores
1869 2536 1917 2580 et
1943 2531 2143 2581 rebelles
2178 2532 2218 2580 si
2254 2533 2334 2596 qui
2370 2533 2493 2581 fuer-

554 2621 623 2667 int
661 2637 746 2684 per
782 2636 1027 2669 censuram
1067 2619 1437 2668 ecclesiasticam
1463 2621 1806 2683 compescendo
1840 2625 1889 2669 et
1926 2622 1973 2668 in
2008 2621 2147 2670 huius
2181 2621 2493 2671 institutionis

548 2725 604 2755 ac
647 2709 956 2771 possessionis
996 2708 1322 2757 testimonium
1364 2706 1567 2770 sigillum
1610 2713 1817 2757 vestrum
1854 2710 1901 2757 in
1938 2710 2147 2758 secunda
2193 2711 2348 2758 cauda
2381 2716 2489 2774 post

550 2802 762 2846 nostrum
799 2796 1098 2861 presentibus
1135 2796 1387 2860 apponatis
1424 2812 1570 2859 penes
1607 2797 1786 2846 dictum
1823 2798 2062 2847 dominum
2099 2798 2359 2847 Henricum
2405 2815 2491 2863 pro

550 2890 779 2949 perpetuo
805 2885 1093 2935 remansuris
1131 2914 1140 2923 ·
1179 2885 1359 2934 Datum
1397 2886 1523 2949 apud
1554 2885 1762 2934 Brechin
1784 2887 1932 2936 tertio
1968 2886 2045 2955 die
2080 2887 2254 2935 mensis
2277 2886 2492 2950 Septem-

551 2975 645 3023 bris
686 2991 812 3023 auno
854 2974 1048 3022 Domini
1091 2973 1340 3023 millesimo
1382 2973 1844 3038 quadringentesimo
1884 2974 2126 3023 tricesimo
2170 2979 2340 3038 quarto
2377 3003 2387 3013 ·
2425 2976 2490 3023 Et

551 3079 638 3126 ego
662 3079 772 3111 vero
799 3063 1032 3126 Magister
1067 3063 1273 3111 Thomas
1299 3061 1408 3110 Bell
1443 3063 1491 3109 in
1526 3062 1709 3125 signum
1733 3078 1838 3110 mee
1863 3062 2181 3111 institutionis
2204 3063 2340 3111 iuxta
2362 3078 2492 3111 man-

550 3153 713 3200 datum
741 3155 951 3200 uestrum
990 3149 1203 3214 Sigillum
1240 3166 1395 3201 meum
1431 3149 1628 3214 apposui
1653 3150 1874 3199 vicesimo
1911 3153 2050 3199 sexto
2087 3150 2163 3198 die
2199 3151 2490 3214 Septembris

549 3256 674 3288 anno
698 3239 972 3302 supradicto
1010 3267 1020 3276 -
1058 3239 1174 3287 Post
1198 3238 1589 3302 quarumquidem
1612 3237 1856 3305 literarum
1894 3239 2294 3303 presentationem
2320 3243 2369 3287 et
2393 3239 2487 3288 lec-

547 3333 701 3375 turam
728 3327 970 3391 predictus
994 3326 1211 3375 dominus
1235 3326 1474 3376 Henricus
1509 3342 1584 3374 me
1622 3342 1728 3375 cum
1753 3327 1984 3376 instantia
2009 3328 2256 3391 requisiuit
2295 3332 2347 3376 ut
2385 3345 2489 3391 pre-
