3016 3958
214 2310 464 2357 CLXXX.

472 609 582 663 242
1017 611 1307 667 CARTAE
1351 610 1851 668 ORIGINALES.

474 800 522 845 in
546 799 798 861 conjuncta
821 799 1137 848 infeodatione
1162 799 1288 848 illius
1311 801 1571 848 tenementi
1608 801 1732 863 quod
1767 800 1858 848 fuit
1893 800 2004 848 olim
2040 801 2221 849 mansio
2255 801 2408 849 archi-

476 888 660 936 diaconi
687 889 1017 937 Brechinensis
1043 889 1152 953 (No.
1178 889 1347 948 CXL.)
1387 917 1398 927 ·
1436 889 1583 936 Carta
1606 889 1872 953 subscripta
1893 906 1979 952 per
2002 889 2156 938 dictos
2178 890 2409 937 archidia-

477 993 644 1025 conum
691 983 739 1026 et
786 979 1053 1041 episcopum
1082 978 1147 1024 ’.1.
1198 977 1443 1041 Campbell
1485 979 1714 1026 decanum
1756 978 1805 1024 J.
1851 978 2043 1027 Wemss
2090 978 2407 1026 subdecanum

480 1068 743 1115 Robertum
787 1067 946 1129 Noray
986 1071 1344 1130 praecentorem
1391 1067 1654 1114 Robertum
1697 1066 1859 1129 Noray
1904 1066 2129 1114 vicarium
2180 1066 2409 1114 Thomam

666 1156 983 1219 praepositum
1010 1157 1068 1203 de
1093 1156 1294 1204 Guthrie
1312 1155 1388 1201 Al.
1417 1155 1578 1204 Bissat
1602 1159 1833 1203 rectorem
1861 1156 1918 1202 de
1945 1154 2152 1202 Kilmoir
2174 1155 2203 1200 J
2212 1170 2411 1202 oannem

481 1246 640 1307 Noray
662 1245 1005 1293 thesaurarium
1039 1245 1088 1291 J.
1127 1244 1295 1307 Piggot
1332 1247 1564 1291 rectorem
1590 1245 1648 1291 de
1674 1243 1883 1291 Lethnot
1910 1244 1963 1290 L.
1990 1243 2208 1305 Skynner
2231 1242 2414 1290 cancel—

478 1333 644 1381 larium
682 1338 731 1382 et
770 1334 1008 1381 Andream
1038 1331 1184 1381 Allan
1210 1337 1441 1381 rectorem
1481 1334 1540 1379 de
1580 1332 1873 1394 Phynnewin
1899 1347 2058 1379 coram
2098 1332 2173 1380 his
2209 1331 2413 1379 testibus

479 1423 702 1486 magistro
744 1423 925 1470 Thoma
967 1421 1158 1485 Cargyll
1198 1421 1414 1470 ministro
1453 1420 1681 1468 ecclesiae
1734 1421 1792 1467 de
1843 1419 2056 1468 Caterlin
2090 1420 2277 1468 «Iacobo
2314 1419 2412 1467 Vat

480 1511 657 1559 lectore
684 1510 911 1559 ecclesiae
938 1511 996 1558 de
1024 1510 1230 1558 Brechin
1249 1509 1474 1572 magistro
1495 1509 1662 1556 Colino
1682 1508 1929 1572 Campbell
1948 1508 2162 1557 ministro
2187 1509 2415 1557 ecclesiae

481 1601 538 1646 de
566 1599 755 1646 Dundie
795 1603 844 1646 et
885 1599 1100 1646 Roberto
1127 1597 1361 1647 Stibbillis
1388 1598 1566 1646 lectore
1602 1598 1774 1645 ibidem
1801 1602 1850 1646 et
1873 1598 1906 1644 J
1911 1613 2062 1645 oanne
2088 1598 2248 1661 Noray
2273 1598 2416 1661 scrip-

479 1695 582 1736 tore
620 1689 684 1736 29
725 1687 902 1751 Aprilis
943 1688 1072 1735 1623
1112 1715 1122 1724 ·
1161 1686 1348 1735 Saisina
1381 1686 1561 1734 tradita
1596 1702 1681 1748 per
1716 1685 1945 1734 Thomam
1983 1685 2171 1733 Liddell
2194 1686 2417 1734 ballivum

482 1776 703 1824 Civitatis
726 1776 996 1824 antedictae
1021 1779 1070 1823 et
1094 1776 1384 1824 nominatum
1422 1775 1469 1821 in
1505 1775 1633 1822 dicto
1668 1779 1923 1838 praecepto
1947 1790 2106 1823 coram
2131 1775 2205 1823 his
2230 1791 2290 1822 ex
2313 1775 2419 1824 aliis

484 1865 686 1913 testibus
711 1865 924 1911 Roberto
951 1865 1168 1926 Kynneir
1205 1864 1262 1910 de
1303 1863 1527 1911 Botheris
1565 1862 1719 1910 David
1747 1863 1908 1925 Noray
1933 1866 1982 1910 et
2005 1863 2039 1908 J
2044 1879 2195 1911 oanne
2221 1864 2418 1911 Tulloch

487 1957 748 2000 mercatore
783 1952 964 2000 civibus
988 1953 1144 2000 dictae
1169 1952 1390 2000 Civitatis
1428 1978 1439 1990 ·
1473 1951 1507 1998 J
1512 1967 1663 1998 oanne
1693 1951 1853 2014 Noray
1876 1952 2062 1999 notario
2088 1953 2420 2001 Brechinensis

491 2042 759 2089 dioeceseos
797 2069 806 2078 ·
843 2041 908 2087 20
933 2041 967 2087 ,J
974 2041 1069 2087 unii
1096 2042 1225 2089 1623
1266 2069 1275 2078 ·

502 2279 684 2357 Carta
709 2308 1075 2356 confirmationis
1097 2309 1182 2356 sub
1208 2308 1480 2356 testimonio
1504 2308 1659 2370 magni
1698 2307 1837 2370 sigilli
1879 2324 1985 2355 cum
2021 2309 2312 2358 avisamento
2335 2311 2368 2357 J
2373 2327 2421 2358 o—

490 2397 626 2445 annis
649 2396 838 2444 comitis
861 2396 919 2443 de
948 2397 1057 2444 Mar
1081 2397 1256 2444 domini
1283 2396 1486 2444 Erskein
1512 2401 1561 2444 et
1587 2397 1803 2444 Gareoch
1829 2401 1907 2445 etc
1946 2399 2115 2446 summi
2138 2399 2421 2448 thesaurarii

493 2485 682 2532 Scotiae
720 2500 775 2531 ac
817 2484 991 2531 domini
1022 2483 1300 2532 Archibaldi
1331 2484 1491 2548 Naper
1520 2486 1578 2532 de
1609 2486 1999 2549 Merchingstoun
2032 2487 2199 2537 militis
2231 2490 2422 2538 thesau-

493 2574 602 2620 rarii
644 2573 858 2636 deputati
914 2572 1028 2620 dicti
1087 2573 1216 2635 regni
1272 2574 1544 2635 praedictae
1600 2579 1761 2622 cartae
1803 2591 2054 2624 concessae
2107 2594 2192 2641 per
2240 2579 2420 2627 dictum

494 2661 871 2709 archidiaconum
902 2661 1130 2723 praefatis
1166 2662 1198 2707 J
1204 2662 1344 2708 oanni
1370 2662 1622 2709 Mortimer
1645 2663 1838 2726 ejusque
1863 2665 2076 2728 conjugi;
2113 2668 2227 2715 data
2261 2684 2417 2716 coram

492 2751 567 2797 his
602 2749 804 2796 testibus
836 2748 1021 2795 Jacobo
1057 2749 1325 2797 marchione
1362 2751 1420 2797 de
1446 2751 1774 2799 Hammiltoun
1810 2753 1983 2801 comite
2009 2756 2239 2803 Arraniae
2274 2761 2323 2804 et
2360 2759 2418 2804 de

496 2837 773 2899 Cambridge
809 2837 996 2884 domino
1033 2838 1166 2885 Aven
1202 2842 1250 2885 et
1287 2839 1546 2887 Innerdaill
1572 2844 1661 2888 etc.
1691 2839 1933 2889 Willelmo
1959 2842 2221 2891 Mariscalli
2244 2845 2416 2893 comite

496 2926 682 2973 domino
723 2925 871 2971 Keith
910 2929 997 2973 etc.
1039 2926 1228 2974 Scotiae
1266 2926 1532 2974 mariscallo
1582 2929 1771 2976 domino
1814 2930 2018 2992 Georgio
2054 2930 2167 2994 Hay
2202 2933 2260 2980 de
2297 2934 2417 2981 Kin-

495 3015 662 3061 fawnis
703 3012 851 3060 milite
899 3013 1179 3061 cancellario
1222 3015 1411 3062 Scotiae
1457 3015 1638 3063 Thoma
1678 3017 1850 3064 comite
1898 3018 1956 3065 de
2005 3018 2183 3067 Melros
2230 3022 2418 3071 domino

499 3102 716 3164 Bynning
751 3105 798 3148 et
835 3101 974 3163 Byris
1008 3102 1263 3150 secretario
1287 3103 1414 3164 regio
1439 3103 1639 3151 dominis
1665 3104 1872 3153 Ricardo
1897 3105 2147 3155 Cokburne
2173 3110 2230 3156 de
2256 3110 2419 3160 Clerk-

498 3192 691 3252 ingtoun
729 3189 900 3237 secreti
938 3189 1076 3251 sigilli
1115 3191 1310 3238 custode
1346 3191 1380 3237 J
1384 3206 1534 3239 oanne
1563 3191 1840 3241 Hamiltoun
1878 3195 1935 3243 de
1973 3195 2268 3258 Magdalenis
2291 3205 2418 3249 rotu-
