3016 3958
1159 650 1453 707 OARTAE
1503 652 2004 708 ORIGINALES.
2443 657 2553 711 209

595 839 655 886 ad
678 839 832 889 dictos
857 840 1086 889 terminos
1125 869 1135 879 ·
1174 868 1185 880 ι
1225 870 1235 879 ·
1274 842 1597 906 Quasquidem
1621 844 1779 892 firmas
1798 843 2016 892 deuorias
2041 848 2090 892 et
2114 845 2542 907 augmentationem

594 935 682 992 per·
702 935 949 993 presentes
972 930 1247 995 specialiter
1278 931 1572 994 assignamus
1607 936 1656 980 et
1692 948 2005 981 exoneramus
2029 933 2158 980 dicto
2182 932 2327 980 nobili
2355 934 2543 981 domino

594 1019 692 1068 suis
714 1020 968 1069 heredibus
994 1020 1219 1070 masculis
1254 1025 1303 1069 et
1339 1021 1594 1084 assignatis
1628 1022 1905 1085 prescriptis
1928 1021 1976 1068 in
2001 1038 2163 1069 eorum
2188 1021 2340 1069 feodis
2365 1038 2541 1069 annna-

593 1109 678 1156 tim
706 1111 821 1158 dicti
847 1110 990 1158 officii
1014 1110 1241 1159 balliatus
1265 1127 1351 1174 per
1375 1111 1503 1174 ipsos
1527 1115 1578 1159 vt
1603 1111 1880 1174 premissum
1919 1114 1992 1158 est
2018 1110 2289 1158 retinendas
2314 1114 2362 1157 et
2388 1111 2542 1175 dispo-

592 1201 773 1248 nendas
809 1205 859 1249 et
900 1217 986 1264 pro
1010 1201 1210 1264 prefatis
1233 1202 1375 1249 terris
1414 1207 1463 1248 et
1502 1200 1616 1248 villa
1654 1202 1712 1248 de
1752 1200 2026 1249 Crofthedis
2051 1216 2156 1247 cum
2193 1200 2292 1248 suis
2327 1200 2540 1263 partibus

592 1289 857 1351 pendiculis
892 1294 941 1338 et
978 1290 1282 1354 pertinentiis
1318 1290 1496 1338 dictam
1533 1306 1763 1338 summam
1789 1289 1994 1353 quinque
2018 1289 2242 1337 librarum
2270 1294 2457 1337 monete
2481 1291 2540 1337 ad

594 1378 750 1427 dictos
787 1379 1018 1428 terminos
1046 1395 1067 1418 '-
1107 1408 1117 1417 ·
1157 1408 1168 1417 ·
1204 1395 1262 1428 ac
1301 1379 1456 1427 dictas
1481 1380 1600 1428 duas
1624 1379 1868 1427 duodenas
1890 1378 2182 1442 pultrearum
2217 1380 2278 1426 ad
2312 1379 2542 1427 terminos

564 1494 568 1498 .
592 1467 759 1517 solitos
797 1473 846 1517 et
884 1473 1137 1518 consuetos
1177 1473 1260 1517 aut
1301 1473 1515 1534 quatuor.
1542 1469 1762 1517 denarios
1784 1484 1870 1532 pro
1896 1467 2108 1532 qualibet
2132 1468 2263 1531 petia
2288 1469 2539 1516 earundem

590 1557 639 1604 in
664 1558 856 1621 optione
881 1558 1113 1607 soluentis
1136 1562 1364 1623 tanquam
1391 1559 1616 1622 antiquas
1639 1559 1798 1606 firmas
1835 1562 1884 1605 et
1921 1557 2139 1605 deuorias
2173 1558 2388 1622 perprius
2413 1558 2541 1605 debi-

589 1651 666 1696 tas
690 1652 739 1696 et
764 1652 1018 1697 consuetas
1052 1634 1256 1696 acetiam
1293 1665 1527 1697 summam
1561 1647 1878 1713 quadraginta
1914 1646 2211 1694 denariorum
2250 1647 2299 1694 in
2334 1663 2535 1694 annuam

589 1738 1025 1800 augmentationem
1062 1738 1214 1786 nostri
1253 1737 1452 1787 tentalis
1490 1739 1551 1785 ad
1589 1738 1803 1801 prefatos
1828 1738 1946 1784 duos
1968 1736 2197 1785 terminos
2234 1764 2245 1775 ο
2285 1765 2294 1774 -
2334 1741 2430 1784 --et
2454 1753 2538 1799 pro

590 1827 790 1890 prefatis
813 1828 955 1876 terris
992 1828 1050 1875 de
1089 1828 1349 1891 Marytoun
1387 1843 1491 1875 cum
1518 1827 1642 1876 acris
1677 1830 1727 1875 et
1763 1826 2028 1875 salmonum
2054 1825 2259 1889 piscaria
2284 1827 2535 1874 earundem

590 1916 820 1979 predictis
845 1916 999 1965 dictas
1023 1921 1208 1981 septem
1235 1917 1421 1965 celdras
1439 1916 1715 1965 victualium
1739 1917 1800 1964 ad
1825 1915 2056 1964 terminos
2079 1914 2246 1963 solitos
2270 1919 2319 1963 et
2344 1931 2538 1963 consue-

590 2010 668 2054 tos
691 2010 775 2054 aut
799 2022 1028 2055 summam
1056 2007 1216 2054 decem
1244 2023 1507 2054 mercarum
1527 2010 1717 2054 monete
1742 2021 1827 2069 pro
1853 2004 2065 2068 qualibet
2090 2004 2250 2052 celdra
2273 2004 2321 2051 in
2346 2005 2535 2068 optione

592 2095 823 2144 soluentis
862 2084 1135 2160 dictamque
1172 2113 1403 2145 summam
1442 2095 1708 2143 octodecim
1749 2094 2006 2143 solidorum
2054 2098 2242 2142 monete
2288 2095 2346 2141 ad
2385 2094 2537 2142 dictos

593 2186 823 2235 terminos
861 2213 871 2224 ·
911 2214 921 2224 ·
962 2214 971 2223 ·
1009 2186 1164 2234 dictas
1198 2201 1293 2235 sex.
1322 2187 1564 2234 duodenas
1598 2184 1893 2249 pultrearum
1929 2184 1990 2231 ad
2025 2183 2254 2231 terminos
2288 2182 2453 2232 solitos
2487 2187 2535 2231 et

592 2279 844 2324 consuetos
879 2279 964 2324 aut
989 2279 1195 2339 quatuor
1212 2274 1391 2324 solidos
1414 2291 1500 2338 pro
1526 2274 1739 2338 qualibet
1759 2274 1977 2320 duodena
1996 2273 2248 2320 earundem
2274 2272 2321 2320 in
2345 2273 2535 2336 optione

592 2364 823 2413 soluentis
858 2381 915 2413 ac
941 2364 1097 2413 dictas
1122 2366 1240 2413 duas
1265 2363 1495 2412 barrellas
1535 2363 1798 2412 salmonum
1822 2364 1883 2410 ad
1907 2362 2138 2411 terminos
2163 2362 2329 2411 solitos
2353 2366 2401 2409 et
2427 2378 2536 2409 con-

560 2474 563 2476 ·
592 2450 754 2502 suetos
778 2458 861 2502 aut
885 2454 1051 2517 viginti
1076 2453 1254 2502 solidos
1278 2470 1363 2517 pro
1389 2453 1602 2517 qualibet
1626 2451 1833 2501 barrella
1866 2452 1913 2499 in
1951 2451 2145 2515 optione
2169 2448 2398 2499 soluentis
2431 2455 2535 2498 tan-

591 2559 730 2607 quam
756 2543 979 2607 antiquas
1002 2543 1162 2591 firmas
1186 2547 1235 2591 et
1261 2543 1480 2591 deuorias
1504 2542 1721 2606 perprius
1746 2541 1932 2589 debitas
1965 2545 2014 2588 et
2051 2544 2304 2589 consuetas
2332 2540 2532 2587 acetiam

588 2641 821 2682 summam
862 2649 949 2682 sex
991 2633 1249 2682 solidorum
1286 2637 1396 2681 octo
1444 2632 1745 2680 denariorum
1781 2631 1828 2678 in
1865 2646 2068 2678 annuam
2105 2630 2533 2692 augmentationem

587 2723 739 2772 nostri
775 2722 973 2771 tentalis
1009 2723 1068 2770 ad
1105 2723 1318 2785 prefatos
1343 2723 1461 2770 duos
1483 2721 1715 2770 terminos
1753 2749 1763 2759 ·
1803 2748 1814 2757 -
1854 2749 1864 2758 ·
1901 2735 1958 2767 ac
1982 2735 2066 2783 pro
2091 2718 2288 2782 prefatis
2311 2718 2451 2766 terris
2476 2720 2533 2765 de

591 2813 881 2861 Esauxtoun
922 2828 1040 2859 cum>
1067 2840 1077 2850 ·
1119 2839 1128 2848 ·
1169 2840 1178 2848 ·
1215 2811 1519 2874 pertinentiis
1568 2811 1744 2858 dictam
1789 2825 2017 2858 summam
2065 2812 2267 2871 quatuor
2311 2806 2531 2854 librarum
2584 2846 2587 2849 .

581 2903 817 2971 ‘tredecim
860 2901 1117 2951 solidorum
1162 2905 1366 2964 quatuor
1407 2900 1707 2947 denariorum
1753 2901 1943 2946 monete
1984 2897 2044 2944 ad
2088 2897 2241 2944 dic-tos
2283 2897 2399 2944 duos
2440 2900 2533 2943 ter-

586 2992 740 3040 minos
778 3020 787 3030 ·
827 3019 838 3029 ·
878 3019 888 3029 ·
926 2991 1081 3039 dictas
1129 2989 1378 3038 duodecim
1425 2987 1578 3036 bollas
1625 2987 1758 3034 ordei
1797 2990 1847 3034 et
1894 2985 2141 3033 duodecim
2165 2983 2336 3054 ⁴bollas
2382 2985 2530 3032 farine

587 3081 836 3130 auenatice
875 3088 933 3128 ac
969 3079 1168 3143 triginta
1208 3082 1413 3142 quatuor
1448 3077 1661 3141 pultreas
1684 3076 1745 3123 ad
1770 3074 1998 3122 terminos
2022 3073 2189 3122 solitos
2212 3077 2261 3121 et
2285 3077 2533 3122 consuetos

589 3175 673 3219 aut
710 3186 942 3220 summam
981 3171 1143 3217 decem
1183 3185 1445 3216 mercarum
1483 3183 1568 3230 pro
1605 3164 1817 3229 qualibet
1841 3163 2002 3211 celdra
2035 3162 2308 3210 victualium
2334 3167 2383 3211 et
2407 3179 2531 3210 sum-

589 3277 713 3308 mam
740 3265 944 3324 quatuor
962 3259 1260 3307 denariorum
1280 3273 1367 3321 pro
1389 3256 1602 3320 qualibet
1626 3253 1757 3318 petia
1781 3251 2033 3300 cuiuslibet
2056 3251 2241 3315 pultree
2266 3251 2312 3298 in
2341 3251 2529 3314 optione

589 3350 821 3398 soluentis
856 3334 1085 3412 tanquam
1121 3347 1345 3409 antiquas
1381 3346 1542 3392 firmas
1577 3347 1627 3390 et
1664 3341 1881 3388 deuorias
1917 3340 2147 3387 dictarum
2173 3343 2404 3387 terrarum
2430 3354 2532 3400 per-
