3016 3958
0 1474 3 1486 ·
0 1379 9 1403 ”«
5 1283 11 1323 ι...
0 948 15 1253 -·;,.4,’·“ψσ,’;<ηεϊ“ανκνχ
2 902 8 921 w
0 851 11 873 ,*—
7 799 10 807 ,„
0 628 19 765 '‘ff-*esf*
0 568 14 610 xvj<
0 537 3 546 *
3 504 6 507 ⁴
0 438 20 481 -„⁷

3 3203 5 3205 ’
4 3167 9 3176 <⁴
0 2859 17 3158 5⁶*··’''⁶··‘<'.21.·!'⁴·¹v'‘?.‘²‘·''·
0 2738 14 2852 *Γ·ἶ”“““«”“
0 2619 15 2729 “ἵ”-ῡ”>
0 2601 6 2612 ⁴
0 2567 15 2590 ,.·“
4 2555 5 2560 ⁴

18 3038 20 3043 ,
15 2966 25 2997 ..,,
14 2941 22 2958 a
15 2852 21 2878 η,
17 2830 20 2834 .
16 2781 17 2785 Α
17 2619 19 2623 ,

1142 638 1435 694 OARTAE
1482 640 1979 698 ORIGINALES.
2418 647 2527 705 167
2580 664 2582 666 ·

579 827 732 875 lutem
770 855 780 865 ·
819 855 830 867 ·
869 855 879 866 ·
919 828 1163 876 Noueritis
1200 845 1275 876 me
1315 828 1362 875 in
1399 828 1587 877 laudem
1627 833 1676 877 et
1716 830 1942 880 honorem
1988 835 2153 880 sancte
2194 838 2243 881 et
2283 834 2522 883 indiuidue

582 917 832 965 Trinitatis
871 933 957 980 pro
997 916 1152 965 salute
1192 917 1456 965 animarum
1493 919 1873 967 reuerendissimi
1915 920 2092 968 domini
2133 922 2311 969 domini
2351 923 2384 968 J
2389 923 2523 970 acobi

585 1006 793 1055 Stewart
817 1006 1051 1070 quondam
1078 1006 1421 1054 Sanctiandree
1447 1006 1807 1071 Archiepiscopi
1848 1023 2031 1057 necnon
2069 1009 2246 1058 domini
2290 1011 2522 1058 Willelmi

585 1095 810 1159 Episcopi
835 1095 1171 1144 Brechinensis
1188 1095 1402 1143 moderni
1440 1123 1450 1133 ·
1487 1112 1572 1159 pro
1591 1095 1744 1144 salute
1763 1096 1918 1144 anime
1936 1113 2040 1145 mee
2060 1098 2415 1162 animarumque
2440 1117 2522 1163 pa-

581 1184 670 1233 tris
689 1184 782 1232 mei
800 1188 850 1233 et
872 1185 1040 1234 matris
1058 1201 1162 1232 mee
1186 1185 1610 1249 magistrorumque
1630 1185 1791 1233 Dauid
1817 1186 1996 1234 Setoun
2020 1187 2219 1234 rectoris
2238 1188 2296 1234 de
2315 1188 2523 1236 Fedder-

581 1274 700 1320 karn
739 1301 749 1311 -
790 1272 995 1322 Gilberti
1015 1274 1195 1322 Setoun
1215 1273 1553 1322 avunculorum
1569 1290 1778 1322 meorum
1793 1275 2085 1337 fratrumque
2101 1279 2150 1322 et
2169 1291 2381 1324 sororum
2397 1293 2523 1324 meo-

581 1378 684 1410 rum
723 1390 733 1400 ·
773 1390 783 1400 ·
821 1389 833 1401 ·
870 1362 1057 1411 dedisse
1095 1390 1106 1400 -
1146 1391 1156 1400 ·
1195 1389 1206 1402 ·
1245 1362 1374 1411 dicte
1398 1367 1563 1411 sancte
1589 1367 1638 1410 et
1663 1362 1904 1410 indiuiduo
1930 1363 2154 1411 Trinitati
2189 1379 2245 1411 ac
2269 1364 2525 1427 capellanis

580 1451 802 1500 choristis
837 1455 886 1500 et
920 1451 1189 1500 communia
1223 1451 1563 1515 recipientibus
1597 1451 1646 1498 in
1681 1451 1825 1499 choro
1861 1451 2059 1499 ecclesie
2083 1452 2370 1501 cathedralis
2408 1454 2525 1500 Bre-

579 1541 817 1589 chinensis
855 1569 864 1578 ·
905 1568 915 1578 ·
956 1568 966 1579 -
1003 1545 1053 1588 et
1086 1557 1250 1588 eorum
1286 1540 1637 1589 successoribus
1675 1568 1685 1578 ·
1723 1567 1735 1576 -=
1775 1567 1785 1578 ·
1821 1544 2145 1589 tenementum
2169 1557 2324 1589 meum
2349 1558 2454 1590 cum
2479 1542 2522 1590 le

578 1629 666 1677 kill
701 1633 750 1677 et
786 1629 929 1678 cobill
963 1645 1110 1694 prope
1149 1645 1370 1692 magnum
1394 1628 1714 1677 molendinum
1739 1644 1940 1676 unacum
1963 1644 2075 1677 acra
2097 1632 2224 1677 terre
2248 1630 2439 1679 arabilis
2474 1635 2523 1679 et

579 1719 680 1768 suis
702 1718 1005 1783 pertinentiis
1028 1718 1252 1782 contigue
1277 1734 1383 1766 cum
1409 1718 1538 1766 dicto
1574 1733 1680 1765 meo
1702 1721 1977 1766 tenemento
2005 1718 2198 1779 jacente
2222 1718 2348 1765 inter
2368 1725 2522 1767 terras

579 1809 804 1856 heredum
830 1809 1066 1871 quondam
1084 1807 1251 1855 Dauid
1272 1808 1482 1855 Baxster
1499 1807 1560 1854 ad
1579 1806 1811 1854 orientem
1850 1834 1860 1843 ·
1897 1809 2051 1853 terras
2076 1806 2338 1853 Alexandri
2361 1807 2394 1852 J
2398 1823 2524 1854 ame-

579 1913 698 1946 soun
721 1898 784 1945 ad
809 1897 1000 1945 boream
1039 1924 1049 1934 ·
1085 1912 1302 1959 ampnem
1338 1896 1400 1943 ad
1434 1899 1652 1944 austrum
1691 1923 1701 1932 ·
1737 1898 1786 1942 et
1811 1910 2103 1965 communem
2128 1895 2251 1942 viam
2277 1912 2366 1958 que
2391 1896 2520 1943 ducit

580 1987 641 2033 ad
678 1990 870 2050 pontem
910 1985 1278 2033 Brechinensem
1315 1985 1377 2032 ad
1418 1984 1713 2032 occidentem
1754 2011 1764 2021 ·
1801 1999 1984 2031 necnon
2018 1987 2170 2031 totam
2204 1988 2251 2031 et
2290 1985 2519 2047 integram

513 2131 516 2134 ⁴
581 2075 740 2122 binam
774 2078 958 2139 partem
995 2073 1147 2122 totius
1179 2073 1440 2122 tenementi
1469 2072 1677 2134 jacentis
1711 2072 1834 2119 infra
1858 2072 2116 2121 Ciuitatem
2156 2073 2520 2121 Brechinensem

582 2180 644 2212 ex
680 2167 817 2228 parte
859 2162 1079 2212 orientali
1117 2162 1209 2210 vici
1245 2162 1456 2210 eiusdem
1491 2161 1618 2209 inter
1651 2165 1806 2209 terras
1841 2160 2007 2209 altaris
2049 2161 2215 2208 Sancti
2240 2161 2519 2210 Christofori

581 2254 791 2302 martiris
828 2269 890 2301 ex
927 2256 1065 2316 parte
1088 2251 1270 2299 boreali
1309 2279 1318 2289 ·
1355 2254 1405 2298 et
1427 2255 1582 2299 terras
1607 2250 1767 2297 Dauid
1794 2250 2006 2298 Baxster
2028 2267 2090 2297 ex
2114 2254 2249 2313 parte
2271 2250 2466 2299 australi
2505 2279 2515 2287 -

582 2347 632 2391 et
671 2347 824 2394 terras
867 2341 1088 2404 Magistri
1131 2340 1339 2388 Walteri
1382 2339 1510 2388 Scall
1551 2356 1613 2386 ex
1653 2343 1790 2403 parte
1833 2339 2052 2386 orientali
2090 2366 2101 2378 ·
2138 2343 2187 2387 et
2229 2355 2518 2386 communem

583 2432 707 2480 viam
731 2431 906 2494 regiam
930 2431 991 2478 ad
1015 2429 1310 2478 occidentem
1347 2457 1359 2467 -
1394 2433 1537 2492 prout
1567 2428 1732 2489 jacent
1770 2428 1819 2475 in
1856 2427 2146 2491 longitudine
2186 2431 2234 2475 et
2268 2427 2518 2475 latitudine

582 2524 694 2569 ante
733 2524 783 2567 et
820 2523 948 2567 retro
986 2534 1091 2566 cum
1129 2517 1432 2581 pertinentiis
1469 2545 1479 2554 ·
1515 2518 1590 2564 Ac
1627 2517 1772 2564 etiam
1807 2532 1950 2563 unam
1986 2532 2138 2563 meam
2177 2515 2352 2578 petiam
2393 2520 2519 2563 terre

583 2609 776 2658 arabilis
793 2609 1033 2670 jacentem
1058 2623 1119 2654 ex
1142 2610 1279 2669 parte
1317 2605 1541 2653 orientali
1573 2605 1699 2653 dicte
1725 2604 1954 2652 Ciuitatis
1978 2604 2102 2651 inter
2124 2607 2276 2651 terras
2300 2603 2518 2665 Magistri

587 2697 819 2747 Willelmi
844 2696 1083 2744 Meldrum
1121 2695 1330 2742 cantoris
1354 2693 1689 2742 Brechinensis
1723 2697 1774 2741 et
1809 2693 1985 2741 domini
2018 2692 2251 2740 Johannis
2276 2692 2518 2754 Chapman

585 2806 646 2837 ex
682 2791 818 2852 parte
843 2784 1126 2835 occidentali
1150 2787 1199 2832 et
1222 2788 1376 2832 terras
1396 2783 1432 2829 J
1435 2782 1634 2830 ohannis
1671 2782 1786 2830 Scot
1810 2797 1871 2829 ex
1895 2785 2029 2844 parte
2054 2779 2270 2828 orientali
2295 2784 2343 2827 et
2366 2783 2518 2827 terras

586 2877 808 2941 Magistri
833 2874 1039 2923 Walteri
1063 2872 1191 2922 Scall
1228 2876 1277 2920 et
1314 2872 1538 2919 heredum
1578 2871 1814 2934 quondam
1850 2869 2008 2916 Dauid
2046 2853 2252 2916 Baxster
2287 2883 2347 2914 ex
2381 2871 2514 2929 parte

578 2960 758 3016 boreali
776 2970 825 3014 et
842 2965 893 3028 ly
909 2962 1026 3027 myll
1049 2964 1158 3010 dam
1183 2977 1244 3008 ex
1267 2964 1404 3024 parte
1423 2944 1621 3007 australi
1657 2986 1667 2996 ·
1706 2986 1717 2995 ·
1753 2986 1763 2995 ·
1799 2958 2023 3005 Tenenda
2055 2984 2065 2993 ·
2094 2984 2103 2993 ·
2133 2983 2142 2993 ·
2175 2956 2232 3002 de
2257 2956 2514 3002 reuerendo

576 3057 626 3104 in
651 3055 809 3104 Cristo
827 3058 964 3117 patre
991 3080 1001 3090 ·
1030 3079 1040 3089 ·
1068 3079 1078 3091 ·
1106 3049 1350 3097 Willelmo
1377 3048 1614 3111 Episcopo
1641 3046 1947 3094 Brechinensi
1972 3049 2021 3091 et
2045 3044 2142 3092 suis
2165 3043 2511 3091 successoribus

629 3173 639 3183 ·
679 3173 688 3182 -
726 3145 774 3191 in
809 3158 975 3206 puram
1010 3144 1059 3188 et
1094 3142 1370 3202 perpetuam
1403 3136 1706 3184 elemosinam
1731 3134 1779 3181 in
1803 3133 2142 3196 proprietatem
2167 3124 2508 3194 imperpetuum

576 3263 588 3273 ·
627 3262 637 3272 ·
676 3262 687 3272 ·
724 3232 1030 3280 Tenebuntur
1051 3232 1213 3276 tamen
1249 3226 1364 3274 dicti
1400 3224 1632 3288 capellani
1667 3221 1864 3270 ecclesie
1901 3219 2186 3268 cathedralis
2223 3218 2506 3265 Brechinen-

573 3323 641 3371 sis
675 3320 880 3369 choriste
927 3323 977 3367 et
1019 3315 1284 3366 communia
1313 3313 1595 3376 recipientes
1638 3315 1686 3358 et
1725 3309 1796 3357 sui
1836 3321 2129 3356 successores
2167 3306 2342 3354 cotidie
2381 3304 2502 3352 cele-
