3016 3958
1058 651 1350 706 CARTAE
1394 650 1893 706 ORIGINALES.
2374 654 2446 711 87

503 842 745 891 Noueritis
786 843 911 906 quod
953 841 1236 890 venerabilis
1277 841 1349 889 vir
1391 840 1623 903 Magister
1657 840 1690 887 J
1695 841 1905 889 ohannes
1949 841 2198 904 Lychtoun
2244 843 2449 892 decanus

499 930 698 979 ecclesie
724 931 1026 980 Cathedralis
1064 930 1400 979 Brechinensis
1426 931 1546 978 duas
1569 928 1736 978 literas
1760 920 1807 977 in
1832 931 1998 994 papiro
2022 931 2226 994 scriptas
2250 931 2445 995 Signeto

499 1020 885 1069 excellentissimi
929 1020 1163 1084 Principis
1204 1024 1253 1068 et
1293 1019 1484 1074 domini,
1527 1018 1703 1067 domini
1743 1019 1917 1067 Jacobi
1966 1019 2060 1067 Dei
2100 1020 2256 1082 gratia
2298 1021 2444 1084 Regis

498 1110 746 1157 Scotorum
771 1109 1075 1162 illustrissimi
1112 1110 1160 1156 in
1199 1124 1309 1157 cera
1346 1109 1492 1156 rubea
1526 1123 1668 1172 super
1693 1107 1935 1157 clausuras
1960 1109 2204 1157 dorsorum
2232 1110 2442 1172 signatas

496 1203 545 1246 et
569 1199 816 1247 roboratas
839 1215 1036 1262 quarum
1071 1197 1318 1246 literarum
1353 1202 1544 1246 tenores
1578 1197 1773 1244 inferius
1797 1201 1907 1245 sunt
1933 1197 2098 1246 inserti
2124 1214 2282 1245 coram
2309 1200 2444 1247 nobis

498 1287 717 1336 exhibuit
753 1291 802 1335 et
830 1286 1126 1350 judicialiter
1147 1286 1443 1350 presentauit
1467 1301 1524 1333 ac
1547 1285 1736 1349 publice
1762 1286 1988 1349 produxit
2013 1291 2180 1350 petens
2204 1289 2447 1336 humiliter

497 1393 528 1424 a
567 1376 702 1424 nobis
742 1380 796 1424 ut
833 1375 1100 1424 huiusmodi
1139 1375 1305 1424 literas
1342 1367 1404 1423 ex
1441 1375 1730 1423 auctoritate
1769 1379 1934 1423 nostra
1979 1378 2234 1425 transsumi
2275 1382 2324 1425 et
2364 1395 2446 1425 ex-

498 1465 692 1529 emplari
718 1466 941 1513 mandare
967 1465 1266 1527 dignaremur
1304 1493 1313 1502 ·
1354 1494 1363 1502 -
1403 1493 1413 1502 ·
1457 1465 1592 1512 Unde
1631 1480 1717 1513 nos
1753 1464 1788 1511 J
1793 1465 2002 1514 ohannes
2041 1467 2268 1515 Officialis
2292 1469 2445 1531 prefa-

497 1558 576 1603 tus
612 1554 879 1603 huiusmodi
917 1553 1138 1617 petitioni
1175 1553 1500 1602 favorabiliter
1529 1558 1792 1602 annuentes
1832 1582 1841 1592 ·
1882 1582 1891 1591 ·
1931 1583 1940 1592 ·
1977 1556 2159 1604 vocatis
2183 1557 2312 1620 prius
2348 1575 2445 1605 om-

497 1643 635 1692 nibus
673 1648 722 1691 et
759 1642 955 1706 singulis
994 1671 1003 1680 ·
1043 1671 1053 1680 ·
1092 1671 1102 1680 ·
1140 1659 1224 1706 per
1263 1643 1469 1690 edictum
1510 1641 1751 1706 publicum
1791 1643 1839 1690 in
1871 1643 2021 1692 valuis
2045 1644 2244 1693 ecclesie
2271 1646 2447 1694 Cathe-

498 1733 643 1782 dralis
668 1733 1003 1782 Brechinensis
1026 1733 1214 1796 publice
1238 1734 1431 1781 affixum
1470 1736 1519 1781 et
1559 1749 1707 1796 usque
1745 1733 1805 1780 ad
1843 1733 2078 1781 decimum
2115 1735 2238 1782 diem
2270 1737 2444 1785 mensis

501 1822 686 1885 Aprilis
708 1839 832 1870 anno
858 1822 1053 1870 Domini
1092 1821 1342 1871 millesimo
1381 1821 1844 1886 quadringentesimo
1883 1823 2268 1887 quinquagesimo
2293 1826 2443 1888 primo

500 1915 777 1975 sequentem
819 1912 880 1959 ad
926 1911 1178 1959 videndum
1219 1939 1229 1949 ·
1269 1940 1279 1948 ·
1318 1938 1329 1950 ·
1364 1911 1575 1975 prefatas
1621 1909 1787 1960 literas
1832 1927 1917 1975 per
1963 1928 2049 1960 nos
2087 1941 2097 1950 ·
2137 1942 2146 1950 ·
2186 1942 2196 1951 -
2232 1916 2444 1962 mandari

493 2000 785 2062 judicialiter
823 2000 1078 2049 transsumi
1117 2028 1126 2038 ·
1167 2029 1176 2038 -
1216 2029 1226 2038 -
1265 2000 1371 2055 Quo
1413 1999 1490 2047 die
1529 2027 1538 2037 ·
1578 2027 1588 2037 ·
1629 1999 1830 2048 --dictas
1877 1999 2042 2049 literas
2085 2001 2278 2064 Signeto
2327 2003 2442 2051 dicti

502 2089 678 2139 domini
715 2090 865 2138 nostri
909 2089 1056 2153 Regis
1095 2089 1326 2153 sigillatas
1364 2117 1373 2128 ·
1414 2117 1424 2127 ·
1463 2118 1474 2127 ·
1510 2105 1595 2153 per
1629 2090 1864 2137 notarium
1903 2090 2140 2153 publicum
2177 2092 2444 2156 infrascrip-

501 2184 604 2228 tum
651 2178 908 2227 transsumi
947 2207 956 2216 ·
996 2206 1006 2215 ·
1047 2207 1056 2216 ·
1093 2178 1421 2226 mandauimus
1459 2206 1468 2215 ·
1509 2205 1519 2215 ·
1559 2205 1569 2215 ·
1607 2178 1764 2226 Tenor
1809 2179 1947 2227 unius
1989 2195 2094 2227 cum
2138 2181 2442 2244 inscriptione

501 2268 639 2317 huius
663 2268 884 2317 dictionis
909 2268 1025 2315 Rnx
1063 2267 1111 2315 in
1148 2267 1378 2331 superiori
1416 2267 1624 2330 margine
1649 2267 1863 2331 sequitur
1898 2272 1946 2316 et
1983 2273 2055 2317 est
2089 2268 2203 2317 talis
2241 2298 2250 2307 ·
2289 2271 2443 2318 Vene-

503 2355 650 2405 rabile
674 2356 848 2404 clerkis
873 2357 967 2404 We
1004 2360 1108 2419 gret
1147 2373 1248 2405 zow
1271 2355 1408 2405 weile
1446 2357 1539 2404 and
1578 2356 1652 2404 for
1689 2355 1934 2405 alsmekile
1972 2374 2025 2406 as
2060 2375 2132 2407 we
2156 2375 2210 2406 ar
2233 2359 2442 2408 informit

502 2448 549 2508 yt
568 2453 618 2508 ya
639 2445 855 2507 vicarage
878 2444 933 2493 of
951 2445 1288 2508 Cortochquhy
1311 2449 1576 2508 pertenyng
1599 2449 1651 2493 to
1676 2461 1789 2493 zour
1811 2447 2173 2509 presentacioun
2198 2448 2238 2496 is
2264 2450 2441 2496 vacand

503 2535 562 2582 be
599 2541 649 2598 y‘³
682 2533 981 2597 promotioun
1005 2533 1058 2581 of
1091 2533 1229 2581 Schir
1249 2533 1284 2580 J
1289 2533 1410 2582 ohne
1436 2534 1705 2582 Thomsoun
1730 2538 1781 2582 to
1816 2550 1875 2596 ye
1910 2551 2169 2598 parsonage
2194 2536 2248 2583 of
2280 2537 2444 2584 Inuer-

504 2629 639 2687 aryte
676 2640 747 2671 we
784 2623 955 2671 exhort
991 2624 1083 2671 and
1119 2623 1278 2686 prayis
1303 2639 1387 2671 zou
1411 2625 1458 2685 yt
1477 2639 1529 2670 ze
1554 2628 1744 2686 present
1769 2639 1855 2671 our
1877 2623 2016 2671 loued
2042 2624 2269 2687 chaplane
2307 2626 2443 2673 Schir

503 2714 661 2761 Johne
698 2713 903 2759 Harwar
936 2727 1023 2774 yar
1064 2716 1116 2760 to
1157 2727 1211 2759 as
1252 2727 1303 2758 ze
1338 2710 1446 2759 wile
1485 2713 1545 2759 do
1581 2728 1650 2760 ws
1688 2711 1898 2775 singular
1938 2711 2127 2776 plesans
2173 2716 2267 2761 and
2313 2715 2438 2762 halfe

506 2800 683 2865 special
705 2801 856 2849 thank
893 2801 948 2848 of
978 2816 1049 2849 ws
1087 2799 1248 2863 yarfor
1285 2799 1332 2846 in
1370 2804 1474 2862 tym
1512 2815 1740 2862 cumynge
1779 2827 1790 2838 ·
1829 2800 2039 2863 Wrytyn
2074 2803 2221 2850 vnder
2244 2819 2330 2850 our
2353 2804 2444 2866 sig-

505 2895 588 2938 net
625 2894 677 2938 at
716 2890 909 2953 Lithqw
932 2905 991 2952 ye
1015 2892 1124 2938 sext
1148 2889 1242 2951 day
1277 2889 1330 2936 of
1360 2888 1394 2935 J
1398 2904 1544 2936 anuer
1581 2915 1591 2926 ·
1631 2889 1736 2943 Que
1759 2887 1901 2936 litera
1923 2891 2246 2954 superscripta
2270 2896 2372 2940 erat
2397 2894 2442 2940 in

507 2980 646 3027 dorso
681 2979 728 3025 in
765 2978 853 3025 hec
888 2978 1030 3025 verba
1057 2976 1261 3025 Dilectis
1285 2976 1470 3024 clericis
1493 2977 1668 3025 nostris
1692 2977 1891 3025 Decano
1915 2981 1963 3025 et
1988 2978 2196 3042 capitulo
2222 2980 2446 3028 Brechin-

507 3068 608 3116 ensi
646 3095 656 3106 ·
693 3067 850 3115 Tenor
873 3066 1070 3114 alterius
1094 3082 1200 3113 cum
1230 3065 1536 3129 inscriptione
1561 3065 1699 3114 huius
1723 3065 1945 3114 dictionis
1971 3067 2097 3114 REX
2132 3069 2179 3115 in
2215 3070 2445 3132 superiori

507 3157 715 3220 margine
754 3185 763 3194 ·
803 3185 812 3194 ·
853 3184 862 3194 ·
899 3160 972 3204 est
1007 3155 1132 3211 talis,
1160 3154 1350 3203 Hartlie
1384 3153 1583 3202 beloued
1608 3153 1781 3202 clerkis
1804 3155 1897 3202 and
1922 3156 2170 3204 oratowris
2197 3157 2289 3204 We
2313 3163 2443 3220 grete

509 3263 609 3296 zow
631 3229 750 3294 wele
775 3246 897 3293 ande
921 3261 994 3294 we
1019 3260 1220 3308 suppose
1244 3245 1290 3307 yt
1325 3259 1376 3290 ze
1411 3243 1674 3290 remember
1697 3258 1768 3290 we
1806 3247 1954 3291 wrate
1992 3247 2043 3290 to
2066 3245 2192 3307 yhou
2231 3246 2283 3292 of
2316 3246 2447 3294 befor

513 3335 716 3382 makand
754 3351 854 3383 zow
889 3337 1079 3397 request
1113 3338 1166 3381 to
1201 3336 1392 3397 present
1428 3348 1514 3380 our
1547 3331 1686 3380 loued
1724 3330 1954 3394 chaplane
1980 3332 2118 3379 Schir
2140 3334 2174 3379 J
2178 3313 2298 3380 olme
2325 3334 2448 3380 Har-
