3016 3958
353 1961 497 2009 XIX.

526 614 600 668 30
1111 610 1403 669 CARTAE
1448 609 1946 665 ORIGINALES.

525 803 564 851 si
590 803 669 866 qui
692 804 851 852 forsan
877 804 1219 852 interuenerint
1243 803 1292 850 in
1317 802 1494 850 eisdem
1534 829 1543 838 ·
1582 800 1790 848 Tenores
1827 814 1939 847 uero
1965 799 2196 847 dictarum
2220 798 2463 848 literarum

525 891 648 940 tales
684 897 794 941 sunt
848 922 857 931 ·
911 892 1161 941 Uniuersis
1202 891 1347 939 Cristi
1382 889 1597 937 fidelibus
1648 917 1658 926 ·
1712 916 1720 926 ·
1776 916 1785 926 ·
1839 887 1954 950 [No.
1992 888 2098 954 32]
2154 916 2164 927 ·
2216 887 2466 938 Uniuersis

525 981 702 1030 Sancte
750 982 927 1031 Matris
964 1010 976 1021 ι
1015 1010 1024 1020 ·
1065 1010 1074 1020 ·
1115 980 1230 1043 [No.
1273 981 1378 1046 35.]
1420 1008 1429 1016 ·
1469 977 1598 1026 Nulli
1641 994 1751 1040 ergo
1798 977 1988 1025 omnino
2035 977 2275 1025 hominum
2321 977 2464 1025 liceat

524 1071 646 1118 hanc
692 1071 910 1134 paginam
957 1075 1118 1120 nostre
1166 1067 1535 1118 confirmationis
1581 1066 1938 1130 approbationis
1985 1066 2367 1114 communitionis
2415 1071 2463 1114 et

524 1158 835 1223 suppletionis
873 1159 1124 1223 infringere
1162 1158 1239 1207 uel
1276 1158 1320 1206 ei
1358 1173 1475 1206 ausu
1509 1155 1763 1204 temerario
1799 1156 2034 1203 contraire
2073 1184 2083 1194 ·
2121 1156 2279 1220 Siquis
2302 1159 2461 1204 autem

526 1276 536 1285 ·
576 1275 585 1285 ·
624 1277 634 1286 ·
673 1249 853 1297 Datum
879 1250 1034 1297 Rome
1057 1249 1182 1312 apud
1209 1249 1412 1296 Sanctos
1438 1244 1695 1310 Apostolos
1730 1245 1807 1307 vij.
1847 1246 1965 1293 Idus
1992 1246 2108 1308 Maij
2149 1245 2463 1294 Pontificatus

522 1337 672 1386 nostri
698 1339 838 1385 Anno
863 1337 1215 1386 Tertiodecimo
1254 1366 1263 1374 ·
1331 1316 1333 1319 ¹

862 1428 923 1474 Le

859 1517 916 1563 A.
943 1517 1001 1563 de
1027 1515 1294 1563 dammiano

859 1606 906 1653 S.
932 1605 1144 1667 Carnezy

528 1806 803 1855 Ratificatio
830 1805 1020 1870 Papalis
1044 1806 1188 1855 Carte
1219 1805 1421 1854 Walteri
1449 1804 1655 1853 Palatini
1680 1804 1738 1851 de
1763 1803 2015 1852 Strathern
2055 1831 2066 1841 ·

531 1930 812 2009 Martinus
849 1961 1113 2025 Episcopus
1154 1961 1328 2009 Seruus
1367 1960 1618 2008 Seruorum
1660 1958 1754 2007 Dei
1793 1986 1801 1995 ·
1844 1986 1853 1996 ·
1894 1986 1903 1995 ·
1942 1958 2023 2007 Ad
2061 1975 2118 2006 ea
2152 1975 2238 2022 per
2271 1975 2361 2023 que
2385 1975 2462 2007 ec-

523 2050 771 2099 clesiarum
809 2054 858 2098 et
895 2066 1200 2114 personarum
1224 2049 1652 2098 ecclesiasticarum
1688 2047 1737 2095 in
1773 2047 1887 2111 ipsis
1911 2047 2229 2096 insistentium
2255 2063 2459 2097 commo-

525 2139 755 2188 ditatibus
792 2139 1055 2188 consulitur
1090 2140 1132 2188 si
1170 2139 1327 2187 diuine
1371 2138 1524 2187 laudis
1566 2138 1907 2186 incrementum
1955 2136 2212 2200 respiciant
2257 2136 2460 2185 libenter

525 2228 810 2276 intendimus
847 2227 1035 2292 illisque
1073 2231 1301 2292 quantum
1340 2243 1447 2275 cum
1486 2228 1574 2275 deo
1610 2242 1858 2290 possumus
1892 2230 1946 2274 ut
1981 2225 2166 2274 illibata
2200 2226 2458 2289 persistant

526 2316 774 2379 apostolici
832 2317 1101 2366 muniminis
1152 2316 1400 2378 adijcimus
1451 2315 1738 2371 firmitatem,
1798 2315 2031 2363 Exhibita
2086 2315 2320 2379 siquidem
2377 2332 2461 2364 no-

527 2406 599 2454 bis
636 2422 784 2469 nuper
822 2423 907 2470 pro
946 2410 1082 2469 parte
1120 2404 1404 2454 uenerabilis
1439 2405 1602 2453 fratris
1640 2404 1790 2453 nostri
1825 2404 1859 2451 J
1863 2404 2062 2452 ohannis
2087 2403 2312 2468 Episcopi
2344 2405 2461 2453 Bre-

528 2495 762 2544 chinensis
797 2500 846 2543 et
881 2495 1159 2543 dilectorum
1195 2494 1391 2542 filiorum
1433 2521 1442 2532 ·
1481 2493 1666 2542 Nobilis
1690 2493 1795 2541 Viri
1821 2492 2027 2542 Walteri
2057 2492 2251 2541 Atholie
2286 2497 2335 2542 et
2372 2494 2463 2542 Ca-

527 2584 688 2632 thanie
754 2584 954 2632 Comitis
1012 2599 1196 2632 necnon
1249 2583 1434 2631 Decani
1495 2588 1544 2631 et
1607 2582 1816 2646 Capituli
1873 2581 2071 2631 ecclesie
2127 2581 2462 2632 Brechinensis

527 2674 696 2736 petitio
720 2672 995 2721 continebat
1030 2673 1154 2735 quod
1192 2671 1302 2719 olim
1339 2671 1494 2720 dictus
1529 2671 1701 2720 Comes
1728 2669 1858 2734 [igne
1873 2671 1917 2736 2]
1945 2670 2212 2719 deuotionis
2235 2686 2462 2720 accensus

529 2777 667 2825 quam
706 2777 817 2824 erga
851 2761 1038 2825 prefata
1073 2761 1266 2824 gerebat
1306 2765 1446 2823 prout
1480 2760 1602 2822 gerit
1639 2759 1888 2808 ecclesiam
1924 2759 1982 2806 de
2019 2759 2153 2806 bonis
2181 2759 2364 2807 ratione
2388 2760 2460 2808 sui

530 2850 723 2898 dominii
746 2850 808 2897 ad
831 2850 984 2912 ipsum
1007 2848 1215 2912 legitime
1234 2848 1581 2912 pertinentibus
1601 2864 1683 2897 sue
1708 2852 1758 2896 et
1781 2847 2133 2911 progenitorum
2157 2863 2214 2895 ac
2236 2848 2461 2896 heredum

531 2942 580 2986 et
618 2952 940 2986 successorum
976 2953 1165 2986 suorum
1205 2937 1465 2984 animarum
1505 2936 1648 2985 saluti
1690 2937 1736 2984 in
1778 2935 2031 2984 celestibus
2067 2935 2343 2983 thesaurare
2383 2937 2463 2984 de-

530 3026 743 3075 siderans
767 3024 1015 3074 nonnullos
1037 3041 1218 3074 annuos
1241 3026 1454 3074 redditus
1487 3025 1670 3073 fructus
1706 3029 1755 3072 et
1791 3027 2052 3087 prouentus
2089 3039 2149 3070 ex
2188 3020 2323 3071 bonis
2356 3040 2461 3087 pre-

530 3114 644 3162 fatis
667 3113 715 3160 in
739 3113 945 3162 dominio
969 3113 1177 3162 eiusdem
1201 3114 1401 3162 Comitis
1425 3113 1518 3161 loci
1553 3115 1611 3160 de
1645 3112 1966 3175 Cortowquhy
1992 3110 2326 3158 Brechinensis
2349 3111 2461 3158 dioe-

533 3202 655 3252 cesis
677 3200 1071 3263 consis[tcntibus
1108 3206 1156 3250 et
1194 3202 1268 3267 in]
1295 3201 1438 3249 certis
1474 3201 1691 3249 terminis
1726 3200 1953 3248 leuandos
1978 3203 2027 3247 et
2051 3198 2379 3262 percipiendos
2404 3216 2461 3248 ac

534 3293 583 3339 in
618 3294 918 3355 augmentum
956 3291 1103 3339 diuini
1139 3291 1296 3339 cultus
1331 3291 1379 3338 in
1418 3291 1583 3338 eadem
1620 3288 1822 3338 ecclesia
1855 3287 2040 3337 colendi
2076 3287 2353 3337 diuidendos
2377 3290 2463 3338 sub
