3016 3958
1108 635 1404 691 OARTAE
1449 636 1951 692 ORIGINALES.
2432 638 2503 694 51

535 839 621 885 per
658 837 710 870 se
748 839 838 871 nec
875 839 961 888 per
996 830 1352 888 procuratorem
1391 843 1480 875 nec
1517 826 1600 876 alii
1639 855 1648 865 ·
1686 827 1876 875 Idcirco
1913 828 2069 876 dictus
2093 831 2372 890 procurator
2396 828 2492 875 dic-

534 915 691 960 torum
716 911 973 962 citatorum
1013 914 1062 962 in
1100 915 1228 964 dicte
1267 917 1511 966 citationis
1546 915 1716 964 cedula
1739 921 2072 965 contentorum
2096 933 2191 964 non
2216 932 2490 979 comparen-

531 1001 652 1049 tium
690 1003 1039 1052 contumaciam
1077 1006 1324 1054 accusauit
1363 1022 1539 1070 eosque
1582 1010 1889 1055 contumaces
1927 1005 2068 1070 petiit
2104 1006 2317 1070 reputari
2353 1010 2404 1054 et
2440 1007 2488 1053 in

534 1107 695 1139 eorum
721 1093 1022 1142 contumacia
1045 1094 1174 1158 ipsos
1196 1095 1371 1144 iterum
1396 1095 1536 1145 citari
1570 1112 1656 1159 per
1689 1095 1858 1144 literas
1896 1096 2014 1144 dicti
2053 1095 2302 1143 reuerendi
2337 1095 2489 1159 patris

531 1181 679 1229 tertio
715 1185 764 1230 et
801 1183 1122 1247 peremptorie
1160 1185 1221 1232 ad
1259 1186 1609 1249 procedendum
1634 1185 1684 1232 in
1707 1200 1853 1234 eausa
1886 1185 2155 1234 huiusmodi
2179 1189 2321 1248 prout
2345 1184 2488 1232 fuerit

533 1270 732 1319 rationis
769 1287 912 1334 quam
950 1272 1227 1321 citationem
1252 1274 1410 1323 dietus
1434 1275 1723 1323 reuerendus
1746 1279 1885 1338 pater
1919 1275 2156 1323 concessit
2194 1280 2244 1323 et
2282 1291 2387 1323 eam
2426 1276 2486 1321 ad

532 1360 831 1407 undecimum
857 1360 982 1408 diem
1006 1362 1182 1411 mensis
1207 1362 1323 1410 dicti
1348 1363 1665 1426 peremptorie
1689 1363 1791 1411 fieri
1814 1363 1963 1412 voluit
1999 1368 2049 1412 et
2085 1364 2331 1412 mandauit
2371 1393 2380 1402 ·
2420 1365 2485 1411 Et

530 1448 644 1511 quia
668 1448 824 1498 dictus
848 1455 1130 1513 procurator
1152 1450 1338 1516 aliquos
1361 1456 1514 1501 testes
1537 1453 1599 1499 ad
1623 1468 1757 1501 suam
1781 1453 2097 1501 intentionem
2134 1453 2182 1500 in
2217 1453 2488 1501 huiusmodi

530 1554 676 1587 causa
713 1539 1006 1602 probandam
1045 1556 1184 1590 senes
1224 1546 1274 1589 et
1315 1541 1688 1590 valetudinarios
1728 1543 1786 1590 de
1829 1558 2027 1606 quorum
2070 1547 2224 1591 morte
2266 1546 2319 1590 ut
2364 1542 2487 1589 dixit

531 1627 851 1676 verisimiliter
887 1629 1149 1678 timebatur
1184 1630 1274 1679 sibi
1313 1646 1418 1680 esse
1458 1631 1752 1680 necessarios
1789 1633 1994 1680 asseruit
2032 1648 2230 1696 quorum
2255 1632 2403 1695 aliqui
2439 1633 2487 1679 in

530 1717 705 1765 iudicio
744 1722 991 1781 presentes
1026 1719 1217 1768 fuerunt
1255 1719 1419 1768 videlz.
1459 1720 1755 1769 venerabiles
1794 1720 1883 1768 viri
1918 1725 1968 1770 et
2010 1721 2189 1769 domini
2239 1721 2485 1770 Gilbertus

532 1806 707 1855 Brown
732 1812 985 1870 precentor
1013 1808 1352 1858 Brechinensis
1386 1814 1435 1858 et
1473 1809 1719 1858 Galfridus
1754 1810 2079 1866 cancellarius,
2105 1827 2223 1874 quos
2258 1828 2343 1874 per
2367 1811 2486 1858 iudi-

530 1910 631 1943 cem
669 1896 905 1945 instanter
928 1897 1068 1946 citari
1092 1898 1233 1962 petiit
1257 1900 1383 1962 apud
1409 1903 1520 1947 acta
1554 1915 1612 1946 ac
1646 1898 1767 1948 alios
1802 1903 1953 1966 testes
1976 1916 2062 1964 per
2084 1900 2237 1963 ipsum
2262 1916 2485 1963 procura-

529 1989 681 2033 torem
705 1985 1018 2035 nominandos
1041 2003 1180 2036 senes
1214 1987 1399 2036 scilicet
1423 1993 1473 2037 et
1497 1987 1871 2038 valetudinarios
1905 1989 1953 2036 in
1989 2004 2161 2052 penam
2186 1990 2483 2037 contumacie

530 2074 646 2123 dicti
670 2075 884 2138 magistri
908 2076 1072 2124 Dauid
1109 2081 1158 2124 et
1193 2076 1393 2125 aliorum
1418 2077 1650 2126 interesse
1675 2078 1945 2127 huiusmodi
1969 2083 2019 2127 et
2042 2095 2102 2126 ne
2126 2079 2304 2128 veritas
2327 2079 2486 2127 occul-

527 2168 713 2212 taretur
750 2170 799 2214 et
838 2166 976 2230 copia
1013 2166 1309 2230 probationis
1346 2167 1558 2216 fortuitis
1593 2167 1782 2216 casibus
1817 2168 2176 2216 subtraheretur
2200 2168 2483 2232 perhibituri

527 2253 665 2301 fidele
703 2255 1028 2303 testimonium
1066 2255 1259 2303 veritati
1297 2255 1346 2302 in
1385 2255 1516 2304 dicta
1551 2271 1697 2305 causa
1733 2273 1819 2320 per
1856 2256 2036 2304 dictum
2062 2258 2376 2305 reuerendum
2402 2274 2484 2320 pa-

526 2347 650 2390 trem
673 2342 883 2405 legitime
908 2344 1048 2392 citari
1073 2344 1310 2393 instanter
1332 2344 1596 2408 postulauit
1637 2373 1647 2383 ·
1685 2343 1826 2394 Unde
1858 2345 2010 2407 judex
2035 2346 2192 2394 dictus
2229 2361 2286 2394 ac
2325 2362 2483 2394 reuer-

529 2433 678 2481 endus
716 2436 854 2496 pater
900 2434 1156 2481 attendens
1196 2433 1467 2483 huiusmodi
1513 2434 1796 2497 petitionem
1844 2434 1960 2483 dicti
2008 2435 2330 2500 procuratoris
2377 2451 2480 2483 esse

528 2521 618 2569 iuri
642 2537 895 2570 consonam
933 2525 1085 2571 testes
1121 2525 1236 2570 tunc
1274 2526 1521 2586 presentes
1553 2523 1709 2572 dictos
1743 2522 1926 2571 scilicet
1963 2523 2179 2571 dominos
2207 2522 2475 2571 Gilbertum

527 2615 577 2658 et
603 2610 869 2659 Galfridum
895 2611 999 2658 viue
1023 2611 1153 2660 vocis
1177 2611 1370 2659 oraculo
1406 2612 1468 2659 ad
1507 2615 1618 2659 acta
1653 2610 1823 2659 citauit
1862 2615 1911 2659 et
1950 2611 2071 2660 alios
2094 2615 2247 2660 testes
2270 2627 2328 2659 ac
2352 2611 2477 2659 vale-

526 2700 791 2748 tudinarios
827 2704 876 2747 et
915 2699 1137 2763 precipue
1176 2700 1451 2763 magistrum
1490 2700 1805 2748 Cuthbertum
1843 2701 2073 2748 decanum
2099 2700 2470 2748 Brechinensem

527 2789 607 2852 qui
645 2805 730 2852 pro
767 2792 883 2836 tunc
919 2789 1053 2851 graui
1091 2788 1365 2836 infirmitate
1403 2789 1706 2837 detinebatur
1741 2793 1790 2836 et
1824 2788 1944 2838 alios
1978 2793 2130 2838 testes
2164 2805 2250 2852 per
2297 2789 2475 2837 dictum

527 2881 880 2941 procuratorem
922 2877 1234 2926 nominandos
1283 2894 1370 2941 per
1414 2893 1489 2925 me
1530 2877 1734 2925 scribam
1777 2878 1905 2925 curie
1949 2878 2208 2926 Patricium
2258 2878 2476 2926 Nicholai

526 2967 764 3016 notarium
801 2966 1042 3031 publicum
1082 2966 1221 3015 citari
1262 2966 1476 3014 decreuit
1511 2969 1560 3013 et
1598 2966 1844 3014 mandauit
1879 2967 1940 3014 ad
1976 2968 2342 3030 comparendum
2389 2968 2475 3015 sub

527 3073 651 3120 pena
687 3056 1193 3105 excommunicationis
1231 3054 1515 3119 perhibituri
1551 3054 1689 3102 fidele
1729 3055 2053 3103 testimonium
2093 3055 2140 3103 in
2180 3056 2310 3103 dicta
2333 3071 2477 3104 causa

529 3162 687 3193 coram
725 3146 916 3194 domino
959 3145 1172 3194 Roberto
1213 3144 1422 3193 Wissart
1457 3147 1691 3192 rectorem
1731 3145 1790 3191 de
1832 3144 2090 3207 Kukyston
2127 3145 2176 3192 in
2214 3145 2304 3192 hac
2338 3149 2474 3208 palte

531 3235 648 3283 dicti
684 3235 932 3284 reuerendi
968 3234 1121 3299 patris
1156 3234 1418 3283 substituto
1453 3249 1579 3282 nono
1615 3233 1692 3280 die
1728 3233 1904 3282 mensis
1927 3234 2152 3282 instantis
2176 3233 2425 3282 Februarii
2464 3261 2489 3298 ·.

533 3325 684 3387 Super
721 3323 890 3387 quibus
925 3323 1142 3372 omnibus
1179 3328 1229 3372 et
1268 3321 1466 3386 singulis
1505 3322 1661 3370 dictus
1696 3326 1975 3385 procurator
2007 3338 2093 3385 per
2128 3339 2202 3371 me
2239 3323 2473 3371 notarium
