3016 3958
535 619 644 674 100
1111 615 1400 672 cARTAE
1444 593 1939 677 ORIGINALES.

535 810 625 858 bus
663 809 698 855 J
702 807 885 856 ohanne
929 807 1147 854 Mancow
1194 806 1228 852 J
1232 805 1415 852 ohanne
1463 804 1625 869 Skady
1663 806 1881 854 Ranaldo
1923 807 2180 871 Galychtly
2219 809 2461 859 Willelmo

538 898 743 945 Muncur
776 895 1082 958 burgensibus
1105 895 1163 941 de
1188 893 1362 940 Dunde
1386 896 1434 940 et
1470 893 1659 942 domino
1686 894 1966 944 Alexandro
2000 896 2169 944 Forfar
2202 898 2462 960 presbitero

538 991 587 1034 et
611 985 797 1034 notario
821 983 1011 1048 publico
1049 1011 1058 1020 ·

543 1185 831 1234 Exhortatio
857 1185 1003 1248 Regis
1038 1185 1072 1231 J
1075 1184 1210 1232 acobi
1241 1184 1422 1231 directa
1447 1184 1684 1248 Episcopo
1711 1185 2019 1234 Brechinensi
2058 1189 2118 1234 ad
2156 1189 2470 1235 reuocandum

541 1275 861 1339 possessiones
887 1273 1103 1322 Ecclesie
1129 1273 1463 1322 Brechinensis
1485 1273 1643 1337 inique
1667 1273 1899 1322 alienatas
1938 1303 1948 1311 ·

416 1430 516 1476 LV.
552 1402 784 1484 Jacobus
805 1433 899 1484 Dei
922 1433 1076 1496 gratia
1101 1433 1211 1480 Rex
1235 1432 1484 1480 Scotorum
1512 1433 1793 1481 Reuerendo
1818 1434 1865 1481 in
1897 1433 2087 1483 Christo
2114 1435 2240 1498 patri
2266 1435 2474 1482 Patricio

547 1525 784 1588 Episcopo
823 1521 1133 1571 Brechinensi
1171 1521 1516 1584 consanguineo
1555 1526 1717 1570 nostro
1754 1521 1969 1570 Salutem
2007 1550 2018 1560 ·
2055 1523 2238 1571 Feruor
2261 1523 2478 1571 caritatis

547 1612 903 1676 deuotionisque
950 1610 1077 1659 zelus
1123 1626 1180 1658 ac
1226 1609 1382 1658 cordis
1427 1610 1626 1659 affectus
1673 1611 1999 1660 desiderabilis
2043 1628 2129 1660 nos
2165 1612 2393 1660 inducunt
2428 1616 2478 1659 vt

546 1701 751 1750 omnium
793 1700 945 1763 Regni
991 1698 1139 1747 nostri
1180 1697 1496 1752 ecclesiarum,
1545 1702 1594 1746 et
1640 1699 1881 1762 signanter
1927 1700 2200 1749 beatissime
2248 1701 2479 1749 trinitatis

548 1789 893 1845 Brechinensis,
918 1788 994 1836 cui
1017 1787 1248 1851 presulari
1284 1786 1503 1849 dignitati
1542 1787 1636 1834 Dei
1673 1792 1722 1835 et
1759 1787 2021 1851 apostolice
2051 1789 2177 1837 sedis
2198 1789 2353 1852 gratia
2376 1805 2480 1852 pre-

547 1879 711 1927 sidetis
746 1877 996 1940 diligenter
1029 1892 1086 1924 ac
1120 1875 1306 1924 solicite
1341 1875 1626 1924 vtilitatibus
1650 1876 1962 1932 intendamus,
1988 1881 2037 1925 et
2061 1893 2144 1925 vos
2167 1879 2227 1925 ad
2251 1881 2350 1926 tam
2376 1877 2480 1924 dili-

547 1971 734 2031 gentem
771 1965 1063 2029 vigilantiam
1099 1965 1374 2019 excitemus,
1414 1966 1538 2029 quod
1576 1981 1634 2013 ea
1671 1982 1761 2028 que
1799 1966 2182 2028 predecessorum
2218 1970 2478 2014 vestrorum

548 2055 837 2119 temporibus
877 2054 924 2101 in
968 2055 1219 2117 dampnum
1268 2060 1317 2102 et
1365 2053 1658 2117 dispendium
1700 2053 1898 2102 ecclesie
1939 2054 2210 2103 beatissime
2250 2054 2480 2103 trinitatis

549 2145 788 2193 antedicte
816 2147 967 2192 vestre
998 2158 1167 2207 sponse
1203 2143 1464 2191 extiterant
1501 2141 1622 2190 male
1656 2146 1790 2204 gesta
1824 2143 1885 2190 ad
1921 2142 2014 2190 Dei
2049 2142 2237 2191 laudem
2262 2147 2311 2191 et
2335 2143 2480 2206 ipsius

550 2234 747 2283 ecclesie
772 2232 1025 2281 vtilitatem
1050 2235 1099 2279 et
1123 2231 1418 2278 commodum
1443 2246 1528 2294 per
1551 2234 1731 2278 vestras
1755 2231 2223 2294 circumspectionem
2253 2236 2302 2280 et
2337 2231 2479 2280 soler-

547 2325 663 2371 tiam
699 2327 861 2371 nostro
897 2314 1181 2384 cooperante
1218 2318 1398 2367 auxilio
1433 2319 1745 2367 reformentur
1782 2347 1791 2356 ·
1830 2319 1949 2366 Cum
1986 2319 2146 2383 itaque
2182 2320 2482 2383 concepimus

551 2413 674 2476 quod
714 2411 904 2475 quidam
943 2409 1087 2458 vestri
1121 2408 1480 2471 predecessores
1513 2407 1592 2471 qui
1628 2423 1690 2454 ex
1726 2408 1930 2470 propriis
1967 2408 2112 2455 nichil
2150 2409 2348 2458 ecclesie
2387 2409 2481 2456 Dei

551 2500 848 2549 contulerant
890 2497 1227 2562 omnipotentis
1266 2497 1634 2559 indignationem
1673 2496 1766 2544 Dei
1802 2496 1992 2544 minime
2026 2496 2335 2546 formidantes
2368 2513 2483 2545 non-

551 2589 704 2638 nullas
728 2587 926 2636 ecclesie
950 2585 1238 2634 cathedralis
1260 2585 1502 2633 antedicte
1537 2584 1858 2648 possessiones
1892 2585 2043 2632 eidem
2069 2585 2267 2634 ecclesie
2290 2589 2484 2649 propter

553 2679 699 2726 diuini
722 2677 878 2725 cultus
901 2679 950 2723 et
974 2675 1074 2723 eius
1103 2674 1315 2737 obsequii
1350 2678 1652 2738 augmentum
1688 2689 1745 2721 ac
1779 2678 1935 2722 status
1959 2673 2247 2737 prelatorum
2273 2674 2483 2722 eiusdem

553 2767 805 2815 honorifice
843 2764 1190 2820 sustentandos,
1229 2780 1290 2811 ex
1328 2762 1778 2826 preclarissimorum
1817 2763 2080 2826 principum
2126 2763 2280 2825 Regni
2324 2762 2484 2810 Scotie

554 2860 818 2904 nostrorum
842 2853 1192 2917 progenitorum
1218 2852 1469 2900 deuotione
1494 2867 1579 2914 pro
1614 2867 1806 2899 suarum
1831 2867 1888 2898 ac
1911 2855 2259 2900 antecessorum
2296 2855 2346 2898 et
2380 2865 2486 2898 suc-

555 2959 789 2992 cessorum
814 2958 1002 2990 suorum
1027 2941 1180 2990 salute
1214 2941 1476 2989 animarum
1511 2939 1710 2988 collatas
1745 2939 1944 2988 auaritie
1978 2939 2180 2987 cecitate
2204 2937 2485 2986 execrabilis

555 3032 628 3080 vel
652 3047 810 3079 amore
834 3030 1031 3093 pecunie
1055 3029 1129 3077 vel
1162 3029 1394 3078 horrende
1419 3027 1698 3091 cupiditatis
1731 3026 1934 3090 impulsu
1956 3043 2040 3076 seu
2064 3025 2322 3074 carnalium
2346 3025 2486 3073 affec-

556 3121 735 3168 tionum
760 3120 958 3167 seductu
983 3118 1031 3165 in
1055 3118 1203 3180 ipsius
1226 3117 1424 3166 ecclesie
1458 3133 1601 3179 graue
1626 3116 1921 3179 dispendium
1957 3119 2006 3163 et
2043 3119 2208 3162 contra
2232 3114 2485 3160 eorundem

555 3209 939 3271 predecessorum
964 3210 1224 3254 vestrorum
1248 3206 1472 3253 honorem
1496 3203 1638 3253 titulo
1661 3203 1963 3252 alienationis
1996 3201 2371 3250 irreuocabiliter
2394 3202 2488 3249 dis-

555 3299 804 3346 traxerunt
828 3296 954 3358 quod
991 3295 1120 3343 dicta
1154 3293 1356 3342 ecclesia
1390 3291 1677 3341 cathedralis
1711 3295 1870 3340 vestra
1903 3307 2076 3355 sponsa
2105 3306 2243 3354 quam
2271 3290 2316 3336 in
2342 3291 2486 3338 hono—
