3016 3958
407 2158 544 2205 CXI.

1108 635 1398 692 CARTAE
1449 637 1943 695 ORIGINALES.
2392 639 2499 699 173

564 821 723 870 tandis
759 825 808 870 et
840 822 1006 872 fiendis
1030 824 1374 888 imperpetuum
1410 843 1494 889 per
1528 827 1705 876 dictum
1733 828 2024 876 Willelmum
2050 827 2247 876 Tendall
2270 829 2495 876 haeredes

565 925 676 959 suos
699 914 747 958 et
771 911 1035 974 assignatos
1070 913 1258 961 nomine
1295 914 1528 963 dictorum
1562 916 1908 980 capellanorum
1933 918 1981 964 in
2006 917 2148 965 curiis
2181 917 2495 980 praefatorum

566 999 1021 1049 constabulariorum
1060 1029 1071 1040 ·
1107 1002 1296 1051 Saisina
1330 1003 1444 1051 data
1470 1005 1666 1053 'domino
1701 1006 1734 1052 J
1738 1006 1911 1053 ohanni
1956 1006 1990 1052 J
1993 1021 2218 1054 amesoun
2253 989 2495 1068 capellano

565 1103 623 1135 ac
646 1089 882 1137 communi
905 1091 1202 1153 procuratori
1223 1092 1468 1139 ‘dictorum
1503 1093 1849 1156 capellanorum
1884 1110 1969 1157 per
2002 1093 2320 1142 honorabilem
2346 1093 2495 1140 virum

569 1177 850 1240 Magistrum
877 1179 1105 1227 Thomam
1136 1180 1354 1243 Erskyne
1377 1182 1696 1244 praepositum
1722 1186 1771 1229 et
1795 1181 2189 1230 constabularium
2223 1182 2498 1245 deputatum

567 1265 684 1315 dicti
708 1267 841 1330 burgi
865 1268 924 1316 de
950 1268 1194 1317 Montross
1217 1269 1457 1318 sufficiens
1492 1270 1744 1318 habentem
1781 1269 2057 1317 mandatum
2082 1268 2352 1332 principalis
2375 1270 2496 1331 ejus-

566 1356 671 1403 dem
708 1356 842 1419 burgi
877 1356 1217 1404 constabularii
1251 1358 1312 1404 ad
1350 1358 1466 1405 haec
1501 1358 1655 1405 officia
1689 1358 2002 1405 exercenda·
2039 1357 2260 1405 Testibus
2283 1357 2497 1405 discretis

565 1448 613 1492 et
637 1445 849 1493 honestis
885 1445 998 1493 viris
1033 1445 1268 1510 Magistro
1302 1446 1336 1493 J
1340 1446 1524 1494 ohanne
1569 1425 1790 1508 Nauohty
1826 1445 1999 1492 vicario
2034 1446 2092 1492 de
2129 1446 2282 1508 Barry
2315 1445 2497 1492 notario

562 1533 753 1596 publico
777 1533 979 1582 dominis
1004 1534 1208 1597 Georgio
1234 1533 1514 1582 Fullertoun
1551 1534 1724 1581 vicario
1762 1535 1819 1580 de
1858 1533 1983 1581 Dwn
2007 1534 2040 1580 J
2045 1534 2226 1581 ohanne
2253 1534 2497 1596 Farquhar

560 1623 782 1670 Johanne
819 1623 1051 1671 Duncane
1087 1622 1346 1686 capellanis
1381 1623 1416 1669 J
1420 1623 1604 1670 ohanne
1641 1621 1819 1669 Nudrie
1856 1621 2013 1669 David
2040 1621 2217 1668 Nudrie
2257 1621 2496 1668 Willelmo

562 1712 676 1760 Scot
712 1711 1019 1774 burgensibus
1054 1711 1172 1759 dicti
1207 1711 1341 1774 burgi
1376 1715 1426 1759 et
1462 1708 1618 1758 David
1656 1711 1840 1758 Baxter
1874 1710 2120 1772 sergiando
2156 1725 2259 1756 cum
2302 1709 2495 1758 diversis

559 1800 666 1849 aliis
703 1791 960 1848 ·'Patrioio
997 1800 1214 1863 Carnegy
1248 1799 1420 1848 clerico
1456 1799 1825 1848 Sanctiandreae
1860 1797 1971 1845 dioec
2012 1801 2338 1846 sacrosanctae
2370 1798 2494 1846 sedis

559 1889 849 1953 apostolicae
873 1890 1160 1938 auctoritate
1185 1889 1374 1937 notario
1412 1917 1422 1926 ·
1460 1890 1490 1936 6
1514 1889 1548 1935 J
1551 1888 1650 1936 unii
1677 1888 1806 1936 1517
1847 1915 1855 1924 ·

576 2130 967 2208 Instrumentum
992 2174 1086 2223 quo
1109 2157 1389 2206 venerabilis
1408 2158 1477 2205 vir
1494 2158 1717 2221 magister
1733 2160 1767 2205 J
1771 2160 1978 2210 ohannes
1998 2161 2232 2209 Meldrum
2257 2164 2412 2208 rector
2438 2161 2495 2207 de
2514 2206 2517 2209 .

571 2247 752 2311 Burgill
776 2247 968 2296 discreti
987 2247 1073 2295 viri
1092 2247 1268 2295 domini
1283 2247 1318 2293 J
1322 2246 1520 2295 ohannis
1539 2246 1780 2310 Chepman
1804 2249 2034 2312 capellani
2059 2253 2333 2313 procurator
2356 2249 2496 2311 resig-

570 2341 653 2386 nat
677 2337 725 2384 in
750 2336 964 2384 manibus
980 2336 1013 2383 J
1017 2335 1217 2384 ohannis
1236 2335 1460 2399 Episcopi
1480 2335 1810 2384 Brechinensis
1829 2338 2060 2399 quoddam
2085 2341 2402 2385 tenementum
2427 2337 2495 2400 ip-

566 2427 664 2475 sius
679 2425 854 2474 domini
871 2425 906 2471 J
910 2425 1107 2473 ohannis
1126 2425 1368 2488 Chepman
1386 2424 1552 2485 jacens
1569 2424 1691 2471 infra
1715 2424 1968 2472 Civitatem
1990 2425 2353 2472 Brechinensem
2372 2425 2495 2472 inter

563 2521 717 2564 terras
740 2515 976 2578 quondam
998 2513 1032 2559 J
1037 2512 1234 2560 ohannis
1258 2512 1373 2560 Scot
1396 2513 1456 2558 ad
1481 2512 1673 2559 boream
1697 2516 1746 2559 et
1769 2516 1923 2560 terras
1960 2512 2247 2576 capellaniae
2272 2513 2329 2559 de
2356 2511 2495 2559 Cald-

563 2605 701 2652 hame
719 2604 780 2650 ad
804 2605 1016 2650 austrum
1034 2604 1188 2648 terras
1211 2600 1443 2663 praedicti
1469 2600 1645 2647 domini
1670 2600 1703 2646 J
1708 2600 1905 2648 ohannis
1924 2601 2163 2664 Chepman
2188 2601 2247 2647 ad
2268 2600 2422 2648 oriens
2445 2604 2493 2648 et

564 2707 858 2740 communem
892 2689 1016 2737 viam
1051 2689 1225 2751 regiam
1259 2689 1320 2735 ad
1356 2687 1588 2742 occidens,
1625 2692 1673 2736 et
1709 2689 1808 2751 ipse
1833 2689 2243 2737 reverendissimus
2266 2693 2416 2736 totum
2442 2692 2490 2735 et

563 2787 794 2848 integrum
840 2783 1105 2846 praefatum
1150 2785 1474 2829 tenementum
1510 2782 1773 2829 honorabili
1824 2782 1922 2829 viro
1964 2781 2233 2829 Alexandro
2281 2782 2490 2843 Ramsay

563 2873 871 2921 Brechinensi
917 2871 1007 2918 civi
1054 2874 1102 2918 et
1148 2870 1183 2916 J
1185 2873 1354 2918 onetae
1403 2870 1587 2917 Guthre
1633 2871 1734 2932 ejus
1786 2886 1985 2933 sponsae
2037 2871 2184 2918 tradit
2221 2897 2232 2908 ·
2269 2869 2487 2918 Testibus

561 2961 799 3025 magistris
847 2959 1005 3007 David
1043 2959 1298 3020 Pitcarynn
1345 2958 1678 3006 archidiacono
1725 2959 2033 3007 Brechinensi
2070 2959 2251 3006 Thoma
2293 2958 2487 3019 Vemyss

561 3050 594 3097 J
598 3050 746 3097 acobo
783 3049 1102 3111 Lewynstoun
1138 3046 1296 3094 David
1333 3045 1481 3093 Traill
1516 3050 1564 3094 et
1601 3047 1805 3109 Symone
1843 3047 2093 3109 Uarthynn
2139 3062 2243 3094 cum
2291 3046 2483 3093 diversis

561 3138 668 3186 aliis
704 3165 713 3175 ·
751 3136 955 3199 Georgio
979 3135 1120 3182 Alain
1144 3134 1317 3182 artium
1351 3133 1591 3182 baculario
1617 3134 1986 3182 Sanctiandreae
2027 3134 2136 3182 dioee
2162 3146 2322 3183 sacrae
2352 3148 2487 3195 apos—

560 3226 733 3274 tolicae
757 3225 883 3275 sedis
904 3224 1190 3272 auctoritate
1215 3221 1401 3270 notario
1439 3250 1448 3260 ·
1487 3223 1550 3269 10
1578 3221 1694 3269 Maii
1724 3222 1852 3268 1518
1892 3249 1902 3258 ·
2240 3228 2241 3231 ’
