3016 3958
322 928 453 975 CVI.

303 2174 463 2221 CVII.

478 647 587 705 170
1059 648 1351 703 OARTAE
1395 649 1895 706 ORIGINALES.

489 893 880 973 Instrumentum
922 924 1125 972 saisinae
1168 941 1310 988 super
1345 926 1543 972 eandem
1576 929 1772 982 cartam,
1798 927 1938 974 datae
1972 942 2058 990 per
2090 927 2410 977 honorabilem

479 1014 628 1061 virum
666 1015 859 1061 Petrum
902 1014 1056 1070 Seras,
1099 1014 1248 1062 civem
1286 1014 1509 1063 Civitatis
1546 1016 1892 1071 Brechinensis‚
1926 1015 2149 1064 ballivum
2183 1019 2414 1080 praedicti

478 1102 691 1165 magistri
717 1103 923 1151 Gilberti
947 1103 1254 1150 Strathachin
1293 1131 1303 1141 ·
1342 1102 1540 1152 Ballivis
1564 1104 1612 1151 in
1637 1108 1895 1168 praecepto
1917 1105 2121 1153 saisinae
2144 1106 2415 1161 nominatis,

479 1191 609 1239 dicto
646 1191 792 1239 Petro
829 1192 985 1247 Seras,
1019 1192 1054 1238 J
1059 1192 1242 1239 ohanne
1279 1193 1394 1240 Scot
1430 1209 1525 1240 uno
1560 1192 1838 1240 ballivorum
1873 1193 2145 1241 antedictae
2181 1193 2416 1249 Civitatis,

477 1281 511 1327 J
515 1281 698 1328 ohanne
737 1281 1044 1328 Strathachin
1079 1281 1227 1328 fratre
1267 1281 1383 1328 dicti
1418 1281 1632 1343 magistri
1656 1280 1861 1328 Gilberti
1885 1285 1934 1328 et
1961 1280 2204 1329 Willelmo
2231 1281 2368 1329 Rede
2406 1310 2418 1319 ·

482 1369 745 1433 Praecepto
770 1370 884 1417 dato
909 1369 1087 1417 eisdem
1113 1369 1188 1417 die
1224 1373 1273 1416 et
1297 1369 1402 1417 loco
1426 1373 1475 1416 et
1499 1384 1658 1416 coram
1683 1369 1860 1417 eisdem
1883 1370 2089 1418 testibus
2112 1373 2165 1417 ut
2200 1386 2347 1433 supra
2369 1371 2418 1417 in

481 1461 616 1505 carta
638 1458 907 1506 donationis
931 1457 1039 1520 (No.
1068 1457 1191 1516 CV.)
1230 1483 1240 1495 ·
1279 1457 1466 1505 Saisina
1489 1458 1604 1505 data
1626 1473 1784 1505 coram
1820 1458 2010 1506 domino
2046 1458 2080 1504 J
2084 1459 2268 1506 ohanne
2302 1460 2420 1507 Bre-

481 1546 591 1592 chin
615 1545 874 1609 capellano,
902 1546 1116 1593 Roberto
1141 1545 1348 1600 Huntar,
1371 1545 1405 1591 J
1408 1545 1557 1593 acobo
1581 1545 1765 1600 Pottar,
1791 1545 2035 1593 Willelmo
2074 1547 2269 1609 Makky,
2296 1547 2420 1594 Wil-

481 1633 623 1681 lelmo
647 1633 930 1688 Suffwricht,
956 1634 1138 1680 Thema
1162 1633 1421 1688 Suentoun,
1459 1632 1705 1680 Willelmo
1741 1633 1973 1696 Scougall,
2016 1633 2172 1681 David
2197 1634 2419 1698 Skynnar

477 1722 678 1783 juniore,
703 1722 896 1768 Andrea
917 1721 951 1767 J
956 1721 1188 1775 oftasoun,
1215 1721 1430 1768 Roberto
1455 1721 1694 1775 Buchane,
1721 1725 1770 1768 et
1793 1721 1827 1768 J
1831 1721 1979 1770 acobo
2004 1722 2148 1770 Peter
2171 1725 2419 1785 sergiando

485 1811 641 1858 dictae
665 1808 899 1864 Civitatis,
922 1810 1127 1857 testibus
1167 1837 1177 1846 ·
1217 1808 1426 1856 Patricio
1463 1809 1678 1871 Carnegy
1702 1808 1874 1856 clerico
1899 1809 2268 1859 Sanctiandreae
2306 1813 2422 1860 dioe-

485 1899 619 1954 cesis,
643 1902 971 1946 sacrosanctae
995 1898 1121 1945 sedis
1144 1896 1434 1960 apostolicae
1453 1896 1739 1944 auctoritate
1763 1897 1949 1945 notario
1989 1925 1999 1935 ·
2037 1902 2068 1943 8
2090 1898 2125 1944 J
2129 1898 2211 1945 ulii
2241 1900 2369 1947 1512
2407 1927 2418 1938 ·

497 2132 893 2215 Instrumentum
943 2165 1146 2213 saisinae
1181 2164 1325 2211 annui
1365 2163 1579 2211 redditus
1617 2179 1703 2211 sex
1744 2163 1999 2211 solidorum
2045 2164 2104 2210 de
2146 2168 2420 2213 tenemento

487 2255 520 2302 J
525 2255 722 2303 ohannis
757 2254 1014 2317 Chepman,
1044 2253 1238 2314 jacente
1275 2251 1398 2299 infra
1432 2251 1628 2314 burgum
1670 2252 1729 2298 de
1772 2251 2014 2300 Montross
2050 2251 2099 2298 in
2135 2252 2239 2300 vico
2273 2255 2418 2302 castri

489 2344 710 2405 ejusdem,
748 2343 889 2390 datae
914 2357 999 2405 per
1026 2340 1347 2388 honorabilem
1384 2340 1532 2387 virum
1563 2337 1820 2386 Vilelmum
1847 2339 1996 2394 Scott,
2022 2340 2419 2389 constabularium

488 2433 764 2494 deputatum
789 2429 922 2492 burgi
945 2429 1190 2483 antedicti,
1220 2428 1268 2475 in
1304 2427 1437 2489 cujus
1461 2442 1624 2475 manus
1647 2427 1777 2490 prius
1801 2427 2063 2490 resignatus
2084 2429 2240 2476 fuerat
2263 2430 2421 2480 dictus

488 2535 669 2567 annuus
706 2518 919 2566 redditus
955 2533 1040 2580 per
1076 2517 1332 2564 discretum
1369 2516 1516 2563 virum
1555 2514 1847 2562 Willelmum
1872 2515 2103 2578 Tyndaill,
2139 2516 2186 2563 in
2210 2517 2418 2566 favorem

489 2606 767 2656 venerabilis
784 2606 886 2661 viri,
905 2605 1081 2653 domini
1102 2603 1300 2652 Patricii
1321 2602 1544 2666 Tyndail,
1566 2601 1798 2665 capellani
1813 2618 1825 2658 ;
1843 2618 1900 2650 ac
1918 2603 2062 2651 etiam
2081 2604 2283 2653 saisinae
2301 2606 2418 2654 dicti

486 2695 744 2744 tenementi
767 2694 914 2757 ipsius
938 2694 1079 2740 datae
1102 2707 1188 2755 per
1221 2692 1400 2739 dictum
1425 2689 1838 2746 constabularium,
1862 2690 1911 2737 in
1934 2691 2069 2752 cujus
2103 2708 2269 2740 manus
2291 2693 2415 2741 idem

487 2784 616 2847 prius
649 2783 934 2844 resignatum
979 2781 1135 2828 fuerat
1170 2795 1254 2842 per
1288 2779 1464 2826 dictum
1511 2778 1545 2824 J
1549 2778 1781 2825 ohannem
1829 2778 2070 2841 Chepman
2115 2780 2164 2826 in
2208 2781 2414 2828 favorem

487 2871 719 2935 praedicti
759 2869 935 2917 domini
960 2867 1157 2916 Patricii
1193 2866 1396 2929 Tyndail
1434 2894 1443 2903 ·
1481 2865 1702 2914 Testibus
1735 2865 1955 2912 Johanne
1979 2865 2135 2929 Cragy
2172 2866 2413 2917 Willelmo

490 2961 617 3021 Baty
656 2957 963 3020 burgensibus
998 2957 1056 3002 de
1094 2955 1351 3009 Montross,
1394 2953 1606 3000 Henrico
1641 2953 1920 3001 Stevinsone
1954 2953 2055 3000 cive
2092 2954 2410 3012 Brechinensi,

491 3047 699 3094 Ricardo
738 3044 1019 3106 Abirnethy,
1056 3043 1330 3090 Alexandro
1367 3040 1488 3095 Bell,
1524 3040 1724 3088 dominis
1757 3040 1787 3086 J
1795 3041 1979 3087 ohanne
2014 3042 2304 3099 Andersone,
2326 3044 2361 3090 J
2365 3062 2414 3092 o-

489 3136 641 3182 hanne
667 3133 892 3187 Vatsone,
919 3132 1132 3179 Roberto
1157 3131 1318 3178 Broun
1352 3128 1621 3191 capellanis,
1658 3132 1707 3175 et
1743 3127 1966 3176 Villelmo
1991 3128 2132 3191 Rany
2165 3131 2411 3193 sergiando

489 3239 594 3270 cum
620 3221 815 3269 diversis
838 3220 944 3267 aliis
978 3254 988 3266 .
1027 3254 1037 3264 .
1076 3255 1086 3264 .
1119 3218 1152 3264 J
1157 3218 1340 3265 ohanne
1378 3215 1602 3277 Nauchty
1635 3215 1684 3262 in
1717 3215 1900 3263 artibus
1923 3216 2146 3279 magistro
2178 3219 2411 3281 presbitro

491 3308 798 3358 Brechinensi
823 3308 932 3355 dioee
957 3306 1142 3354 notario
1178 3341 1188 3352 .
1224 3305 1289 3352 26
1316 3303 1452 3367 April
1480 3303 1607 3350 1513
1648 3330 1657 3340 ·
