3016 3958
526 654 598 710 62
1110 656 1402 713 OARTAE
1447 656 1945 714 ORIGINALES.

522 845 766 895 assedaret
793 861 938 910 usque
963 847 1023 894 ad
1047 847 1186 895 finem
1211 862 1460 910 processus
1484 847 1556 896 sui
1595 848 1653 896 de
1691 848 1856 895 eadem
1881 847 1997 897 uilla
2028 853 2076 897 et
2112 850 2173 898 ad
2208 851 2461 899 uidendum

429 975 433 978 .
518 935 559 983 si
595 935 675 1008 qui
710 934 888 999 aliquid
917 935 1041 998 juris
1066 937 1374 985 ostenderent
1412 937 1471 984 de
1508 940 1733 1000 pretensa
1755 936 2057 986 assedatione
2092 942 2141 986 et
2175 934 2396 1004 precipue
2419 941 2460 989 si

519 1023 756 1072 Patricius
780 1025 838 1072 de
864 1024 1155 1073 Foulertoun
1180 1025 1393 1089 predicte
1417 1026 1451 1072 J
1457 1030 1596 1074 onete
1625 1025 1748 1074 filius
1771 1025 1846 1073 vel
1871 1025 2152 1090 quicumque
2175 1026 2257 1075 alii
2280 1027 2459 1092 aliquid

518 1114 823 1162 ostenderent
862 1119 911 1163 et
948 1119 1063 1163 tunc
1100 1131 1186 1179 per
1225 1131 1360 1164 suum
1400 1116 1637 1179 prefatum
1673 1116 1943 1164 seriandum
1979 1115 2166 1180 publice
2207 1117 2322 1166 fecit
2354 1134 2461 1181 pro-

517 1202 711 1251 clamari
748 1203 789 1252 si
829 1203 976 1268 aliqui
998 1204 1122 1253 tales
1158 1209 1317 1254 essent
1342 1206 1469 1269 quod
1494 1209 1822 1269 comparerent
1846 1208 1895 1253 et
1916 1205 2027 1269 quia
2049 1203 2166 1253 nulli
2188 1204 2312 1255 tales
2335 1221 2460 1254 com-

515 1296 829 1355 pararuerunt
865 1297 914 1342 et
950 1293 1229 1342 duodecima
1263 1294 1380 1342 hora
1413 1294 1551 1357 longe
1585 1298 1830 1343 transacta
1852 1294 2039 1358 publice
2069 1299 2362 1359 protestatus
2384 1300 2458 1344 est

515 1381 671 1430 dictus
709 1383 996 1432 reuerendus
1019 1386 1156 1446 pater
1180 1383 1305 1447 quod
1325 1383 1452 1447 ¹quia
1486 1383 1616 1432 dicta
1649 1387 1780 1432 terra
1810 1383 1859 1431 in
1895 1384 2112 1433 manibus
2134 1384 2233 1433 suis
2255 1385 2455 1433 vacabat

512 1485 601 1519 nec
639 1475 742 1520 erat
783 1471 955 1536 aliquis
991 1476 1160 1522 tenens
1194 1487 1282 1520 nec
1319 1472 1582 1536 comparuit
1618 1472 1789 1536 aliquis
1819 1473 1900 1535 jus
1934 1474 2232 1536 pretendens,
2259 1474 2379 1522 Ideo
2404 1479 2456 1521 ut

515 1560 637 1608 dixit
661 1561 817 1624 potuit
843 1561 1006 1609 debuit
1045 1564 1094 1609 et
1131 1560 1279 1610 voluit
1302 1561 1550 1625 prouidere
1575 1565 1623 1609 et
1648 1562 1824 1610 dictam
1848 1566 2024 1610 terram
2059 1563 2120 1610 ad
2155 1562 2383 1611 honorem
2406 1567 2455 1611 et

513 1648 771 1698 utilitatem
812 1649 1010 1698 ecclesie
1052 1653 1101 1699 et
1143 1665 1467 1699 successorum
1508 1666 1697 1699 suorum
1738 1652 1972 1708 assedare,
2016 1652 2082 1700 Et
2122 1652 2234 1716 quia
2269 1652 2454 1700 audiuit

514 1739 638 1802 quod
663 1738 820 1788 dictus
844 1738 1081 1787 Patricius
1119 1739 1177 1787 de
1216 1738 1507 1788 Foulertoun
1531 1740 1845 1803 pretendebat
1877 1740 1959 1803 jus
1993 1741 2308 1790 assedationis
2341 1741 2456 1790 licet

512 1827 798 1891 apparencia
837 1843 931 1876 non
971 1827 1061 1875 fuit
1102 1843 1208 1876 cum
1243 1831 1382 1891 pater
1417 1832 1466 1876 et
1501 1831 1656 1876 mater
1690 1828 1793 1879 eius
1834 1834 2154 1892 cognouerunt
2187 1846 2238 1879 se
2275 1831 2454 1880 nullum

511 1916 687 1965 habere
711 1931 800 1965 nec
822 1916 1043 1967 haansse
1065 1916 1141 1981 jus
1165 1921 1218 1965 ut
1242 1920 1431 1966 constat
1456 1933 1541 1981 per
1563 1918 1870 1981 precedentia
1903 1923 2063 1967 tamen
2087 1920 2150 1967 ad
2173 1920 2454 1968 conuincen-

515 2008 624 2055 dam
661 2005 894 2054 malitiam
933 2010 982 2054 et
1019 2006 1226 2054 futuram
1252 2005 1557 2054 rebellionem
1593 2006 1710 2055 dicti
1746 2007 1943 2055 Patricii
1968 2011 2017 2056 et
2055 2024 2453 2074 quorumcumque

511 2095 710 2144 aliorum
739 2095 819 2157 jus
841 2095 1155 2145 assedationis
1178 2095 1560 2159 pretendentium
1599 2095 1714 2144 fecit
1753 2096 1923 2144 iterum
1961 2096 2242 2160 proclamari
2265 2098 2452 2162 publice

511 2185 559 2232 in
607 2200 692 2248 sua
732 2185 863 2232 curia
902 2184 1057 2233 dictus
1098 2185 1385 2232 reuerendus
1423 2188 1563 2248 pater
1601 2184 1806 2249 qualiter
1846 2185 2123 2235 intendebat
2165 2187 2252 2234 hec
2293 2188 2451 2235 omnia

512 2274 713 2322 recitare
738 2274 786 2321 in
810 2273 940 2322 curia
965 2272 1274 2322 Vicecomitis
1299 2273 1357 2320 de
1382 2273 1546 2336 Augus
1568 2277 1683 2321 tunc
1706 2275 1913 2322 tenenda
1934 2275 2059 2338 apud
2085 2275 2254 2323 Forfar
2290 2276 2453 2324 vltima

513 2363 589 2412 die
623 2364 658 2410 J
662 2363 744 2412 ulii
778 2362 983 2426 proximi
1022 2390 1032 2400 ·
1070 2359 1136 2411 Et
1160 2362 1334 2410 iterum
1371 2377 1433 2409 ex
1472 2362 1937 2425 superhabundantia
1969 2364 2084 2412 fecit
2119 2368 2232 2412 tunc
2269 2365 2451 2428 procla-

511 2453 630 2501 mari
668 2458 717 2501 et
756 2452 983 2516 assignari
1021 2453 1204 2500 curiam
1241 2468 1374 2500 suam
1409 2453 1664 2500 tenendam
1700 2453 1826 2516 apud
1862 2453 2069 2501 Brechin
2117 2454 2193 2502 die
2233 2454 2342 2502 lune
2389 2457 2450 2503 ad

515 2542 781 2606 quindecim
827 2542 928 2591 dies
967 2541 1242 2590 immediate
1277 2545 1386 2605 post
1422 2557 1565 2605 super
1599 2542 1763 2589 eadem
1799 2542 2002 2591 materia
2034 2544 2371 2607 premuniendo
2404 2549 2453 2592 et

515 2631 805 2680 notificando
846 2630 976 2678 dicto
1012 2630 1224 2678 Patricio
1261 2634 1310 2678 et
1345 2630 1716 2694 quibuscumque
1742 2632 1865 2694 quod
1899 2632 1939 2680 si
1974 2632 2074 2696 ipse
2110 2633 2346 2682 Patricius
2380 2634 2453 2682 vel

513 2720 794 2784 quicumque
818 2719 901 2768 alii
926 2720 1266 2784 pretenderent
1282 2720 1363 2782 jus
1386 2720 1701 2769 assedationis
1723 2721 1785 2768 ad
1809 2720 1986 2769 dictam
2010 2721 2172 2770 uillam
2190 2723 2314 2786 quod
2337 2726 2453 2771 tunc

511 2810 559 2856 in
600 2825 685 2858 sua
726 2809 856 2857 curia
897 2825 1002 2856 cum
1031 2808 1262 2871 jure-suo
1297 2817 1624 2872 comparerent
1660 2813 1710 2858 et
1744 2809 1846 2873 ipse
1880 2809 2171 2860 ministraret
2213 2811 2282 2860 eis
2309 2811 2450 2874 justi-

510 2898 627 2945 tiam
653 2897 862 2961 alioquin
887 2901 1180 2961 protestatus
1204 2901 1279 2946 est
1302 2897 1418 2961 ipsis
1440 2914 1535 2946 non
1558 2898 1940 2962 comparentibus
1973 2898 2048 2947 vel
2074 2899 2156 2961 jus
2176 2915 2271 2948 non
2294 2903 2451 2949 osten-

511 2987 731 3035 dentibus
755 2986 1002 3050 prouidere
1027 2987 1085 3034 de
1111 2987 1241 3034 dicta
1264 2985 1381 3034 uilla
1403 2990 1453 3034 et
1478 2987 1629 3050 ipsam
1653 2987 1874 3035 assedare
1898 2991 2040 3050 prout
2058 2986 2225 3037 melius
2242 2988 2398 3052 potuit
2437 3017 2447 3027 ·

514 3076 581 3124 Et
609 3075 720 3139 quia
743 3076 801 3123 de
824 3075 1125 3124 assedatione
1149 3075 1251 3124 eius
1272 3074 1573 3139 prolocutum
1607 3074 1698 3123 fuit
1733 3078 1782 3122 et
1817 3074 2090 3138 aliqualiter
2111 3077 2447 3125 concordatum

513 3180 620 3212 cum
645 3163 792 3212 nobili
826 3163 926 3212 viro
962 3163 1239 3212 Alexandro
1262 3164 1321 3211 de
1346 3163 1642 3211 Craumvnde
1667 3163 1856 3211 domino
1892 3164 1951 3211 de
1988 3163 2242 3228 Melgonde
2266 3170 2449 3229 protes-

507 3257 645 3302 tatus
691 3257 764 3301 est
813 3252 972 3301 dictus
1011 3253 1299 3300 reuerendus
1334 3255 1472 3316 pater
1506 3252 1630 3314 quod
1666 3250 1749 3299 illa
1782 3251 2047 3315 prolocutio
2082 3253 2184 3302 siue
2230 3253 2449 3319 aliqualis

509 3341 764 3391 concordia
797 3356 895 3389 non.
926 3341 1177 3404 impediret
1214 3355 1559 3403 quemcumque
1595 3340 1927 3389 ostendentem
1969 3340 2017 3388 in
2059 3341 2188 3390 dicta
2232 3344 2449 3406 proxima
