3016 3958
259 1354 496 1401 LXXIII

1081 630 1372 685 CARTAE
1424 629 1923 686 ORIGINALES.
2379 632 2483 686 131

535 817 836 868 Venerabilis
860 819 989 868 curie
1016 821 1316 885 Episcopalis
1342 821 1656 870 Tornacensis
1682 821 1909 869 Notarius
1930 820 1963 866 J
1968 823 2133 867 uratus
2161 839 2201 871 ss
2233 820 2481 869 Promissis

590 936 598 944 ·
640 936 649 945 ·
690 908 883 957 interfui
922 938 932 948 ·
972 938 980 947 ·
1022 939 1030 947 -

545 1320 626 1401 In
668 1354 856 1402 nomine
899 1354 1093 1402 Domini
1136 1355 1291 1402 Amen
1335 1355 1426 1402 Per
1461 1354 1552 1402 hoc
1589 1370 1783 1418 presens
1824 1355 2062 1418 publicum
2107 1356 2481 1405 Instrumentum

537 1442 734 1492 Cunctis
770 1446 935 1514 pateat
975 1443 1219 1490 evidenter
1256 1448 1306 1490 et
1342 1443 1406 1491 sit
1430 1447 1598 1491 notum
1623 1445 1748 1507 quod
1772 1461 1897 1492 anno
1932 1461 1963 1493 a
1995 1446 2248 1494 nativitate
2273 1447 2483 1494 eiusdem

536 1531 733 1579 Domini
772 1530 1024 1580 millesimo
1063 1531 1527 1595 quadringentesimo
1565 1533 1889 1596 octuagesimo
1924 1550 2049 1582 nono
2085 1535 2355 1584 Indictione
2381 1550 2486 1599 sep-

533 1621 652 1668 tima
683 1645 695 1678 s
728 1620 804 1668 die
844 1636 954 1668 vero
990 1620 1137 1668 tertia
1175 1620 1351 1669 mensis
1388 1621 1608 1669 Januarii
1647 1623 1952 1686 pontificatus
1986 1625 2273 1674 sanctissimi
2312 1625 2359 1672 in
2399 1626 2485 1672 ΧΓΟ

533 1709 685 1773 patris
721 1725 778 1757 ac
817 1709 1012 1757 Domini
1051 1709 1201 1758 nostri
1238 1709 1434 1758 Domini
1460 1710 1731 1759 Innocentii
1756 1711 1915 1760 divina
1938 1714 2236 1776 providentia
2258 1730 2378 1778 pape
2405 1730 2482 1761 oc-

532 1799 632 1846 tavi
659 1798 804 1847 Anno
828 1799 1009 1862 quinto·
1030 1798 1090 1846 In
1125 1799 1218 1846 mei
1253 1799 1428 1847 notarii
1463 1799 1641 1863 publici
1679 1801 1968 1865 testiumque
1993 1802 2396 1866 infrascriptorum
2422 1805 2481 1850 ad

534 1889 625 1937 hoc
663 1893 936 1936 vocatorum
975 1892 1024 1936 et
1062 1892 1333 1951 rogatorum
1372 1890 1614 1953 presentia
1650 1891 1966 1954 personaliter
2007 1894 2298 1941 constitutus
2341 1894 2484 1956 Spec-

535 1977 698 2026 tabilis
724 1979 792 2026 vir
816 1979 1035 2042 Guaspar
1059 1977 1291 2026 Bonciani
1315 1983 1552 2026 mercator
1572 1978 1880 2029 Florentinus
1914 1981 1962 2028 in
2000 1982 2172 2045 oppido
2200 1982 2483 2045 Andwerpi-

537 2067 637 2116 ensi
676 2068 880 2133 partium
918 2068 1120 2115 ducatus
1158 2067 1418 2115 Brabantie
1457 2068 1518 2115 ad
1555 2071 1750 2132 presens
1782 2070 1994 2118 residens
2016 2077 2242 2134 tanquam
2284 2071 2362 2118 ille
2402 2071 2480 2134 qui

537 2157 756 2205 convenit
781 2160 829 2204 et
854 2156 1032 2220 pepigit
1056 2171 1160 2204 cum
1186 2157 1368 2204 factore
1393 2172 1477 2205 seu
1502 2161 1809 2221 procuratore
1845 2159 2089 2207 reverendi
2125 2160 2172 2206 in
2211 2160 2296 2206 X¹·⁰
2331 2160 2482 2222 patris

536 2262 593 2294 ac
619 2246 812 2294 Domini
838 2246 1016 2295 domini
1041 2245 1291 2294 Guillermi
1318 2246 1556 2294 Meldrum
1576 2249 1652 2295 >ad
1687 2263 1882 2311 presens
1906 2249 2115 2313 episcopi
2146 2250 2480 2298 Brechinensis

538 2337 585 2383 in
611 2336 776 2384 Scotia
798 2337 857 2383 ad
882 2336 1154 2383 faciendum
1189 2335 1237 2382 in
1275 2335 1420 2383 Curia
1457 2337 1678 2384 Romana
1699 2353 1784 2400 per
1809 2337 2079 2401 Philippum
2105 2339 2163 2386 de
2189 2339 2394 2387 Strozzis
2430 2343 2478 2386 et

537 2426 692 2474 socios
717 2426 983 2473 Romanum
1020 2425 1198 2473 curiam
1233 2429 1486 2488 sequentes
1519 2449 1530 2481 s
1562 2425 1787 2489 expedire
1811 2425 1966 2484 bullas
2000 2427 2252 2490 requisitas
2286 2429 2345 2474 ad
2384 2428 2480 2475 dic-

537 2519 639 2562 tum
677 2514 1046 2562 Brechinensem
1082 2514 1406 2578 episcopatum
1444 2515 1505 2561 ad
1541 2513 1799 2562 utilitatem
1834 2515 2037 2578 predicti
2061 2517 2304 2563 reverendi
2329 2517 2478 2579 patris

539 2604 733 2652 Domini
769 2602 1018 2652 Guillermi
1056 2602 1294 2650 Meldrum
1324 2626 1338 2655 s
1360 2603 1505 2664 juxta
1540 2606 1722 2650 certum
1758 2603 2032 2651 memoriale
2058 2605 2259 2667 desuper
2293 2605 2477 2651 confec-

535 2697 638 2740 tum
667 2696 685 2741 κ’
712 2697 761 2740 et
785 2708 870 2755 per
891 2692 1157 2756 predictum
1182 2692 1476 2754 Guasparem
1501 2691 1975 2760 predictis’Philippo
1998 2697 2047 2740 et
2071 2693 2214 2741 sociis
2236 2693 2479 2742 transmis-

537 2798 640 2830 sum
669 2791 683 2822 s
714 2781 945 2828 Omnibus
963 2779 1235 2828 melioribus
1253 2782 1329 2827 via
1353 2781 1493 2827 modo
1511 2780 1619 2841 jure
1644 2779 1870 2828 etzforma
1893 2781 2063 2844 quibus
2083 2781 2254 2830 melius
2279 2782 2479 2830 validius

537 2875 587 2919 et
626 2870 863 2918 efficacius
902 2867 1079 2933 poterit
1116 2868 1231 2916 fecit
1269 2868 1522 2916 constituit
1560 2869 1742 2917 curavit
1778 2873 1827 2916 et
1863 2868 2122 2918 solenniter
2158 2871 2393 2919 ordinavit
2431 2876 2479 2918 et

535 2965 703 3008 tenore
741 2959 985 3022 presentis
1010 2957 1187 3022 publici
1224 2957 1527 3006 instrumenti
1563 2957 1681 3005 facit
1715 2958 1964 3007 constituit
1990 2943 2125 3022 curat
2150 2964 2199 3007 et
2223 2959 2482 3008 solenniter

538 3050 727 3098 ordinat
751 3064 862 3097 suos
885 3063 1020 3095 veros
1042 3046 1279 3110 legitimos
1313 3050 1363 3094 et
1398 3045 1691 3104 indubitatos
1713 3047 2043 3110 procuratores
2066 3053 2253 3097 actores
2275 3049 2480 3096 factores

539 3143 588 3186 et
611 3138 906 3202 negotiorum
931 3153 1120 3186 suorum
1156 3135 1560 3198 infrascriptorum
1600 3139 1810 3197 gestores
1844 3151 1901 3183 ac
1935 3137 2131 3184 nuncios
2165 3137 2395 3200 speciales
2430 3142 2478 3185 et

538 3227 781 3290 generales
806 3226 1024 3274 videlicet
1048 3225 1314 3289 predictum
1353 3224 1683 3271 Reverend'um
1720 3228 1769 3271 et
1805 3225 2042 3272 dominum
2082 3227 2318 3273 dominum
2346 3226 2476 3273 Guil-

540 3316 738 3363 lermum
767 3315 1001 3362 Meldrum
1032 3314 1317 3377 Episcopum
1347 3335 1361 3364 s
1391 3312 1656 3375 religiosum
1694 3317 1743 3360 et
1779 3313 2069 3362 venerabiles
2093 3315 2217 3362 viros
2241 3315 2477 3362 dominum
