3016 3958
1097 657 1392 714 CARTAE
1437 655 1938 712 ORIGINALES.
2417 654 2489 712 79

531 848 722 896 domino
758 847 804 896 le
843 849 976 912 Gray
1011 850 1137 913 apud
1179 847 1455 912 Edinburgh
1496 846 1721 895 vicesimo
1761 850 1902 895 sexto
1927 846 2004 894 die
2032 845 2218 893 Mensis
2255 845 2287 891 J
2292 846 2477 891 anuarii

528 953 654 986 anno
679 937 873 986 Domini
895 937 1146 986 millesimo
1169 936 1635 1001 quadringentesimo
1660 934 2022 999 quadragesimo
2046 943 2172 982 nono
2210 960 2222 972 ·
2259 934 2325 981 Et
2349 934 2478 995 regni

531 1027 683 1075 nostri
709 1027 893 1076 decimo
916 1027 1062 1076 tertio
1101 1055 1111 1063 ·

532 1226 787 1290 Inquisitio
812 1228 870 1276 de
893 1229 997 1276 foro
1023 1228 1338 1291 Brechinensi
1362 1231 1411 1275 et
1441 1226 1611 1274 itinere
1636 1227 1895 1274 camerarie
1920 1226 2132 1274 eiusdem
2171 1254 2179 1261 -

535 1316 682 1378 Right
719 1316 788 1364 off
816 1317 900 1365 the
941 1316 1128 1365 weiklie
1167 1320 1371 1364 mercatt
1409 1316 1503 1363 and
1538 1315 1727 1363 libertie
1763 1315 1817 1363 of
1845 1315 1929 1363 the
1954 1318 2130 1363 waters
2165 1314 2233 1362 off
2263 1314 2363 1362 Esk
2388 1315 2481 1361 and

537 1406 643 1469 Tay
680 1434 690 1443 ·

343 1561 510 1609 XLII.
544 1528 698 1610 Hec
739 1561 983 1626 inquisitio
1023 1561 1155 1608 facta
1193 1560 1284 1608 fuit
1319 1560 1446 1623 apud
1484 1559 1691 1607 Brechin
1727 1560 1952 1608 vicesima
1992 1560 2145 1623 prima
2186 1560 2262 1608 die
2308 1562 2481 1609 mensis

535 1653 568 1699 J
573 1651 656 1700 ulii
680 1667 804 1699 anno
829 1650 1024 1698 Domini
1059 1649 1309 1698 millesimo
1346 1648 1810 1712 quadringentesimo
1834 1649 2222 1712 quinquagesimo
2261 1678 2270 1687 ·
2309 1650 2479 1697 Coram

534 1742 569 1788 J
573 1742 757 1789 ohanne
780 1741 839 1788 de
864 1739 1032 1802 Ogilvy
1068 1739 1126 1786 de
1164 1738 1465 1801 Luntrethyn
1490 1736 1642 1786 milite
1667 1737 1947 1786 vicecomite
1972 1739 2202 1802 deputato
2228 1740 2286 1787 de
2313 1740 2483 1787 Forfar

537 1847 621 1893 per
661 1830 825 1878 literas
867 1829 1045 1891 Regias
1085 1828 1135 1875 in.
1175 1828 1265 1875 hac
1304 1831 1442 1890 parte
1483 1841 1568 1890 per
1608 1827 1744 1876 istos⁴
1768 1827 2060 1891 subscriptos
2094 1833 2142 1876 et
2179 1829 2359 1877 iuratos
2398 1831 2481 1876 viz.

540 1918 810 1967 Walterum
847 1918 1101 1981 Lyndesay
1136 1917 1195 1964 de
1233 1915 1631 1979 Kynblathmont,
1671 1915 1941 1964 walterum
1979 1918 2037 1964 de
2074 1917 2227 1980 Ogilvi
2265 1921 2323 1966 de
2361 1918 2484 1966 Bev-

442 2072 446 2076 ,
537 2009 687 2063 fourd,
728 2006 1023 2055 Willelmum
1067 2007 1125 2053 de
1164 2004 1486 2069 Ochterlovny
1525 2005 1583 2052 de
1624 2004 1784 2069 Kelly,
1822 2005 2108 2069 Magistrum
2158 2006 2484 2055 Alexandrum

537 2099 595 2144 de
621 2097 806 2145 Guthre
843 2097 902 2143 de
941 2094 1281 2159 Kyncaldrum,
1308 2094 1466 2142 David
1503 2093 1765 2158 Dempstar
1801 2096 1859 2142 de
1896 2095 2277 2151 Cavraldistoun‚
2302 2097 2483 2144 Thema

539 2187 727 2234 Fenton
763 2186 822 2233 de
861 2184 985 2248 Ogil,
1023 2183 1319 2232 Willelmum
1358 2186 1416 2232 de
1454 2183 1714 2233 Folertoun
1751 2185 1810 2232 de
1848 2184 2077 2242 Abrwen,
2117 2187 2384 2235 Robertum
2425 2189 2483 2235 de

540 2274 812 2329 Folertoun,
848 2274 1119 2322 Johannem
1159 2274 1217 2320 de
1259 2273 1484 2336 Kernegy
1524 2274 1582 2321 de
1622 2274 1803 2330 eodem,
1829 2273 2115 2322 ·Walterum
2157 2276 2216 2323 de
2260 2276 2485 2338 Kernegy

536 2365 732 2412 fratrem
779 2364 894 2418 eius,
939 2364 974 2409 J
978 2363 1212 2411 ohannem
1260 2364 1318 2411 de
1370 2362 1653 2419 Cravmond‚
1679 2363 1864 2412 “Dauid
1913 2363 2245 2413 Walterstoun
2298 2366 2355 2412 de
2407 2382 2485 2413 eo-

538 2455 660 2508 dem,
700 2452 995 2500 Willelmum
1035 2452 1207 2515 Sumyr
1242 2452 1301 2499 de
1338 2450 1587 2514 Balzordy,
1626 2451 1789 2499 Dauid
1829 2453 2049 2499 Anande·
2071 2453 2129 2500 de
2170 2454 2482 2516 Kynquhvry,

541 2542 708 2589 Dauid
734 2541 938 2588 Moncur
974 2541 1033 2587 de
1072 2540 1230 2603 Knap,
1268 2539 1506 2587 Jacobum
1533 2539 1675 2602 Rynd
1718 2540 1778 2586 de
1818 2539 2116 2594 Broxmwth,
2142 2541 2397 2603 Georgium
2422 2543 2481 2588 (16

541 2630 878 2692 Strathachyn‚
898 2629 1060 2676 Dauid
1085 2629 1407 2691 Fothryngam
1432 2628 1490 2675 de
1516 2628 1685 2690 Povry,
1716 2628 1750 2674 J
1752 2628 1985 2676 ohannem
2011 2629 2069 2675 de
2097 2629 2397 2691 Karyncorss
2421 2632 2479 2677 de

543 2718 936 2773 Balmachenoth,·
973 2717 1234 2764 Henricum
1272 2717 1331 2764 de
1369 2717 1528 2779 Fethy
1564 2717 1624 2764 de
1661 2716 1890 2772 Balesok,>
1913 2717 2172 2765 Patricium
2198 2719 2394 2782 Gardyn
2420 2721 2478 2767 de

540 2810 721 2863 eodem,
745 2808 778 2854 J
781 2807 981 2855 acobum
1018 2806 1076 2853 de
1113 2805 1280 2868 Ogilv)⁷
1305 2805 1511 2853 ‘fratrem
1540 2805 1717 2853 domini
1738 2806 1774 2852 J
1777 2802 1976 2854 ohannis
2001 2805 2170 2870 Ogilvy
2195 2808 2253 2855 de
2280 2808 2482 2857 Luntre-

541 2899 674 2962 thyn,
701 2895 995 2944 Willelmum
1032 2896 1090 2942 de
1126 2894 1314 2943 Fenton
1350 2893 1408 2941 de
1445 2894 1865 2956 CardaynsDauid
1907 2895 2147 2951 Forestar,
2183 2899 2234 2944 et
2270 2896 2480 2945 Alexan-

541 2990 678 3035 drum
717 2985 841 3034 Liell
877 2984 1127 3033 scutiferos
1164 3011 1174 3020 ·
1212 2983 1305 3037 Qui
1336 2982 1502 3044 jurati<
1523 2982 1689 3030 dicunt
1717 2984 1853 3046 *quod
1881 2984 2024 3033 ‘ciues
2064 2987 2114 3032 et
2156 2984 2479 3036 inhabitantes

541 3077 789 3124 ciuitatem
815 3072 1184 3121 Brechinensem
1208 3071 1473 3119 habuerunt
1489 3103 1492 3108 -
1510 3070 1762 3119 retroactis
1795 3072 2091 3135 temporibus
2125 3077 2175 3121 et
2199 3074 2364 3122 vadhuc
2399 3077 2482 3124 ha.-

543 3167 657 3213 bent
674 3163 897 3211 *liberum
937 3162 1090 3210 forum
1132 3159 1554 3208 omnibus-*diebus
1595 3158 1843 3208 dominicis
1882 3159 1932 3207 in
1966 3159 2102 3208 dicta·
2130 3161 2329 3210 ciuitate
2351 3165 2482 3213 'Bre-

539 3252 756 3303 chinensi
780 3252 839 3299 de
863 3250 1082 3300 omnibus
1105 3252 1155 3297 et
1177 3249 1373 3312 singulis
1396 3248 1607 3298 emendis
1630 3253 1679 3297 et
1703 3249 1961 3298 vendendis
1978 3261 2087 3298 cum
2109 3250 2259 3300 libero
2283 3252 2480 3302 introitu

545 3347 596 3391 et
638 3341 791 3389 exitu·
813 3340 1045 3388 dictorum
1085 3337 1495 3393 mercimoniorum
1517 3341 1813 3401 'emptorum'
1842 3341 1892 3386 et
1931 3333 2227 3387 venditorum
2269 3339 2316 3387 in
2353 3342 2482 3391 dicta
