3016 3958
348 1101 511 1149 LVII.

536 648 646 700 104
1117 647 1406 702 OARTAE
1450 647 1948 704 ORIGINALES.

538 925 830 973 Protestatio
863 925 1076 988 Magistri
1100 926 1133 972 J
1138 925 1336 972 ohannis
1362 926 1465 972 Lok
1505 953 1514 962 ·

546 1069 628 1151 In
669 1103 763 1151 Dei
803 1104 991 1151 nomine
1043 1132 1053 1141 ·
1106 1131 1115 1140 ·
1170 1131 1178 1140 ·
1229 1106 1394 1166 pateat
1432 1102 1679 1150 euidenter
1718 1103 1843 1166 quod
1884 1119 2007 1150 anno
2047 1104 2108 1151 ab
2150 1104 2473 1153 incarnatione

539 1191 738 1240 Domini
784 1191 1033 1241 millesimo
1081 1191 1542 1255 quadringentesimo
1589 1192 1883 1253 sexagesimo
1929 1197 2098 1256 quarto
2144 1193 2318 1242 mensis
2362 1209 2474 1241 vero

539 1280 760 1329 Octobris
795 1281 871 1328 die
906 1281 1127 1328 vicesimo
1162 1280 1307 1328 tertio
1352 1307 1359 1315 =
1399 1279 1667 1327 Indictione
1703 1281 1887 1328 decima
1921 1281 2066 1329 tertia
2109 1310 2119 1319 ·
2164 1282 2476 1330 Pontificatus

537 1404 548 1414 .
588 1398 597 1406 ·
637 1398 646 1407 ·
685 1370 759 1416 Pii
797 1398 806 1407 ·
847 1398 856 1407 -
895 1370 1073 1433 ‘'Pape
1100 1368 1292 1417 secundi
1319 1368 1399 1431 qui
1421 1372 1537 1416 tunc
1572 1373 1626 1416 ut
1662 1370 1896 1417 communi
1921 1369 2150 1418 relatione
2174 1371 2222 1418 in
2245 1375 2350 1419 toto
2373 1387 2476 1433 reg-

535 1474 596 1505 no
621 1458 782 1506 Scotie
805 1458 896 1506 fuit
919 1456 1158 1520 vulgatum
1193 1457 1397 1504 feliciter
1434 1456 1557 1504 diem
1596 1457 1766 1506 clausit
1790 1462 2053 1506 extremum
2077 1475 2201 1508 anno
2224 1460 2425 1523 septimo
2462 1487 2474 1496 ·

535 1547 594 1593 In
630 1546 722 1594 mei
757 1546 931 1594 notarii
969 1574 979 1583 -
1019 1574 1028 1583 ·
1069 1574 1078 1582 ·
1114 1545 1355 1608 presentia
1388 1544 1700 1608 personaliter
1734 1547 2023 1596 constitutus
2058 1547 2357 1596 Venerabilis
2403 1548 2475 1595 vir

536 1635 768 1698 Magister
789 1634 1037 1682 Johannes
1076 1634 1181 1681 Lok
1218 1634 1267 1680 in
1305 1632 1547 1695 theologia
1581 1638 1630 1682 et
1663 1634 1848 1682 artibus
1875 1635 2099 1697 magister
2133 1639 2183 1683 et
2218 1640 2377 1684 rector
2400 1651 2476 1683 ec-

534 1724 676 1773 clesie
699 1722 986 1787 parochialis
1011 1724 1069 1770 de
1094 1723 1371 1785 Fynnewyn
1398 1722 1733 1771 Brechiuensis
1749 1723 1966 1771 dioecesis
1985 1725 2235 1787 quamdam
2261 1724 2474 1772 cedulam

533 1813 763 1876 papiriam
781 1813 980 1860 formam
1004 1810 1337 1875 appellationis
1359 1811 1408 1857 in
1431 1827 1482 1859 se
1506 1811 1827 1859 continentem
1846 1811 1988 1859 michi
2013 1812 2212 1859 tradidit
2235 1812 2476 1875 perlegen-

536 1903 641 1948 dam
669 1901 947 1964 copiandam
973 1904 1021 1948 et
1058 1900 1105 1947 in
1140 1899 1376 1963 publicam
1401 1900 1598 1947 formam
1634 1900 1934 1962 redigendam
1973 1936 1983 1945 .
2021 1899 2166 1949 Cuius
2189 1905 2328 1948 tenor
2364 1929 2374 1938 ·
2413 1929 2424 1939 -
2463 1929 2474 1938 ·

537 1994 610 2037 est
645 1988 758 2037 talis
796 2017 805 2027 ·
843 1989 962 2036 Cum
998 1987 1331 2051 appellationis
1358 1988 1636 2036 Remedium
1670 1988 1729 2036 ab
1754 1991 1954 2051 utroque
1983 1989 2090 2049 jure
2126 1988 2378 2036 salubriter
2412 1989 2475 2037 sit

538 2078 857 2125 introductum
883 2081 932 2124 vt
957 2077 1129 2123 nedum
1160 2075 1273 2124 lesis
1307 2080 1356 2123 et
1393 2076 1628 2139 oppressis
1669 2091 1827 2123 verum
1869 2077 2014 2123 etiam
2054 2075 2148 2123 ledi
2191 2080 2239 2124 et
2275 2078 2475 2140 opprimi

537 2165 867 2214 veresimiliter
889 2181 939 2213 se
962 2164 1240 2212 timentibus
1263 2164 1312 2211 in
1333 2163 1504 2211 futuris
1542 2163 1700 2211 debite
1735 2168 2013 2212 succuratur
2050 2192 2060 2201 ·
2098 2164 2227 2212 Hinc
2251 2169 2324 2213 est
2347 2166 2475 2228 quod

540 2270 626 2317 ego
671 2254 897 2316 magister
934 2253 968 2299 J
973 2253 1181 2301 ohannes
1228 2253 1333 2300 Lok
1378 2252 1620 2315 predictus
1666 2252 1876 2300 sentiens
1921 2251 2167 2301 ecclesiam
2216 2269 2368 2300 meam
2416 2254 2475 2300 de

542 2344 817 2405 Fynnewyn
843 2341 1176 2389 Brechiuensis
1210 2340 1425 2389 dioecesis
1459 2345 1507 2388 et
1543 2355 1617 2387 me
1651 2339 1777 2388 lesos
1810 2356 1895 2403 per
1921 2356 2001 2388 vos
2035 2340 2327 2389 venerabiles
2351 2341 2476 2390 viros

545 2431 825 2493 Mag1strum
853 2430 1082 2477 Thomam
1106 2430 1164 2476 de
1190 2428 1492 2491 Lydderdayl
1516 2429 1757 2476 doctorem
1782 2429 1831 2475 in
1856 2429 2077 2476 Decretis
2100 2429 2346 2477 officialem
2370 2446 2477 2493 pro-

542 2519 792 2566 uincialem
818 2518 1158 2566 Sanctiandree
1195 2521 1244 2565 et
1280 2514 1314 2563 J
1319 2517 1550 2563 ohannem
1588 2515 1820 2563 Willelmi
1844 2515 1892 2563 in
1918 2516 2100 2564 artibus
2125 2517 2399 2579 magistrum
2426 2523 2475 2566 et

544 2608 788 2656 officialem
825 2605 1164 2670 prouincialem
1199 2605 1564 2653 Brechiuensem
1591 2620 1652 2652 ex
1685 2608 1735 2652 et
1769 2620 1855 2667 pro
1879 2620 1936 2652 eo
1961 2606 2086 2668 quod
2108 2605 2290 2654 fecistis
2313 2622 2387 2653 me
2412 2607 2478 2654 ci-

543 2697 637 2745 tari
661 2697 721 2743 ad
745 2695 1112 2758 comparendum
1136 2709 1295 2741 coram
1320 2693 1452 2741 vobis
1475 2693 1600 2755 apud
1624 2692 1669 2740 le
1695 2693 1959 2740 Parkfurde
1979 2693 2102 2741 infra
2119 2695 2391 2756 parochiam
2415 2696 2475 2743 de

546 2786 820 2847 Fynnewyn
856 2783 1014 2846 vigore
1051 2782 1294 2830 cuiusdam
1335 2785 1554 2844 suspecte
1589 2785 1639 2829 et
1674 2781 1947 2844 surreptitie
1983 2782 2325 2831 commissionis
2347 2799 2476 2831 men·

546 2873 727 2920 daciter
749 2872 1001 2935 impetrate
1025 2887 1055 2918 a
1080 2869 1375 2917 Reuerendis
1397 2869 1446 2916 in
1471 2869 1540 2915 Χ0
1570 2870 1785 2932 patribus
1814 2870 1849 2916 J
1851 2870 2001 2917 acobo
2025 2874 2074 2918 et
2099 2870 2308 2918 Patricio
2333 2870 2476 2935 Epis-

546 2961 676 3024 copis
701 2959 1040 3008 Sanctiandree
1077 2962 1127 3006 et
1166 2957 1474 3005 Brechiuensi
1511 2973 1596 3020 per
1631 2957 1945 3005 venerabilem
1983 2962 2032 3005 et
2069 2957 2299 3006 illustrem
2323 2959 2472 3007 virum

548 3049 832 3110 Magistrum
858 3046 1127 3094 Walterum
1147 3047 1355 3094 Stewart
1372 3045 1754 3093 archidiaconum
1773 3046 2114 3094 Sanctiandree
2138 3048 2198 3094 ad
2222 3047 2473 3095 videndum

546 3142 594 3184 et
618 3135 899 3183 audiendum
926 3135 1275 3198 inquisitionem
1300 3135 1400 3182 fieri
1436 3135 1494 3182 de
1529 3133 1819 3197 possessorio
1845 3135 1953 3196 jure
1987 3135 2236 3197 garbarum
2273 3137 2476 3183 decimaf

545 3224 659 3271 lium
686 3223 1030 3270 deParkfurde
1054 3223 1318 3271 indubitate
1342 3223 1679 3285 pertinentium
1715 3223 1776 3270 ad
1811 3222 2057 3270 ecclesiam
2083 3223 2142 3270 de
2168 3223 2472 3286 Fynnewyng

547 3328 653 3359 cum
688 3315 848 3359 tamen
886 3327 977 3357 non
1012 3311 1102 3360 fuit
1138 3311 1434 3359 commissum
1473 3311 1519 3358 in
1554 3314 1738 3358 asserta
1782 3315 1940 3359 vestra
1979 3311 2304 3360 commissione
2352 3313 2473 3362 sicut
