3016 3958
488 652 598 707 264
986 646 1299 704 CARTAE
1350 644 1454 699 DE
1493 640 1895 698 ECCLESIIS

492 828 638 872 abbati
658 831 703 871 et
724 827 954 871 conuentui
975 830 1020 869 et
1039 840 1187 869 eorum
1206 823 1471 867 monasterio
1491 822 1661 878 integre
1681 820 1914 863 restituere
1945 818 2162 875 predictas
2192 820 2354 861 terram
2383 820 2429 859 et

493 908 681 951 decimas
713 923 809 950 cum
841 907 1052 949 fructibus
1085 905 1183 947 inde
1215 903 1432 961 perceptis
1466 916 1493 944 a
1524 905 1720 957 tempore
1753 890 2080 956 compositionis
2116 901 2218 940 ante
2259 911 2428 940 omnem

496 988 739 1045 ingressum
773 987 879 1038 litis,
913 999 1055 1028 coram
1091 997 1343 1040 quocunque
1378 982 1518 1024 iudice
1547 980 1618 1023 vel
1650 980 1979 1036 quibuscunque
2010 977 2236 1028 iudicibus,
2266 980 2315 1019 vt
2343 977 2430 1019 iam

497 1067 658 1110 dictum
687 1069 756 1109 est
785 1097 795 1109 .
823 1066 882 1108 Et
910 1069 959 1107 vt
987 1064 1074 1106 ista
1103 1063 1223 1119 pacis
1252 1060 1509 1104 reformacio
1539 1059 1762 1116 perpetuis
1792 1058 2062 1115 temporibus
2083 1059 2216 1100 robur
2237 1056 2435 1113 optineat

498 1146 717 1189 firmitatis
734 1161 745 1195 ;
776 1145 874 1187 huic
905 1144 1064 1200 scripto
1096 1142 1241 1199 sigilla
1269 1144 1421 1184 nostra
1450 1140 1631 1182 fecimus
1662 1138 1836 1196 apponi,
1867 1142 1913 1181 et
1941 1139 2121 1195 insuper
2141 1138 2195 1180 ad
2226 1137 2434 1179 maiorem

503 1225 775 1268 securitatem
796 1238 943 1267 omnes
965 1222 1297 1278 subscripsimus
1329 1253 1338 1263 .
1370 1220 1530 1263 Actum
1561 1234 1676 1262 anno
1709 1219 1865 1276 gratie,
1887 1219 2120 1261 millesimo
2141 1217 2437 1260 ducentesimo

505 1303 831 1361 quadragesimo
855 1306 1020 1352 octauo,
1041 1316 1188 1344 mense
1212 1300 1493 1357 Septembris,
1516 1305 1575 1342 x0·
1597 1299 1807 1343 kalendas
1830 1299 2032 1343 Octobris
2063 1332 2073 1342 .

509 1477 735 1521 Ordinacio
755 1476 903 1520 Albini
923 1476 1111 1534 episcopi
1132 1475 1450 1532 Brechynensis
1472 1488 1603 1532 super
1623 1474 1795 1518 vicariis
1817 1474 1930 1518 dicte
1951 1474 2135 1517 diocesis
2170 1504 2180 1515 .

279 1621 483 1664 CCXIII.
509 1611 730 1667 Omnibus
768 1624 849 1667 hoc
889 1624 1095 1679 scriptum
1129 1622 1290 1665 visuris
1321 1621 1391 1665 vel
1426 1621 1654 1672 audituris,
1691 1621 1878 1664 Albinus
1914 1621 1997 1663 Dei
2032 1620 2177 1678 gratia
2212 1620 2441 1677 episcopus

510 1703 824 1759 Brechynensis
854 1706 1045 1745 eternam
1074 1703 1120 1744 in
1150 1701 1338 1745 Domino
1381 1702 1566 1745 salutem
1597 1734 1606 1745 .
1641 1701 1750 1744 Cum
1783 1716 1837 1743 ex
1873 1701 2001 1744 officii
2035 1701 2174 1744 nostri
2208 1701 2354 1744 debito
2387 1700 2443 1743 ad

509 1782 643 1825 diuini
663 1782 805 1825 cultus
825 1785 1104 1839 augmentum
1125 1784 1353 1825 teneamur
1381 1781 1488 1824 totis
1507 1782 1674 1824 viribus
1704 1782 1914 1838 aspirare,
1938 1784 1983 1824 et
2011 1781 2109 1838 paci
2130 1784 2176 1823 et
2198 1780 2446 1836 tranquilli-

508 1861 589 1904 tati
617 1861 917 1918 religiosorum
952 1861 1208 1918 prouidere;
1240 1864 1289 1904 vt
1319 1875 1347 1903 a
1382 1861 1498 1904 curis
1529 1864 1573 1904 et
1601 1861 1863 1904 tumultibus
1902 1861 2171 1904 secularibus
2207 1860 2442 1917 segregati,

506 1941 682 1984 liberius
702 1944 857 1984 uacent
878 1941 1264 1998 contemplacioni;
1296 1941 1486 1984 Nouerit
1514 1941 1780 1984 vniuersitas
1808 1944 1957 1984 vestra
1985 1955 2067 1983 nos
2096 1942 2209 1983 bone
2239 1941 2444 1983 memorie

506 2021 855 2076 predecessorum
895 2025 1142 2063 nostrorum
1184 2021 1367 2077 Turpini
1407 2021 1627 2078 Radulphi
1668 2021 1875 2078 Hugonis
1916 2025 1961 2064 et
2003 2021 2204 2078 Gregorii
2244 2021 2446 2077 uestigiis

507 2101 753 2144 inherentes
787 2101 839 2142 de
875 2101 1087 2143 communi
1125 2114 1338 2143 consensu
1374 2103 1419 2143 et
1453 2114 1637 2143 assensu
1673 2100 1853 2157 capituli
1889 2101 2029 2143 nostri
2064 2104 2185 2144 ratas
2218 2105 2264 2144 et
2294 2104 2446 2158 gratas

510 2180 668 2222 habere
698 2183 742 2222 et
769 2180 850 2222 hac
871 2183 993 2222 carta
1013 2183 1165 2223 nostra
1194 2180 1449 2223 confirmare
1479 2180 1740 2223 donaciones
1770 2184 1816 2223 et
1845 2181 2145 2223 concessiones
2167 2181 2445 2224 ecclesiarum

509 2259 708 2302 videlicet
736 2259 788 2301 de
817 2259 1134 2315 Kyngoldrum,
1165 2259 1217 2302 de
1249 2259 1469 2316 Monieky‚
1500 2260 1553 2302 de
1584 2261 1800 2317 Panbryd,
1821 2261 1873 2302 de
1905 2260 2212 2318 Dunnechtyn,
2235 2262 2287 2303 de
2309 2262 2447 2303 Mari-

510 2341 625 2388 tona,
646 2339 698 2380 de
719 2338 948 2395 Katerlyn‚
970 2353 997 2381 a
1017 2339 1396 2395 predecessoribus
1416 2340 1579 2382 nostris
1599 2339 1740 2383 factas
1761 2339 1855 2382 Deo
1884 2344 1928 2382 et
1957 2340 2221 2383 monasterio
2243 2341 2295 2383 de
2317 2341 2446 2384 Abir-

510 2418 686 2460 brothoc
709 2422 753 2461 et
772 2418 992 2461 monachis
1015 2418 1174 2461 ibidem
1197 2417 1291 2461 Deo
1314 2419 1603 2462 seruientibus
1624 2423 1669 2462 et
1697 2420 1938 2471 seruituris,
1961 2420 2007 2462 in
2027 2421 2208 2463 liberam
2228 2435 2382 2478 puram
2404 2425 2449 2464 et

509 2501 759 2554 perpetuam
780 2498 1072 2549 elemosinam,
1096 2512 1193 2540 cum
1213 2498 1344 2541 terris
1364 2498 1556 2550 decimis,
1580 2502 1625 2542 et
1645 2499 1984 2542 obuencionibus
2004 2501 2224 2543 uniuersis
2245 2504 2290 2544 et
2310 2501 2447 2544 omni-

510 2578 591 2620 bus
610 2577 708 2620 aliis
727 2577 1003 2633 pertinenciis
1026 2577 1132 2628 suis,
1156 2578 1220 2620 ita
1241 2581 1289 2620 vt
1307 2578 1600 2634 predictarum
1621 2578 1901 2621 ecclesiarum
1925 2579 2122 2623 redditus
2143 2583 2188 2623 et
2207 2584 2446 2637 prouentus

512 2657 736 2700 uniuersos
755 2658 800 2699 in
820 2671 924 2700 vsus
943 2657 1141 2713 proprios
1162 2657 1217 2699 ad
1238 2671 1386 2700 eorum
1404 2658 1770 2701 sustentacionem
1792 2662 2051 2702 conuertant
2070 2660 2112 2702 in
2143 2663 2401 2716 perpetuum
2437 2693 2446 2702 .

515 2736 654 2791 Quare
674 2736 872 2779 volumus
902 2742 950 2779 vt
978 2737 1206 2779 memorati
1236 2737 1436 2780 monachi
1465 2737 1605 2780 dictas
1636 2738 1855 2790 ecclesias,
1890 2753 1988 2781 cum
2017 2740 2163 2790 terris,
2194 2740 2371 2782 decimis
2402 2744 2447 2782 et

513 2816 726 2858 vniuersis
761 2817 1093 2859 obuencionibus
1123 2820 1169 2859 et
1198 2817 1397 2859 omnibus
1427 2817 1526 2859 aliis
1552 2817 1832 2873 pertinenciis
1863 2818 1955 2861 suis
1985 2819 2176 2861 habeant
2200 2822 2380 2861 teneant
2400 2822 2445 2861 et

515 2895 778 2950 possideant,
810 2896 916 2938 adeo
946 2895 1079 2938 libere
1110 2895 1254 2951 quiete
1284 2895 1478 2952 plenarie
1509 2900 1555 2939 et
1582 2898 1818 2940 honorifice
1850 2898 1963 2940 sicut
1992 2898 2127 2953 aliqui
2150 2898 2231 2940 viri
2252 2897 2447 2954 religiosi

516 2975 562 3016 in
574 2978 666 3017 toto
686 2988 819 3030 regno
843 2974 983 3017 Scotie
1004 2974 1173 3031 aliquas
1193 2975 1399 3018 ecclesias
1418 2975 1598 3017 liberius
1614 2976 1807 3031 quiecius
1826 2976 1998 3032 plenius
2021 2980 2066 3019 et
2085 2977 2446 3020 honorificencius

516 3056 667 3097 tenent
686 3057 730 3096 et
748 3054 981 3109 possident,
1004 3054 1136 3097 saluis
1157 3055 1282 3097 nobis
1303 3058 1348 3097 et
1368 3056 1689 3097 successoribus
1709 3056 1873 3097 nostris
1898 3055 2228 3111 episcopalibus,
2254 3059 2299 3099 et
2319 3057 2444 3099 salua

516 3134 700 3175 honesta
733 3135 778 3175 et
811 3134 1068 3189 competenti
1101 3135 1421 3177 sustentacione
1457 3134 1716 3176 vicariorum
1748 3134 1823 3189 qui
1855 3149 1934 3190 pro
1970 3138 2164 3190 tempore
2200 3136 2363 3179 fuerint
2398 3137 2444 3179 in

517 3212 643 3255 dictis
675 3211 866 3255 ecclesiis
896 3213 1205 3265 ministrantes,
1239 3202 1371 3271 prout
1401 3214 1584 3255 inferius
1616 3214 1864 3269 expressius
1899 3214 2145 3257 declaratur
2180 3247 2189 3257 .
2218 3216 2278 3259 Et
2312 3217 2446 3260 liceat

519 3291 697 3348 prefatis
730 3290 951 3333 monacbis
985 3305 1191 3347 personas
1224 3293 1415 3349 ydoneas
1454 3291 1510 3334 ad
1549 3291 1763 3335 dictarum
1802 3292 2080 3336 ecclesiarum
2120 3294 2306 3338 vicarias
2344 3310 2444 3339 cum
