3016 3958
0 445 18 570 ξ

0 576 17 692 ξ,

0 698 29 802 Ξ

0 885 14 958 ξ

0 1074 12 1243 ἓ

0 1260 10 1332 &⁵

0 1342 10 1369 ¹«

1090 623 1383 679 CARTAE
1430 623 1931 680 ORIGINALES.
2410 630 2517 683 149

558 899 934 950 Instrumentum
961 904 1134 952 saisine
1160 904 1207 951 in
1233 906 1440 953 favorem
1469 906 1666 953 Hem-ici
1693 905 1977 953 Stevinsoun
2004 910 2052 953 et
2078 906 2180 954 eius
2204 921 2376 970 sponse
2413 935 2422 944 ·

198 1085 524 1136 LXXXVII,
563 1046 642 1128 In
670 1081 763 1129 Dei
789 1083 977 1129 nomine
1005 1084 1157 1130 Amen
1198 1111 1207 1120 ·
1248 1111 1257 1119 ·
1298 1111 1306 1119 -
1344 1087 1511 1145 pateat
1548 1083 1795 1130 euidenter
1833 1111 1842 1120 ·
1883 1111 1892 1120 ·
1935 1111 1944 1120 -
1983 1085 2107 1147 quod
2133 1100 2258 1132 anno
2284 1085 2511 1133 Incarna·

552 1171 697 1220 tionis
736 1171 987 1220 Dominice
1025 1171 1276 1220 millesimo
1313 1172 1691 1235 quingentesimo
1727 1174 1895 1236 quinto
1931 1173 2108 1221 mensis
2131 1189 2246 1221 uero
2269 1174 2300 1219 J
2310 1174 2406 1221 unii
2432 1176 2507 1222 die

553 1265 722 1324 quarto
761 1289 771 1298 ·
814 1290 823 1298 -
866 1289 875 1298 ·
911 1260 1227 1324 personaliter
1272 1262 1566 1310 constitutus
1613 1262 1850 1310 discretus
1892 1262 1964 1309 vir
2006 1262 2242 1311 Ricardus
2285 1263 2509 1326 Turynng

551 1352 671 1400 ciuis
695 1351 922 1402 Ciuitatis
955 1351 1291 1399 Brechinensis
1329 1378 1339 1388 ·
1379 1378 1388 1387 ·
1429 1378 1436 1388 ·
1476 1367 1616 1398 unam
1641 1351 1819 1414 petiam
1843 1355 1972 1399 terre
1990 1352 2233 1414 jacentem
2271 1369 2332 1400 ex
2368 1358 2504 1416 parte

549 1440 832 1489 occidentali
867 1440 993 1488 dicte
1020 1440 1248 1488 Ciuitatis
1286 1440 1412 1487 inter
1449 1444 1604 1488 terras
1643 1439 1816 1488 nobilis
1853 1441 2041 1488 domine
2080 1441 2353 1505 Margarete
2391 1443 2506 1490 Car-

546 1530 732 1594 mychel
757 1530 942 1578 ducisse
971 1530 1153 1577 Montis
1181 1529 1419 1577 Rosarum
1457 1530 1517 1576 ad
1554 1530 1852 1578 occidentem
1888 1533 2044 1578 terras
2075 1531 2192 1579 dicti
2219 1532 2417 1579 Ricardi
2441 1535 2501 1581 ad

545 1622 736 1668 boream
760 1623 915 1668 terras
938 1619 972 1665 J
977 1619 1176 1666 ohannis
1201 1618 1383 1666 Tendel
1407 1619 1468 1665 ad
1494 1619 1724 1666 orientem
1751 1623 1800 1666 et
1825 1619 1949 1667 viam
1978 1619 2178 1668 ecclesie
2202 1622 2262 1668 ad
2287 1626 2500 1670 austrum

544 1727 649 1758 cum
674 1710 976 1774 pertinentiis
999 1710 1047 1756 in
1072 1709 1290 1757 manibus
1313 1707 1603 1757 honorabilis
1627 1708 1713 1756 viri
1739 1709 1971 1773 Stephani
2006 1711 2211 1757 Annand
2237 1711 2375 1759 unius
2399 1712 2499 1759 bal-

542 1801 743 1848 liuorum
771 1800 898 1848 dicte
924 1799 1150 1848 Ciuitatis
1178 1799 1515 1847 Brechinensis
1537 1815 1623 1862 per
1654 1799 1827 1847 fustem
1860 1803 1909 1846 et
1945 1798 2163 1847 baculum
2202 1800 2249 1846 in
2284 1800 2497 1848 fauorem

542 1890 728 1955 prouidi
763 1889 850 1936 viri
888 1889 1087 1936 Henrici
1125 1889 1411 1937 Stevinsoun
1437 1888 1557 1936 ciuis
1582 1888 1710 1935 dicte
1736 1889 1961 1937 Ciuitatis
1992 1893 2041 1936 et
2079 1890 2353 1952 Margarete
2380 1891 2498 1937 Ber-

542 1980 648 2028 cula
687 1980 791 2028 eius
828 1995 998 2043 sponse
1037 1995 1219 2027 sursum
1259 1978 1467 2026 reddidit
1509 1994 1718 2041 pureque
1761 1978 2041 2041 simpliciter
2086 1979 2344 2042 resignauit
2384 2008 2394 2017 ·
2433 2008 2442 2017 ·
2483 2008 2493 2018 ν

542 2071 854 2119 Reseruando
880 2070 1009 2117 dicto
1037 2068 1244 2116 Ricardo
1279 2071 1328 2115 et
1367 2067 1536 2130 Egidie
1564 2068 1680 2115 Rait
1704 2067 1806 2115 eius
1829 2083 1999 2131 sponse
2036 2072 2084 2115 et
2123 2085 2284 2116 eorum
2309 2070 2494 2116 heredi-

540 2162 628 2209 bus
669 2176 810 2208 unum
857 2175 1063 2207 annuum
1106 2145 1342 2205 redditum
1386 2157 1551 2219 viginti
1593 2155 1849 2204 solidorum
1899 2157 2076 2206 usualis
2122 2162 2312 2206 monete
2360 2160 2490 2221 regni

541 2250 702 2299 Scotie
728 2248 1025 2313 Quaquidem
1051 2247 1368 2310 resignatione
1393 2246 1462 2294 sic
1485 2247 1615 2294 facta
1649 2274 1659 2284 ·
1696 2275 1706 2284 ·
1743 2254 1752 2284 ὲ
1786 2247 1912 2294 idem
1945 2246 2149 2295 balliuus
2172 2248 2349 2295 virtute
2384 2276 2394 2286 ·
2432 2277 2441 2286 ·

538 2341 611 2389 sui
649 2339 790 2388 officii
827 2338 1084 2386 balliuatus
1122 2365 1131 2373 ·
1172 2365 1181 2374 ·
1222 2365 1231 2373 -
1268 2336 1491 2384 saisinam
1524 2339 1573 2383 et
1612 2336 1956 2398 possessionem
1996 2337 2332 2384 hereditariam
2358 2338 2485 2385 dicte

538 2429 665 2493 petie
689 2433 816 2476 terre
841 2443 946 2475 cum
972 2426 1272 2490 pertinentiis
1297 2425 1428 2472 dicto
1458 2424 1670 2472 Henrico
1706 2429 1755 2472 et
1795 2426 2068 2488 Margarete
2104 2426 2206 2474 eius
2240 2442 2412 2489 sponse
2438 2428 2485 2474 in

536 2520 789 2568 coniuncta
835 2515 1155 2564 infeodatione
1206 2514 1509 2577 presentibus
1556 2518 1605 2560 et
1653 2515 2016 2577 acceptantibus
2055 2543 2064 2552 ·
2104 2543 2113 2551 ·
2155 2543 2164 2551 -
2202 2514 2484 2564 deliberauit

538 2638 547 2647 ·
587 2637 598 2647 ·
638 2638 646 2646 -
686 2608 752 2655 Et
794 2608 842 2654 in
883 2585 1064 2668 signum
1107 2603 1296 2663 realis·
1337 2631 1346 2641 ·
1387 2631 1396 2640 ·
1433 2603 1743 2666 possessionis
1783 2619 1869 2666 per
1913 2604 2091 2651 dictum
2142 2603 2366 2650 balliuum
2415 2606 2483 2652 sic

534 2699 711 2747 tradite
750 2697 928 2743 dictum
969 2693 1227 2741 Henricum
1268 2697 1316 2740 et
1357 2692 1678 2754 Margaretam
1719 2692 1820 2740 eius
1856 2708 2075 2756 sponsam
2114 2694 2236 2740 infra
2259 2694 2481 2757 antiquos

534 2803 694 2836 muros
734 2788 1034 2834 remanentes
1074 2782 1202 2832 solos
1243 2780 1435 2829 inclusit
1478 2785 1527 2828 et
1575 2781 1622 2827 in
1670 2797 1787 2843 pace
1836 2781 2015 2830 dimisit
2053 2810 2063 2819 ·
2106 2811 2114 2819 ·
2156 2810 2165 2819 ·
2202 2782 2333 2831 Acta
2371 2811 2380 2820 ·
2421 2812 2430 2820 ·
2471 2813 2479 2821 -

535 2895 675 2942 super
710 2877 855 2924 fundo
894 2874 1020 2922 dicte
1058 2872 1186 2936 petie
1223 2876 1350 2919 terre
1389 2871 1506 2917 hora
1544 2869 1727 2917 decima
1764 2875 1848 2917 aut
1884 2872 2071 2918 eocirca
2098 2875 2210 2919 ante
2235 2873 2478 2920 meridiem

535 2999 545 3007 ·
585 2997 595 3007 -
636 2997 646 3006 ·
682 2965 980 3031 presentibus
1004 2963 1177 3010 ibidem
1204 2959 1422 3008 discretis
1446 2959 1558 3006 viris
1580 2959 1614 3005 J
1618 2959 1768 3006 acobo
1794 2959 1963 3007 Pottar
1988 2960 2203 3008 Roberto
2229 2961 2478 3010 Stevinson

529 3059 751 3107 Johanne
792 3055 943 3102 Riche
981 3051 1167 3100 Jacobo
1207 3049 1376 3097 Cutlar
1416 3047 1661 3095 Willelmo
1686 3049 1861 3110 Geagis
1884 3049 2133 3111 sergiando
2168 3054 2218 3096 et
2253 3050 2286 3095 J
2292 3051 2475 3098 ohanne

531 3149 706 3196 Brown
730 3145 917 3193 notario
941 3141 1131 3206 publico
1155 3155 1260 3187 cum
1287 3137 1487 3186 diuersis
1511 3136 1618 3184 aliis
1656 3164 1665 3174 ·
1706 3164 1715 3173 ·
1756 3164 1765 3173 -

597 3238 663 3284 Et
687 3251 773 3298 ego
799 3234 1017 3280 Andreas
1054 3231 1330 3292 Bryantoun
1371 3225 1612 3274 Presbiter
1637 3226 1804 3273 Sancti
1830 3227 2021 3274 Andree
2047 3227 2145 3275 (1ἰοο
2181 3243 2317 3276 sacra
2341 3243 2477 3291 apos-

527 3325 674 3375 tolica
697 3328 746 3372 et
771 3322 899 3384 regia
922 3317 1288 3368 auctoritatibus
1313 3317 1526 3363 notarius
1550 3314 1768 3377 publicus
1806 3343 1816 3351 ·
1855 3343 1866 3352 -
1905 3343 1914 3353 ·
