3016 3958
231 1897 509 1940 CCCLXIV.

250 3327 502 3371 CCCLXV.

1020 607 1340 664 CARTAE
1379 608 2004 667 MISCELLANEAE.
2370 615 2482 671 359

545 784 880 827 Brechinensem
914 786 1162 843 episcopum
1198 801 1294 829 cum
1330 801 1543 831 consensu
1573 789 1753 845 capituli
1785 789 1963 832 ecclesie
1999 789 2260 833 cathedralis
2286 791 2479 834 eiusdem

544 865 763 919 quondam
797 865 999 908 Waltero
1036 865 1205 909 Colless
1241 870 1286 909 et
1319 867 1550 910 heredibus
1585 868 1675 910 suis
1709 868 1915 911 masculis
1950 872 1995 912 et
2028 869 2265 925 assignatis
2296 870 2348 912 de
2380 903 2389 912 .
2423 901 2433 913 .
2466 903 2476 914 .

542 943 788 986 molendino
817 944 870 986 de
902 944 1121 1000 Myldenis
1151 959 1249 987 cum
1284 947 1414 989 terris
1443 946 1768 989 molendinariis
1798 947 1936 990 eidem
1965 948 2283 1004 pertinentibus
2313 953 2358 992 et
2388 951 2478 992 suis

543 1023 818 1079 pertinentiis
857 1024 1183 1080 quibuscunque
1218 1038 1297 1081 per
1330 1026 1495 1068 bondas
1531 1027 1577 1067 in
1611 1026 1728 1069 dicta
1761 1031 1884 1070 carta
1919 1028 2188 1083 specificatas
2223 1029 2397 1083 jacente
2431 1030 2477 1071 in

539 1103 746 1159 parochia
766 1104 818 1145 de
837 1102 1094 1147 Stracathra
1113 1104 1228 1146 infra
1247 1105 1594 1167 vicecomitatum
1611 1106 1663 1148 de
1680 1106 1836 1148 Forfar
1858 1120 2041 1149 unacum
2063 1108 2255 1150 astrictis
2275 1099 2477 1151 multuris

540 1183 682 1225 solitis
711 1187 754 1225 et
785 1183 1004 1225 consuetis
1034 1183 1236 1225 villarum
1267 1187 1311 1227 et
1341 1187 1555 1227 terrarum
1588 1217 1598 1227 .
1634 1217 1643 1227 .
1675 1217 1685 1228 .
1716 1186 1769 1227 de
1804 1185 2059 1230 Stracathra
2092 1201 2188 1228 cum
2219 1218 2230 1229 .
2262 1220 2271 1230 .
2307 1219 2316 1230 .
2346 1188 2477 1243 perti-

537 1262 711 1311 nentiis,
744 1261 864 1318 Capo
895 1262 1132 1318 Drymmie,
1163 1262 1386 1318 Drymmie
1418 1263 1639 1306 Newtoun
1674 1268 1719 1307 et
1752 1268 1967 1307 terrarum
1996 1266 2049 1308 de
2080 1266 2336 1318 Walkmiln,
2376 1268 2477 1310 Bal-

537 1341 658 1398 luny,
681 1341 905 1392 Murtoun,
931 1341 1184 1397 Smedyhill,
1205 1357 1255 1384 ac
1276 1356 1374 1384 cum
1396 1343 1598 1386 multuris
1619 1344 1721 1386 ville
1751 1348 1796 1387 et
1821 1348 2038 1388 terrarum
2067 1346 2120 1388 de
2147 1346 2316 1389 Adecat
2337 1347 2476 1390 solitis

536 1425 582 1463 et
614 1421 849 1471 consuetis,
879 1435 930 1463 ac
960 1435 1057 1463 cum
1094 1421 1314 1463 nonnullis
1349 1422 1406 1463 lie
1438 1422 1570 1479 dargs
1605 1424 1832 1466 annuatim
1865 1438 1995 1481 super
2026 1439 2148 1467 mora
2178 1426 2230 1467 de
2265 1426 2475 1468 Murtoun

537 1500 739 1543 similiter
761 1500 901 1542 solitis
933 1504 978 1543 et
1007 1501 1256 1551 consuetis;
1286 1502 1486 1544 tenendis
1515 1503 1568 1544 de
1598 1503 1714 1546 dicto
1735 1504 1935 1560 episcopo
1961 1508 2006 1547 et
2033 1506 2353 1548 successoribus
2385 1507 2474 1549 suis

534 1583 617 1622 etc.
651 1611 661 1621 .
694 1579 823 1635 Apud
860 1579 1076 1622 Falkland
1112 1580 1316 1623 vicesimo
1351 1581 1504 1637 quinto
1538 1582 1606 1624 die
1641 1583 1804 1626 mensis
1832 1583 1954 1626 Junii
1991 1598 2105 1627 anno
2146 1584 2322 1628 Domini
2359 1599 2393 1628 M
2430 1593 2474 1630 νε

535 1659 830 1715 octuagesimo
853 1659 1036 1715 septimo
1068 1691 1077 1702 .

535 1889 832 1958 Praeceptum
862 1903 1009 1943 cartae
1040 1901 1380 1944 confirmationis
1413 1916 1543 1957 super
1573 1902 1740 1944 duabus
1771 1902 1905 1946 cartis
1938 1933 1948 1945 .
1981 1934 1991 1944 .
2024 1935 2033 1946 .
2064 1904 2330 1947 feudifirmae
2367 1907 2467 1948 sub-

535 1981 736 2037 scriptis:
775 1981 915 2023 altera
951 1994 1100 2022 earum
1136 1995 1164 2022 a
1199 1981 1416 2036 quondam
1452 1981 1653 2023 Johanne
1689 1981 1971 2024 Brechinensi
2006 1983 2205 2040 episcopo
2241 1998 2338 2026 cum
2374 2000 2473 2028 con-

534 2075 665 2103 sensu
699 2060 851 2102 decani
881 2059 1185 2102 canonicorum
1213 2063 1258 2102 et
1289 2060 1467 2116 capituli
1498 2060 1703 2103 ecclesiae
1734 2061 1994 2104 cathedralis
2025 2062 2329 2107 Brechinensis
2356 2066 2472 2108 facta

534 2141 726 2182 Roberto
750 2139 948 2195 Kynneir
975 2143 1020 2181 et
1049 2138 1262 2181 Mariotae
1284 2139 1544 2182 Fullartoun
1574 2140 1670 2195 ejus
1701 2154 1884 2196 sponsae
1910 2156 2140 2198 eorumque
2162 2144 2288 2186 alteri
2309 2144 2471 2187 diutius

533 2220 696 2262 viventi
728 2219 772 2260 in
803 2219 1036 2273 conjuncta
1065 2218 1355 2261 infeodatione
1386 2221 1432 2261 et
1459 2219 1716 2261 haeredibus
1751 2221 1957 2263 masculis
1986 2222 2101 2264 inter
2129 2222 2248 2278 ipsos
2280 2224 2472 2280 legitime

530 2299 811 2356 procreandis
853 2298 1009 2353 quibus
1048 2297 1346 2340 deficientibus
1386 2299 1643 2341 haeredibus
1682 2300 1886 2343 masculis
1927 2305 1972 2344 et
2011 2302 2247 2358 assignatis
2286 2305 2470 2360 praefati

531 2378 710 2423 Roberti
731 2378 1056 2434 quibuscunque
1087 2382 1302 2420 terrarum
1332 2378 1384 2419 de
1421 2378 1626 2421 Botheris
1656 2393 1753 2421 cum
1779 2380 1870 2422 suis
1900 2412 1911 2422 .
1943 2412 1952 2423 .
1986 2413 1996 2423 .
2027 2382 2301 2436 pertinentiis
2325 2383 2472 2439 jacen-

529 2459 639 2502 tium
670 2458 715 2499 in
745 2457 926 2499 baronia
956 2457 1008 2499 de
1041 2457 1209 2500 Kethik
1239 2461 1284 2500 et
1314 2458 1429 2500 infra
1448 2459 1794 2502 vicecomitatum
1815 2459 1868 2501 de
1890 2459 2073 2510 Forfar;
2105 2462 2386 2505 tenendarum
2417 2464 2469 2505 de

529 2537 740 2594 praefatis
760 2537 961 2592 episcopo
982 2537 1146 2578 decano
1177 2537 1394 2579 canonicis
1417 2541 1461 2580 et
1481 2538 1670 2593 capitulo
1701 2542 1746 2580 et
1775 2552 1923 2581 eorum
1953 2541 2300 2591 successoribus3
2330 2542 2469 2585 altera

529 2620 651 2660 carta
670 2617 786 2659 facta
806 2630 834 2658 a
853 2616 1068 2672 quondam
1090 2616 1261 2659 domino
1295 2616 1480 2672 Georgio
1511 2616 1716 2659 Wilsoun
1746 2617 1968 2673 capellano
1996 2619 2260 2675 capellaniae
2284 2620 2467 2665 Sanctae

530 2696 681 2739 Crucis
724 2696 839 2738 infra
882 2695 1106 2737 ecclesiam
1151 2695 1442 2738 cathedralem
1488 2696 1823 2739 Brechinensem
1866 2698 2071 2741 fundatae
2115 2713 2212 2742 cum
2256 2714 2467 2745 consensu

528 2776 833 2818 canonicorum
868 2775 1008 2817 dictae
1048 2774 1253 2817 ecclesiae
1289 2775 1498 2830 praefatis
1535 2775 1726 2828 Roberto
1762 2775 1961 2831 Kynneir
1997 2780 2042 2819 et
2073 2777 2168 2832 ejus
2204 2793 2388 2835 sponsae
2423 2781 2468 2823 in

527 2855 760 2910 conjuncta
790 2854 1080 2896 infeodatione
1116 2856 1160 2896 et
1194 2853 1451 2896 haeredibus
1487 2854 1716 2896 antedictis
1751 2854 1880 2897 villae
1920 2859 1966 2898 et
2004 2859 2218 2899 terrarum
2254 2859 2306 2900 de
2343 2859 2468 2901 Tem-

526 2933 686 2991 pillhill
707 2948 803 2976 cum
826 2933 917 2976 suis
938 2932 1214 2989 pertinentiis
1234 2933 1289 2975 ad
1310 2932 1617 2988 patrimonium
1637 2933 1860 2989 praefatae
1886 2935 2151 2991 capellaniae
2176 2939 2466 2993 spectantium

521 3014 762 3070 jacentium
791 3014 905 3056 infra
926 3013 1278 3056 vicecomitatum
1298 3012 1351 3054 de
1373 3012 1529 3055 Forfar
1546 3028 1556 3063 ;
1578 3014 1862 3055 tenendarum
1883 3015 1935 3057 de
1959 3016 2157 3071 praefato
2178 3018 2401 3074 capellano
2422 3023 2465 3062 et

529 3094 620 3136 suis
643 3070 966 3137 successoribus
998 3123 1009 3134 .
1041 3092 1204 3135 Datum
1226 3092 1341 3148 apud
1366 3091 1704 3134 Halieruidhous
1730 3095 1779 3134 15
1801 3093 1829 3135 J
1833 3093 1910 3135 ulii
1936 3095 2043 3139 1587
2078 3127 2088 3137 .

530 3319 639 3377 Grift
657 3331 728 3374 for
750 3331 825 3373 life
853 3334 899 3374 to
935 3330 1099 3374 Andro.
1117 3330 1297 3374 Leitche
1318 3330 1519 3373 minister
1538 3334 1586 3373 at
1607 3330 1849 3383 Maritoun‚
1872 3331 2158 3384 Inchebrook‚
2181 3333 2349 3386 Lunan,
2377 3335 2461 3377 and
