<?xml version="1.0" encoding="UTF-8"?>
<!DOCTYPE html PUBLIC "-//W3C//DTD XHTML 1.0 Transitional//EN"
    "http://www.w3.org/TR/xhtml1/DTD/xhtml1-transitional.dtd">
<html xmlns="http://www.w3.org/1999/xhtml" xml:lang="en" lang="en">
 <head>
  <title>
</title>
<meta http-equiv="Content-Type" content="text/html;charset=utf-8" />
  <meta name='ocr-system' content='tesseract 3.04.00' />
  <meta name='ocr-capabilities' content='ocr_page ocr_carea ocr_par ocr_line ocrx_word'/>
</head>
<body>
  <div class='ocr_page' id='page_1' title='image "./registrumepiscop02brecuoft_0302.png"; bbox 0 0 3016 3958; ppageno 0'>
   <div class='ocr_carea' id='block_1_1' title="bbox 311 2726 528 2768">
    <p class='ocr_par' dir='ltr' id='par_1_1' title="bbox 311 2726 528 2768">
     <span class='ocr_line' id='line_1_1' title="bbox 311 2726 528 2768; baseline 0.005 -1"><span class='ocrx_word' id='word_1_1' title='bbox 311 2726 528 2768; x_wconf 84' lang='lat' dir='ltr'>CCXLV.</span> 
     </span>
    </p>
   </div>
   <div class='ocr_carea' id='block_1_2' title="bbox 548 638 2022 699">
    <p class='ocr_par' dir='ltr' id='par_1_2' title="bbox 548 638 2022 699">
     <span class='ocr_line' id='line_1_2' title="bbox 548 638 2022 699; baseline 0.002 -4"><span class='ocrx_word' id='word_1_2' title='bbox 548 638 658 695; x_wconf 85' lang='lat'>288</span> <span class='ocrx_word' id='word_1_3' title='bbox 1036 640 1354 697; x_wconf 83' lang='lat' dir='ltr'><strong>CARTAE</strong></span> <span class='ocrx_word' id='word_1_4' title='bbox 1393 642 2022 699; x_wconf 82' lang='lat' dir='ltr'><strong>MISCELLANEAE.</strong></span> 
     </span>
    </p>
   </div>
   <div class='ocr_carea' id='block_1_3' title="bbox 547 818 2490 2386">
    <p class='ocr_par' dir='ltr' id='par_1_3' title="bbox 547 818 2488 1275">
     <span class='ocr_line' id='line_1_3' title="bbox 548 818 2485 876; baseline 0.003 -16"><span class='ocrx_word' id='word_1_5' title='bbox 548 822 644 862; x_wconf 84' lang='lat' dir='ltr'>rato</span> <span class='ocrx_word' id='word_1_6' title='bbox 681 818 867 876; x_wconf 85' lang='lat' dir='ltr'>Georgio</span> <span class='ocrx_word' id='word_1_7' title='bbox 902 819 1128 862; x_wconf 85' lang='lat' dir='ltr'>Wischart</span> <span class='ocrx_word' id='word_1_8' title='bbox 1157 852 1167 861; x_wconf 92' lang='lat'><em>.</em></span> <span class='ocrx_word' id='word_1_9' title='bbox 1200 852 1209 861; x_wconf 89' lang='lat'><strong>.</strong></span> <span class='ocrx_word' id='word_1_10' title='bbox 1246 852 1254 861; x_wconf 89' lang='lat'><strong>.</strong></span> <span class='ocrx_word' id='word_1_11' title='bbox 1286 821 1472 863; x_wconf 86' lang='lat' dir='ltr'>tradatis</span> <span class='ocrx_word' id='word_1_12' title='bbox 1505 851 1516 862; x_wconf 89' lang='lat'><strong>.</strong></span> <span class='ocrx_word' id='word_1_13' title='bbox 1549 853 1558 863; x_wconf 92' lang='lat'><em>.</em></span> <span class='ocrx_word' id='word_1_14' title='bbox 1595 853 1603 862; x_wconf 89' lang='lat'><strong>.</strong></span> <span class='ocrx_word' id='word_1_15' title='bbox 1636 836 1713 863; x_wconf 90' lang='lat' dir='ltr'>seu</span> <span class='ocrx_word' id='word_1_16' title='bbox 1749 822 1862 864; x_wconf 88' lang='lat' dir='ltr'>alter</span> <span class='ocrx_word' id='word_1_17' title='bbox 1896 825 2091 865; x_wconf 86' lang='lat' dir='ltr'>vestrum</span> <span class='ocrx_word' id='word_1_18' title='bbox 2125 822 2274 866; x_wconf 83' lang='lat' dir='ltr'>tradat</span> <span class='ocrx_word' id='word_1_19' title='bbox 2303 854 2313 866; x_wconf 87' lang='lat'><strong>.</strong></span> <span class='ocrx_word' id='word_1_20' title='bbox 2346 856 2357 868; x_wconf 92' lang='lat'><em>.</em></span> <span class='ocrx_word' id='word_1_21' title='bbox 2389 857 2397 867; x_wconf 93' lang='lat'>.</span> <span class='ocrx_word' id='word_1_22' title='bbox 2430 823 2485 866; x_wconf 90' lang='lat' dir='ltr'>In</span> 
     </span>
     <span class='ocr_line' id='line_1_4' title="bbox 547 899 2485 959; baseline 0.002 -18"><span class='ocrx_word' id='word_1_23' title='bbox 547 899 669 942; x_wconf 88' lang='lat' dir='ltr'>cuius</span> <span class='ocrx_word' id='word_1_24' title='bbox 699 900 762 941; x_wconf 90' lang='lat' dir='ltr'>rei</span> <span class='ocrx_word' id='word_1_25' title='bbox 792 900 1087 942; x_wconf 88' lang='lat' dir='ltr'>testimonium</span> <span class='ocrx_word' id='word_1_26' title='bbox 1116 900 1214 941; x_wconf 89' lang='lat' dir='ltr'>huic</span> <span class='ocrx_word' id='word_1_27' title='bbox 1244 900 1435 955; x_wconf 78' lang='lat' dir='ltr'><strong>presenti</strong></span> <span class='ocrx_word' id='word_1_28' title='bbox 1467 903 1584 942; x_wconf 83' lang='lat' dir='ltr'>carte</span> <span class='ocrx_word' id='word_1_29' title='bbox 1615 905 1764 944; x_wconf 90' lang='lat' dir='ltr'>nostre</span> <span class='ocrx_word' id='word_1_30' title='bbox 1796 901 1995 944; x_wconf 83' lang='lat' dir='ltr'>manibus</span> <span class='ocrx_word' id='word_1_31' title='bbox 2027 901 2189 944; x_wconf 87' lang='lat' dir='ltr'>nostris</span> <span class='ocrx_word' id='word_1_32' title='bbox 2219 906 2270 945; x_wconf 92' lang='lat' dir='ltr'>ut</span> <span class='ocrx_word' id='word_1_33' title='bbox 2290 905 2485 959; x_wconf 87' lang='lat' dir='ltr'>sequitur</span> 
     </span>
     <span class='ocr_line' id='line_1_5' title="bbox 551 979 2487 1037; baseline 0.001 -16"><span class='ocrx_word' id='word_1_34' title='bbox 551 979 792 1035; x_wconf 87' lang='lat' dir='ltr'>subscripte</span> <span class='ocrx_word' id='word_1_35' title='bbox 832 979 1022 1035; x_wconf 84' lang='lat' dir='ltr'>sigillum</span> <span class='ocrx_word' id='word_1_36' title='bbox 1063 993 1285 1021; x_wconf 90' lang='lat' dir='ltr'>commune</span> <span class='ocrx_word' id='word_1_37' title='bbox 1335 979 1447 1021; x_wconf 87' lang='lat' dir='ltr'>dicte</span> <span class='ocrx_word' id='word_1_38' title='bbox 1501 979 1704 1022; x_wconf 83' lang='lat' dir='ltr'>Ciuitatis</span> <span class='ocrx_word' id='word_1_39' title='bbox 1755 994 1940 1022; x_wconf 79' lang='lat' dir='ltr'>unacum</span> <span class='ocrx_word' id='word_1_40' title='bbox 1992 980 2149 1037; x_wconf 81' lang='lat' dir='ltr'>sigillis</span> <span class='ocrx_word' id='word_1_41' title='bbox 2198 983 2487 1037; x_wconf 80' lang='lat' dir='ltr'>prenominati</span> 
     </span>
     <span class='ocr_line' id='line_1_6' title="bbox 549 1059 2486 1117; baseline 0.002 -17"><span class='ocrx_word' id='word_1_42' title='bbox 549 1060 738 1115; x_wconf 87' lang='lat' dir='ltr'>episcopi</span> <span class='ocrx_word' id='word_1_43' title='bbox 778 1063 822 1101; x_wconf 87' lang='lat' dir='ltr'>et</span> <span class='ocrx_word' id='word_1_44' title='bbox 862 1059 1039 1115; x_wconf 85' lang='lat' dir='ltr'>capituli</span> <span class='ocrx_word' id='word_1_45' title='bbox 1089 1060 1133 1101; x_wconf 86' lang='lat' dir='ltr'>in</span> <span class='ocrx_word' id='word_1_46' title='bbox 1187 1073 1335 1101; x_wconf 90' lang='lat' dir='ltr'>eorum</span> <span class='ocrx_word' id='word_1_47' title='bbox 1386 1074 1622 1102; x_wconf 81' lang='lat' dir='ltr'>consensus</span> <span class='ocrx_word' id='word_1_48' title='bbox 1672 1093 1682 1102; x_wconf 85' lang='lat'><strong>.</strong></span> <span class='ocrx_word' id='word_1_49' title='bbox 1731 1093 1740 1102; x_wconf 88' lang='lat'><strong>.</strong></span> <span class='ocrx_word' id='word_1_50' title='bbox 1792 1093 1800 1101; x_wconf 95' lang='lat'><strong><em>.</em></strong></span> <span class='ocrx_word' id='word_1_51' title='bbox 1853 1060 2025 1116; x_wconf 87' lang='lat' dir='ltr'>signum</span> <span class='ocrx_word' id='word_1_52' title='bbox 2065 1061 2120 1102; x_wconf 81' lang='lat' dir='ltr'>ad</span> <span class='ocrx_word' id='word_1_53' title='bbox 2161 1063 2373 1117; x_wconf 83' lang='lat' dir='ltr'>premissa</span> <span class='ocrx_word' id='word_1_54' title='bbox 2420 1067 2486 1104; x_wconf 84' lang='lat' dir='ltr'>est</span> 
     </span>
     <span class='ocr_line' id='line_1_7' title="bbox 549 1137 2488 1195; baseline 0.002 -15"><span class='ocrx_word' id='word_1_55' title='bbox 549 1153 787 1195; x_wconf 85' lang='lat' dir='ltr'>appensum</span> <span class='ocrx_word' id='word_1_56' title='bbox 805 1139 918 1194; x_wconf 83' lang='lat' dir='ltr'>apud</span> <span class='ocrx_word' id='word_1_57' title='bbox 942 1137 1174 1181; x_wconf 86' lang='lat' dir='ltr'>Ciuitatem</span> <span class='ocrx_word' id='word_1_58' title='bbox 1192 1139 1527 1181; x_wconf 87' lang='lat' dir='ltr'>Brechinensem</span> <span class='ocrx_word' id='word_1_59' title='bbox 1542 1139 1610 1181; x_wconf 89' lang='lat' dir='ltr'>die</span> <span class='ocrx_word' id='word_1_60' title='bbox 1631 1140 1856 1181; x_wconf 84' lang='lat' dir='ltr'>undecimo</span> <span class='ocrx_word' id='word_1_61' title='bbox 1875 1140 2036 1182; x_wconf 85' lang='lat' dir='ltr'>mensis</span> <span class='ocrx_word' id='word_1_62' title='bbox 2058 1140 2167 1182; x_wconf 82' lang='lat' dir='ltr'>Maii</span> <span class='ocrx_word' id='word_1_63' title='bbox 2185 1155 2297 1183; x_wconf 85' lang='lat' dir='ltr'>anno</span> <span class='ocrx_word' id='word_1_64' title='bbox 2311 1140 2488 1183; x_wconf 89' lang='lat' dir='ltr'>Domini</span> 
     </span>
     <span class='ocr_line' id='line_1_8' title="bbox 549 1218 2486 1275; baseline 0.002 -16"><span class='ocrx_word' id='word_1_65' title='bbox 549 1218 777 1261; x_wconf 87' lang='lat' dir='ltr'>millesimo</span> <span class='ocrx_word' id='word_1_66' title='bbox 813 1219 1158 1275; x_wconf 82' lang='lat' dir='ltr'>quingentesimo</span> <span class='ocrx_word' id='word_1_67' title='bbox 1194 1219 1487 1274; x_wconf 83' lang='lat' dir='ltr'>octuagesimo</span> <span class='ocrx_word' id='word_1_68' title='bbox 1523 1220 1662 1275; x_wconf 91' lang='lat' dir='ltr'>primo</span> <span class='ocrx_word' id='word_1_69' title='bbox 1694 1219 2007 1275; x_wconf 72' lang='lat' dir='ltr'>Quamquidem</span> <span class='ocrx_word' id='word_1_70' title='bbox 2038 1224 2205 1262; x_wconf 87' lang='lat' dir='ltr'>cartam</span> <span class='ocrx_word' id='word_1_71' title='bbox 2226 1221 2486 1263; x_wconf 82' lang='lat' dir='ltr'>locationem</span> 
     </span>
    </p>

    <p class='ocr_par' dir='ltr' id='par_1_4' title="bbox 547 1298 2490 2386">
     <span class='ocr_line' id='line_1_9' title="bbox 594 1298 2486 1355; baseline 0.001 -15"><span class='ocrx_word' id='word_1_72' title='bbox 594 1329 604 1340; x_wconf 90' lang='lat'><strong>.</strong></span> <span class='ocrx_word' id='word_1_73' title='bbox 639 1298 718 1339; x_wconf 92' lang='lat' dir='ltr'>.in</span> <span class='ocrx_word' id='word_1_74' title='bbox 750 1299 899 1340; x_wconf 83' lang='lat' dir='ltr'>eadem</span> <span class='ocrx_word' id='word_1_75' title='bbox 931 1301 1178 1340; x_wconf 71' lang='lat' dir='ltr'>contentam</span> <span class='ocrx_word' id='word_1_76' title='bbox 1210 1330 1219 1340; x_wconf 92' lang='lat'>.</span> <span class='ocrx_word' id='word_1_77' title='bbox 1253 1330 1262 1340; x_wconf 91' lang='lat'><strong>.</strong></span> <span class='ocrx_word' id='word_1_78' title='bbox 1297 1328 1307 1339; x_wconf 84' lang='lat'><strong>.</strong></span> <span class='ocrx_word' id='word_1_79' title='bbox 1339 1298 1385 1339; x_wconf 91' lang='lat' dir='ltr'>in</span> <span class='ocrx_word' id='word_1_80' title='bbox 1419 1298 1618 1340; x_wconf 88' lang='lat' dir='ltr'>omnibus</span> <span class='ocrx_word' id='word_1_81' title='bbox 1651 1330 1660 1340; x_wconf 88' lang='lat'><strong>.</strong></span> <span class='ocrx_word' id='word_1_82' title='bbox 1693 1331 1702 1340; x_wconf 94' lang='lat'>.</span> <span class='ocrx_word' id='word_1_83' title='bbox 1738 1329 1748 1339; x_wconf 91' lang='lat'><strong>.</strong></span> <span class='ocrx_word' id='word_1_84' title='bbox 1779 1313 1857 1354; x_wconf 91' lang='lat' dir='ltr'>pro</span> <span class='ocrx_word' id='word_1_85' title='bbox 1895 1303 2104 1355; x_wconf 88' lang='lat' dir='ltr'>perpetuo</span> <span class='ocrx_word' id='word_1_86' title='bbox 2140 1300 2445 1342; x_wconf 79' lang='lat' dir='ltr'>confirmamus</span> <span class='ocrx_word' id='word_1_87' title='bbox 2477 1333 2486 1342; x_wconf 92' lang='lat'>.</span> 
     </span>
     <span class='ocr_line' id='line_1_10' title="bbox 551 1377 2489 1431; baseline 0.002 -13"><span class='ocrx_word' id='word_1_88' title='bbox 551 1377 694 1419; x_wconf 78' lang='lat' dir='ltr'>Saluis</span> <span class='ocrx_word' id='word_1_89' title='bbox 714 1378 837 1419; x_wconf 88' lang='lat' dir='ltr'>nobis</span> <span class='ocrx_word' id='word_1_90' title='bbox 858 1382 902 1419; x_wconf 90' lang='lat' dir='ltr'>et</span> <span class='ocrx_word' id='word_1_91' title='bbox 923 1377 1251 1419; x_wconf 69' lang='lat' dir='ltr'>⁴successoribus</span> <span class='ocrx_word' id='word_1_92' title='bbox 1287 1377 1449 1418; x_wconf 87' lang='lat' dir='ltr'>nostris</span> <span class='ocrx_word' id='word_1_93' title='bbox 1477 1377 1651 1431; x_wconf 87' lang='lat' dir='ltr'>juribus</span> <span class='ocrx_word' id='word_1_94' title='bbox 1682 1381 1726 1419; x_wconf 86' lang='lat' dir='ltr'>et</span> <span class='ocrx_word' id='word_1_95' title='bbox 1763 1378 1954 1420; x_wconf 83' lang='lat' dir='ltr'>seruitiis</span> <span class='ocrx_word' id='word_1_96' title='bbox 1987 1411 1996 1419; x_wconf 93' lang='lat'><strong>.</strong></span> <span class='ocrx_word' id='word_1_97' title='bbox 2031 1409 2041 1418; x_wconf 95' lang='lat'><strong>.</strong></span> <span class='ocrx_word' id='word_1_98' title='bbox 2075 1409 2085 1419; x_wconf 89' lang='lat'>.</span> <span class='ocrx_word' id='word_1_99' title='bbox 2116 1379 2272 1421; x_wconf 88' lang='lat' dir='ltr'>debitis</span> <span class='ocrx_word' id='word_1_100' title='bbox 2309 1384 2354 1422; x_wconf 90' lang='lat' dir='ltr'>et</span> <span class='ocrx_word' id='word_1_101' title='bbox 2388 1394 2489 1422; x_wconf 72' lang='lat' dir='ltr'>con-</span> 
     </span>
     <span class='ocr_line' id='line_1_11' title="bbox 550 1456 2488 1511; baseline 0.002 -13"><span class='ocrx_word' id='word_1_102' title='bbox 550 1457 685 1499; x_wconf 90' lang='lat' dir='ltr'>suetis</span> <span class='ocrx_word' id='word_1_103' title='bbox 717 1488 726 1497; x_wconf 88' lang='lat'><strong>.</strong></span> <span class='ocrx_word' id='word_1_104' title='bbox 759 1457 812 1498; x_wconf 92' lang='lat' dir='ltr'>In</span> <span class='ocrx_word' id='word_1_105' title='bbox 844 1457 965 1499; x_wconf 91' lang='lat' dir='ltr'>cuius</span> <span class='ocrx_word' id='word_1_106' title='bbox 995 1457 1058 1498; x_wconf 87' lang='lat' dir='ltr'>rei</span> <span class='ocrx_word' id='word_1_107' title='bbox 1101 1456 1399 1498; x_wconf 87' lang='lat' dir='ltr'>testimonium</span> <span class='ocrx_word' id='word_1_108' title='bbox 1434 1456 1533 1498; x_wconf 91' lang='lat' dir='ltr'>huic</span> <span class='ocrx_word' id='word_1_109' title='bbox 1568 1457 1762 1511; x_wconf 83' lang='lat' dir='ltr'>presenti</span> <span class='ocrx_word' id='word_1_110' title='bbox 1809 1460 1927 1499; x_wconf 87' lang='lat' dir='ltr'>carte</span> <span class='ocrx_word' id='word_1_111' title='bbox 1964 1461 2112 1500; x_wconf 87' lang='lat' dir='ltr'>nostre</span> <span class='ocrx_word' id='word_1_112' title='bbox 2149 1460 2488 1502; x_wconf 86' lang='lat' dir='ltr'>confirmationis</span> 
     </span>
     <span class='ocr_line' id='line_1_12' title="bbox 549 1536 2484 1592; baseline 0.002 -14"><span class='ocrx_word' id='word_1_113' title='bbox 549 1551 751 1592; x_wconf 86' lang='lat' dir='ltr'>magnum</span> <span class='ocrx_word' id='word_1_114' title='bbox 787 1536 975 1592; x_wconf 86' lang='lat' dir='ltr'>sigillum</span> <span class='ocrx_word' id='word_1_115' title='bbox 1012 1539 1207 1578; x_wconf 77' lang='lat' dir='ltr'>nostrum</span> <span class='ocrx_word' id='word_1_116' title='bbox 1239 1536 1397 1591; x_wconf 85' lang='lat' dir='ltr'>apponi</span> <span class='ocrx_word' id='word_1_117' title='bbox 1427 1537 1696 1591; x_wconf 86' lang='lat' dir='ltr'>precepimus</span> <span class='ocrx_word' id='word_1_118' title='bbox 1718 1537 1903 1578; x_wconf 87' lang='lat' dir='ltr'>testibus</span> <span class='ocrx_word' id='word_1_119' title='bbox 1934 1537 2180 1592; x_wconf 84' lang='lat' dir='ltr'>predilectis</span> <span class='ocrx_word' id='word_1_120' title='bbox 2201 1539 2363 1581; x_wconf 86' lang='lat' dir='ltr'>nostris</span> <span class='ocrx_word' id='word_1_121' title='bbox 2384 1554 2484 1581; x_wconf 91' lang='lat' dir='ltr'>con-</span> 
     </span>
     <span class='ocr_line' id='line_1_13' title="bbox 551 1615 2488 1672; baseline 0.002 -14"><span class='ocrx_word' id='word_1_122' title='bbox 551 1616 797 1672; x_wconf 82' lang='lat' dir='ltr'>sanguineis</span> <span class='ocrx_word' id='word_1_123' title='bbox 828 1620 873 1658; x_wconf 89' lang='lat' dir='ltr'>et</span> <span class='ocrx_word' id='word_1_124' title='bbox 906 1616 1163 1658; x_wconf 86' lang='lat' dir='ltr'>consiliariis</span> <span class='ocrx_word' id='word_1_125' title='bbox 1196 1615 1365 1658; x_wconf 83' lang='lat' dir='ltr'>Joanne</span> <span class='ocrx_word' id='word_1_126' title='bbox 1401 1615 1573 1658; x_wconf 89' lang='lat' dir='ltr'>domino</span> <span class='ocrx_word' id='word_1_127' title='bbox 1609 1616 1912 1658; x_wconf 82' lang='lat' dir='ltr'>Hammiltoun</span> <span class='ocrx_word' id='word_1_128' title='bbox 1934 1621 2014 1659; x_wconf 90' lang='lat' dir='ltr'>etc.</span> <span class='ocrx_word' id='word_1_129' title='bbox 2037 1619 2401 1662; x_wconf 82' lang='lat' dir='ltr'>commendatario</span> <span class='ocrx_word' id='word_1_130' title='bbox 2437 1620 2488 1661; x_wconf 91' lang='lat' dir='ltr'>de</span> 
     </span>
     <span class='ocr_line' id='line_1_14' title="bbox 547 1695 2488 1752; baseline 0.001 -14"><span class='ocrx_word' id='word_1_131' title='bbox 547 1696 841 1738; x_wconf 91' lang='lat' dir='ltr'>Abirbrothok</span> <span class='ocrx_word' id='word_1_132' title='bbox 874 1695 1059 1750; x_wconf 87' lang='lat' dir='ltr'>Georgio</span> <span class='ocrx_word' id='word_1_133' title='bbox 1091 1695 1247 1737; x_wconf 87' lang='lat' dir='ltr'>comite</span> <span class='ocrx_word' id='word_1_134' title='bbox 1279 1695 1519 1736; x_wconf 82' lang='lat' dir='ltr'>Mariscalli</span> <span class='ocrx_word' id='word_1_135' title='bbox 1550 1695 1721 1737; x_wconf 90' lang='lat' dir='ltr'>domino</span> <span class='ocrx_word' id='word_1_136' title='bbox 1754 1695 1889 1737; x_wconf 84' lang='lat' dir='ltr'>Keith</span> <span class='ocrx_word' id='word_1_137' title='bbox 1912 1700 1991 1738; x_wconf 87' lang='lat' dir='ltr'>etc.</span> <span class='ocrx_word' id='word_1_138' title='bbox 2013 1697 2138 1752; x_wconf 86' lang='lat' dir='ltr'>regni</span> <span class='ocrx_word' id='word_1_139' title='bbox 2166 1699 2305 1739; x_wconf 85' lang='lat' dir='ltr'>nostri</span> <span class='ocrx_word' id='word_1_140' title='bbox 2335 1699 2488 1740; x_wconf 82' lang='lat' dir='ltr'>maris-</span> 
     </span>
     <span class='ocr_line' id='line_1_15' title="bbox 549 1773 2486 1820; baseline 0.003 -5"><span class='ocrx_word' id='word_1_141' title='bbox 549 1773 658 1816; x_wconf 82' lang='lat' dir='ltr'>callo</span> <span class='ocrx_word' id='word_1_142' title='bbox 690 1774 858 1816; x_wconf 86' lang='lat' dir='ltr'>dilectis</span> <span class='ocrx_word' id='word_1_143' title='bbox 891 1774 1053 1816; x_wconf 87' lang='lat' dir='ltr'>nostris</span> <span class='ocrx_word' id='word_1_144' title='bbox 1086 1774 1371 1816; x_wconf 75' lang='lat' dir='ltr'>familiaribus</span> <span class='ocrx_word' id='word_1_145' title='bbox 1405 1773 1660 1815; x_wconf 86' lang='lat' dir='ltr'>consiliariis</span> <span class='ocrx_word' id='word_1_146' title='bbox 1689 1773 1859 1816; x_wconf 82' lang='lat' dir='ltr'>Joanne</span> <span class='ocrx_word' id='word_1_147' title='bbox 1890 1775 2063 1817; x_wconf 88' lang='lat' dir='ltr'>domino</span> <span class='ocrx_word' id='word_1_148' title='bbox 2098 1776 2372 1819; x_wconf 84' lang='lat' dir='ltr'>Thirlestane</span> <span class='ocrx_word' id='word_1_149' title='bbox 2406 1782 2486 1820; x_wconf 91' lang='lat' dir='ltr'>etc.</span> 
     </span>
     <span class='ocr_line' id='line_1_16' title="bbox 549 1851 2487 1911; baseline 0.003 -16"><span class='ocrx_word' id='word_1_150' title='bbox 549 1853 804 1895; x_wconf 87' lang='lat' dir='ltr'>cancellario</span> <span class='ocrx_word' id='word_1_151' title='bbox 819 1856 969 1895; x_wconf 88' lang='lat' dir='ltr'>nostro</span> <span class='ocrx_word' id='word_1_152' title='bbox 990 1853 1200 1908; x_wconf 84' lang='lat' dir='ltr'>magistro</span> <span class='ocrx_word' id='word_1_153' title='bbox 1222 1852 1438 1894; x_wconf 86' lang='lat' dir='ltr'>Richardo</span> <span class='ocrx_word' id='word_1_154' title='bbox 1463 1851 1717 1894; x_wconf 87' lang='lat' dir='ltr'>Cockburne</span> <span class='ocrx_word' id='word_1_155' title='bbox 1735 1853 1907 1907; x_wconf 90' lang='lat' dir='ltr'>juniore</span> <span class='ocrx_word' id='word_1_156' title='bbox 1929 1854 1981 1895; x_wconf 89' lang='lat' dir='ltr'>de</span> <span class='ocrx_word' id='word_1_157' title='bbox 2005 1854 2319 1911; x_wconf 86' lang='lat' dir='ltr'>Clerkingtoun</span> <span class='ocrx_word' id='word_1_158' title='bbox 2339 1861 2487 1899; x_wconf 89' lang='lat' dir='ltr'>nostro</span> 
     </span>
     <span class='ocr_line' id='line_1_17' title="bbox 549 1931 2488 1991; baseline 0.002 -17"><span class='ocrx_word' id='word_1_159' title='bbox 549 1932 780 1974; x_wconf 80' lang='lat' dir='ltr'>secretario</span> <span class='ocrx_word' id='word_1_160' title='bbox 816 1932 1016 1974; x_wconf 50' lang='lat' dir='ltr'>NValtero</span> <span class='ocrx_word' id='word_1_161' title='bbox 1053 1931 1417 1974; x_wconf 86' lang='lat' dir='ltr'>commendatario</span> <span class='ocrx_word' id='word_1_162' title='bbox 1458 1931 1510 1972; x_wconf 85' lang='lat' dir='ltr'>de</span> <span class='ocrx_word' id='word_1_163' title='bbox 1542 1931 1750 1987; x_wconf 87' lang='lat' dir='ltr'>Blantyre</span> <span class='ocrx_word' id='word_1_164' title='bbox 1781 1933 1920 1975; x_wconf 83' lang='lat' dir='ltr'>nostri</span> <span class='ocrx_word' id='word_1_165' title='bbox 1952 1934 2106 1976; x_wconf 87' lang='lat' dir='ltr'>secreti</span> <span class='ocrx_word' id='word_1_166' title='bbox 2143 1935 2276 1991; x_wconf 85' lang='lat' dir='ltr'>sigilli</span> <span class='ocrx_word' id='word_1_167' title='bbox 2311 1938 2488 1978; x_wconf 86' lang='lat' dir='ltr'>custode</span> 
     </span>
     <span class='ocr_line' id='line_1_18' title="bbox 550 2011 2490 2069; baseline 0.002 -16"><span class='ocrx_word' id='word_1_168' title='bbox 550 2012 797 2054; x_wconf 86' lang='lat' dir='ltr'>Alexandro</span> <span class='ocrx_word' id='word_1_169' title='bbox 834 2012 936 2067; x_wconf 89' lang='lat' dir='ltr'>Hay</span> <span class='ocrx_word' id='word_1_170' title='bbox 967 2012 1019 2052; x_wconf 88' lang='lat' dir='ltr'>de</span> <span class='ocrx_word' id='word_1_171' title='bbox 1052 2011 1199 2053; x_wconf 87' lang='lat' dir='ltr'>Eister</span> <span class='ocrx_word' id='word_1_172' title='bbox 1232 2011 1411 2052; x_wconf 83' lang='lat' dir='ltr'>Kennat</span> <span class='ocrx_word' id='word_1_173' title='bbox 1451 2014 1700 2052; x_wconf 90' lang='lat' dir='ltr'>nostrorum</span> <span class='ocrx_word' id='word_1_174' title='bbox 1735 2011 1978 2054; x_wconf 85' lang='lat' dir='ltr'>rotulorum</span> <span class='ocrx_word' id='word_1_175' title='bbox 2017 2013 2194 2069; x_wconf 86' lang='lat' dir='ltr'>registri</span> <span class='ocrx_word' id='word_1_176' title='bbox 2228 2029 2279 2056; x_wconf 87' lang='lat' dir='ltr'>ac</span> <span class='ocrx_word' id='word_1_177' title='bbox 2321 2016 2490 2058; x_wconf 90' lang='lat' dir='ltr'>consilii</span> 
     </span>
     <span class='ocr_line' id='line_1_19' title="bbox 550 2089 2489 2146; baseline 0.002 -13"><span class='ocrx_word' id='word_1_178' title='bbox 550 2091 703 2133; x_wconf 89' lang='lat' dir='ltr'>clerico</span> <span class='ocrx_word' id='word_1_179' title='bbox 739 2090 958 2132; x_wconf 88' lang='lat' dir='ltr'>Ludouico</span> <span class='ocrx_word' id='word_1_180' title='bbox 990 2090 1226 2132; x_wconf 90' lang='lat' dir='ltr'>Bellenden</span> <span class='ocrx_word' id='word_1_181' title='bbox 1256 2090 1307 2132; x_wconf 89' lang='lat' dir='ltr'>de</span> <span class='ocrx_word' id='word_1_182' title='bbox 1339 2089 1595 2132; x_wconf 91' lang='lat' dir='ltr'>Auchnoule</span> <span class='ocrx_word' id='word_1_183' title='bbox 1626 2090 1764 2133; x_wconf 87' lang='lat' dir='ltr'>milite</span> <span class='ocrx_word' id='word_1_184' title='bbox 1800 2095 1949 2133; x_wconf 89' lang='lat' dir='ltr'>nostre</span> <span class='ocrx_word' id='word_1_185' title='bbox 1975 2091 2217 2146; x_wconf 81' lang='lat' dir='ltr'>justiciarie</span> <span class='ocrx_word' id='word_1_186' title='bbox 2258 2093 2412 2136; x_wconf 90' lang='lat' dir='ltr'>clerico</span> <span class='ocrx_word' id='word_1_187' title='bbox 2445 2099 2489 2137; x_wconf 88' lang='lat' dir='ltr'>et</span> 
     </span>
     <span class='ocr_line' id='line_1_20' title="bbox 549 2168 2489 2230; baseline 0.002 -17"><span class='ocrx_word' id='word_1_188' title='bbox 549 2171 760 2227; x_wconf 78' lang='lat' dir='ltr'>magistro</span> <span class='ocrx_word' id='word_1_189' title='bbox 795 2169 1020 2211; x_wconf 88' lang='lat' dir='ltr'>Willelmo</span> <span class='ocrx_word' id='word_1_190' title='bbox 1060 2169 1181 2211; x_wconf 87' lang='lat' dir='ltr'>Scott</span> <span class='ocrx_word' id='word_1_191' title='bbox 1226 2169 1277 2210; x_wconf 86' lang='lat' dir='ltr'>de</span> <span class='ocrx_word' id='word_1_192' title='bbox 1322 2168 1618 2225; x_wconf 80' lang='lat' dir='ltr'>Grangemure</span> <span class='ocrx_word' id='word_1_193' title='bbox 1654 2173 1802 2211; x_wconf 85' lang='lat' dir='ltr'>nostre</span> <span class='ocrx_word' id='word_1_194' title='bbox 1838 2170 2093 2213; x_wconf 84' lang='lat' dir='ltr'>cancellarie</span> <span class='ocrx_word' id='word_1_195' title='bbox 2128 2172 2339 2215; x_wconf 89' lang='lat' dir='ltr'>directore</span> <span class='ocrx_word' id='word_1_196' title='bbox 2374 2175 2489 2230; x_wconf 84' lang='lat' dir='ltr'>apud</span> 
     </span>
     <span class='ocr_line' id='line_1_21' title="bbox 549 2247 2486 2308; baseline 0.002 -16"><span class='ocrx_word' id='word_1_197' title='bbox 549 2250 825 2305; x_wconf 88' lang='lat' dir='ltr'>Edinburght</span> <span class='ocrx_word' id='word_1_198' title='bbox 845 2249 1027 2305; x_wconf 85' lang='lat' dir='ltr'>septimo</span> <span class='ocrx_word' id='word_1_199' title='bbox 1058 2249 1126 2290; x_wconf 87' lang='lat' dir='ltr'>die</span> <span class='ocrx_word' id='word_1_200' title='bbox 1157 2249 1319 2290; x_wconf 85' lang='lat' dir='ltr'>mensis</span> <span class='ocrx_word' id='word_1_201' title='bbox 1341 2249 1534 2304; x_wconf 84' lang='lat' dir='ltr'>Augusti</span> <span class='ocrx_word' id='word_1_202' title='bbox 1554 2262 1669 2290; x_wconf 86' lang='lat' dir='ltr'>anno</span> <span class='ocrx_word' id='word_1_203' title='bbox 1691 2247 1868 2291; x_wconf 90' lang='lat' dir='ltr'>Domini</span> <span class='ocrx_word' id='word_1_204' title='bbox 1889 2249 2118 2294; x_wconf 87' lang='lat' dir='ltr'>millesimo</span> <span class='ocrx_word' id='word_1_205' title='bbox 2141 2252 2486 2308; x_wconf 85' lang='lat' dir='ltr'>quingentesimo</span> 
     </span>
     <span class='ocr_line' id='line_1_22' title="bbox 549 2327 1794 2386; baseline -0.002 -14"><span class='ocrx_word' id='word_1_206' title='bbox 549 2329 827 2386; x_wconf 89' lang='lat' dir='ltr'>nonagesimo</span> <span class='ocrx_word' id='word_1_207' title='bbox 848 2328 986 2384; x_wconf 88' lang='lat' dir='ltr'>primo</span> <span class='ocrx_word' id='word_1_208' title='bbox 1008 2331 1051 2370; x_wconf 88' lang='lat' dir='ltr'>et</span> <span class='ocrx_word' id='word_1_209' title='bbox 1071 2328 1195 2384; x_wconf 86' lang='lat' dir='ltr'>regni</span> <span class='ocrx_word' id='word_1_210' title='bbox 1216 2327 1353 2370; x_wconf 82' lang='lat' dir='ltr'>nostri</span> <span class='ocrx_word' id='word_1_211' title='bbox 1376 2327 1580 2370; x_wconf 89' lang='lat' dir='ltr'>vicesimo</span> <span class='ocrx_word' id='word_1_212' title='bbox 1602 2327 1752 2383; x_wconf 90' lang='lat' dir='ltr'>quinto</span> <span class='ocrx_word' id='word_1_213' title='bbox 1785 2360 1794 2369; x_wconf 90' lang='lat'><strong>.</strong></span> 
     </span>
    </p>
   </div>
   <div class='ocr_carea' id='block_1_4' title="bbox 551 2500 2488 2625">
    <p class='ocr_par' dir='ltr' id='par_1_5' title="bbox 551 2500 2488 2625">
     <span class='ocr_line' id='line_1_23' title="bbox 551 2500 2488 2558; baseline 0.002 -13"><span class='ocrx_word' id='word_1_214' title='bbox 551 2503 684 2545; x_wconf 83' lang='lat' dir='ltr'>Carta</span> <span class='ocrx_word' id='word_1_215' title='bbox 711 2501 909 2558; x_wconf 86' lang='lat' dir='ltr'>magistri</span> <span class='ocrx_word' id='word_1_216' title='bbox 939 2501 1143 2543; x_wconf 91' lang='lat' dir='ltr'>Herculis</span> <span class='ocrx_word' id='word_1_217' title='bbox 1165 2500 1323 2543; x_wconf 84' lang='lat' dir='ltr'>Rollok</span> <span class='ocrx_word' id='word_1_218' title='bbox 1354 2504 1397 2543; x_wconf 87' lang='lat' dir='ltr'>et</span> <span class='ocrx_word' id='word_1_219' title='bbox 1420 2515 1496 2543; x_wconf 89' lang='lat' dir='ltr'>sue</span> <span class='ocrx_word' id='word_1_220' title='bbox 1529 2514 1685 2556; x_wconf 84' lang='lat' dir='ltr'>sponse</span> <span class='ocrx_word' id='word_1_221' title='bbox 1719 2502 1849 2544; x_wconf 86' lang='lat' dir='ltr'>unius</span> <span class='ocrx_word' id='word_1_222' title='bbox 1880 2503 2014 2544; x_wconf 82' lang='lat' dir='ltr'>annui</span> <span class='ocrx_word' id='word_1_223' title='bbox 2044 2503 2239 2546; x_wconf 88' lang='lat' dir='ltr'>redditus</span> <span class='ocrx_word' id='word_1_224' title='bbox 2271 2505 2323 2546; x_wconf 89' lang='lat' dir='ltr'>de</span> <span class='ocrx_word' id='word_1_225' title='bbox 2358 2507 2488 2548; x_wconf 82' lang='lat' dir='ltr'>terris</span> 
     </span>
     <span class='ocr_line' id='line_1_24' title="bbox 552 2582 901 2625; baseline -0.003 -1"><span class='ocrx_word' id='word_1_226' title='bbox 552 2583 602 2624; x_wconf 88' lang='lat' dir='ltr'>de</span> <span class='ocrx_word' id='word_1_227' title='bbox 626 2582 859 2625; x_wconf 84' lang='lat' dir='ltr'>Caldhame</span> <span class='ocrx_word' id='word_1_228' title='bbox 892 2614 901 2623; x_wconf 88' lang='lat'><strong>.</strong></span> 
     </span>
    </p>
   </div>
   <div class='ocr_carea' id='block_1_5' title="bbox 551 2717 2487 3422">
    <p class='ocr_par' dir='ltr' id='par_1_6' title="bbox 551 2717 2487 2944">
     <span class='ocr_line' id='line_1_25' title="bbox 553 2717 2486 2785; baseline 0.002 -13"><span class='ocrx_word' id='word_1_229' title='bbox 553 2717 773 2772; x_wconf 84' lang='lat' dir='ltr'>Omnibus</span> <span class='ocrx_word' id='word_1_230' title='bbox 805 2762 814 2771; x_wconf 93' lang='lat'><strong>.</strong></span> <span class='ocrx_word' id='word_1_231' title='bbox 849 2759 858 2769; x_wconf 92' lang='lat'><strong>.</strong></span> <span class='ocrx_word' id='word_1_232' title='bbox 892 2762 900 2770; x_wconf 94' lang='lat'><strong><em>.</em></strong></span> <span class='ocrx_word' id='word_1_233' title='bbox 933 2728 1158 2774; x_wconf 63' lang='lat' dir='ltr'>,Iohannes</span> <span class='ocrx_word' id='word_1_234' title='bbox 1193 2728 1395 2771; x_wconf 85' lang='lat' dir='ltr'>Provand</span> <span class='ocrx_word' id='word_1_235' title='bbox 1428 2728 1660 2785; x_wconf 86' lang='lat' dir='ltr'>burgensis</span> <span class='ocrx_word' id='word_1_236' title='bbox 1694 2728 1746 2770; x_wconf 90' lang='lat' dir='ltr'>de</span> <span class='ocrx_word' id='word_1_237' title='bbox 1783 2727 2060 2785; x_wconf 86' lang='lat' dir='ltr'>Edinburght</span> <span class='ocrx_word' id='word_1_238' title='bbox 2095 2733 2140 2772; x_wconf 92' lang='lat' dir='ltr'>et</span> <span class='ocrx_word' id='word_1_239' title='bbox 2175 2731 2335 2774; x_wconf 85' lang='lat' dir='ltr'>Bathia</span> <span class='ocrx_word' id='word_1_240' title='bbox 2357 2733 2486 2776; x_wconf 88' lang='lat' dir='ltr'>Olerk</span> 
     </span>
     <span class='ocr_line' id='line_1_26' title="bbox 551 2809 2487 2868; baseline 0.002 -17"><span class='ocrx_word' id='word_1_241' title='bbox 551 2824 648 2852; x_wconf 88' lang='lat' dir='ltr'>mea</span> <span class='ocrx_word' id='word_1_242' title='bbox 688 2823 846 2864; x_wconf 88' lang='lat' dir='ltr'>sponsa</span> <span class='ocrx_word' id='word_1_243' title='bbox 889 2809 1080 2851; x_wconf 86' lang='lat' dir='ltr'>Salutem</span> <span class='ocrx_word' id='word_1_244' title='bbox 1125 2842 1134 2851; x_wconf 91' lang='lat'><strong><em>.</em></strong></span> <span class='ocrx_word' id='word_1_245' title='bbox 1173 2840 1182 2851; x_wconf 93' lang='lat'><strong>.</strong></span> <span class='ocrx_word' id='word_1_246' title='bbox 1230 2839 1240 2850; x_wconf 86' lang='lat'><strong>.</strong></span> <span class='ocrx_word' id='word_1_247' title='bbox 1273 2809 1499 2851; x_wconf 88' lang='lat' dir='ltr'>Noueritis</span> <span class='ocrx_word' id='word_1_248' title='bbox 1540 2822 1620 2851; x_wconf 88' lang='lat' dir='ltr'>nos</span> <span class='ocrx_word' id='word_1_249' title='bbox 1660 2809 1854 2851; x_wconf 87' lang='lat' dir='ltr'>unanimi</span> <span class='ocrx_word' id='word_1_250' title='bbox 1887 2823 2101 2851; x_wconf 87' lang='lat' dir='ltr'>consensu</span> <span class='ocrx_word' id='word_1_251' title='bbox 2140 2825 2219 2866; x_wconf 90' lang='lat' dir='ltr'>pro</span> <span class='ocrx_word' id='word_1_252' title='bbox 2259 2813 2487 2868; x_wconf 89' lang='lat' dir='ltr'>perimple-</span> 
     </span>
     <span class='ocr_line' id='line_1_27' title="bbox 551 2887 2485 2944; baseline 0.002 -13"><span class='ocrx_word' id='word_1_253' title='bbox 551 2890 668 2931; x_wconf 81' lang='lat' dir='ltr'>tione</span> <span class='ocrx_word' id='word_1_254' title='bbox 709 2888 928 2930; x_wconf 86' lang='lat' dir='ltr'>cuiusdam</span> <span class='ocrx_word' id='word_1_255' title='bbox 969 2891 1216 2930; x_wconf 84' lang='lat' dir='ltr'>contractus</span> <span class='ocrx_word' id='word_1_256' title='bbox 1251 2918 1260 2929; x_wconf 91' lang='lat'><em>.</em></span> <span class='ocrx_word' id='word_1_257' title='bbox 1296 2920 1305 2931; x_wconf 93' lang='lat'><strong>.</strong></span> <span class='ocrx_word' id='word_1_258' title='bbox 1339 2921 1348 2929; x_wconf 91' lang='lat'><strong>.</strong></span> <span class='ocrx_word' id='word_1_259' title='bbox 1383 2889 1498 2930; x_wconf 89' lang='lat' dir='ltr'>inter</span> <span class='ocrx_word' id='word_1_260' title='bbox 1532 2901 1612 2929; x_wconf 90' lang='lat' dir='ltr'>nos</span> <span class='ocrx_word' id='word_1_261' title='bbox 1648 2891 1693 2930; x_wconf 87' lang='lat' dir='ltr'>et</span> <span class='ocrx_word' id='word_1_262' title='bbox 1732 2887 1941 2944; x_wconf 82' lang='lat' dir='ltr'>quosdam</span> <span class='ocrx_word' id='word_1_263' title='bbox 1981 2891 2154 2930; x_wconf 89' lang='lat' dir='ltr'>nostros</span> <span class='ocrx_word' id='word_1_264' title='bbox 2194 2891 2485 2934; x_wconf 83' lang='lat' dir='ltr'>cautionarios</span> 
     </span>
    </p>

    <p class='ocr_par' dir='ltr' id='par_1_7' title="bbox 552 2965 2486 3422">
     <span class='ocr_line' id='line_1_28' title="bbox 668 2965 2486 3024; baseline 0.002 -16"><span class='ocrx_word' id='word_1_265' title='bbox 668 3000 677 3009; x_wconf 95' lang='lat'>.</span> <span class='ocrx_word' id='word_1_266' title='bbox 714 2968 768 3008; x_wconf 86' lang='lat' dir='ltr'>ab</span> <span class='ocrx_word' id='word_1_267' title='bbox 808 2981 894 3008; x_wconf 85' lang='lat' dir='ltr'>una</span> <span class='ocrx_word' id='word_1_268' title='bbox 930 2970 973 3008; x_wconf 87' lang='lat' dir='ltr'>et</span> <span class='ocrx_word' id='word_1_269' title='bbox 1014 2967 1271 3022; x_wconf 88' lang='lat' dir='ltr'>magistrum</span> <span class='ocrx_word' id='word_1_270' title='bbox 1308 2966 1544 3008; x_wconf 90' lang='lat' dir='ltr'>Herculem</span> <span class='ocrx_word' id='word_1_271' title='bbox 1580 2965 1738 3008; x_wconf 90' lang='lat' dir='ltr'>Rollok</span> <span class='ocrx_word' id='word_1_272' title='bbox 1779 2970 2076 3022; x_wconf 86' lang='lat' dir='ltr'>preceptorem</span> <span class='ocrx_word' id='word_1_273' title='bbox 2118 2967 2231 3009; x_wconf 89' lang='lat' dir='ltr'>scole</span> <span class='ocrx_word' id='word_1_274' title='bbox 2270 2983 2486 3024; x_wconf 88' lang='lat' dir='ltr'>gramma-</span> 
     </span>
     <span class='ocr_line' id='line_1_29' title="bbox 552 3044 2483 3101; baseline 0.002 -12"><span class='ocrx_word' id='word_1_275' title='bbox 552 3046 693 3090; x_wconf 85' lang='lat' dir='ltr'>ticalis</span> <span class='ocrx_word' id='word_1_276' title='bbox 733 3045 971 3101; x_wconf 87' lang='lat' dir='ltr'>Edinburgi</span> <span class='ocrx_word' id='word_1_277' title='bbox 1007 3049 1051 3086; x_wconf 90' lang='lat' dir='ltr'>et</span> <span class='ocrx_word' id='word_1_278' title='bbox 1090 3045 1388 3087; x_wconf 83' lang='lat' dir='ltr'>Elizabetham</span> <span class='ocrx_word' id='word_1_279' title='bbox 1431 3044 1588 3087; x_wconf 88' lang='lat' dir='ltr'>Rollok</span> <span class='ocrx_word' id='word_1_280' title='bbox 1628 3045 1721 3087; x_wconf 89' lang='lat' dir='ltr'>eius</span> <span class='ocrx_word' id='word_1_281' title='bbox 1764 3058 1968 3100; x_wconf 88' lang='lat' dir='ltr'>sponsam</span> <span class='ocrx_word' id='word_1_282' title='bbox 2008 3046 2206 3100; x_wconf 85' lang='lat' dir='ltr'>partibus</span> <span class='ocrx_word' id='word_1_283' title='bbox 2249 3048 2305 3089; x_wconf 82' lang='lat' dir='ltr'>ab</span> <span class='ocrx_word' id='word_1_284' title='bbox 2345 3049 2483 3092; x_wconf 83' lang='lat' dir='ltr'>altera</span> 
     </span>
     <span class='ocr_line' id='line_1_30' title="bbox 556 3123 2484 3180; baseline 0.001 -11"><span class='ocrx_word' id='word_1_285' title='bbox 556 3158 566 3169; x_wconf 91' lang='lat'><strong>.</strong></span> <span class='ocrx_word' id='word_1_286' title='bbox 599 3160 609 3169; x_wconf 87' lang='lat'><strong>.</strong></span> <span class='ocrx_word' id='word_1_287' title='bbox 643 3159 652 3168; x_wconf 89' lang='lat'>.</span> <span class='ocrx_word' id='word_1_288' title='bbox 684 3124 866 3167; x_wconf 85' lang='lat' dir='ltr'>confecti</span> <span class='ocrx_word' id='word_1_289' title='bbox 897 3156 906 3166; x_wconf 90' lang='lat'><em>.</em></span> <span class='ocrx_word' id='word_1_290' title='bbox 941 3155 950 3164; x_wconf 92' lang='lat'><strong><em>.</em></strong></span> <span class='ocrx_word' id='word_1_291' title='bbox 985 3155 994 3165; x_wconf 91' lang='lat'>.</span> <span class='ocrx_word' id='word_1_292' title='bbox 1026 3124 1268 3166; x_wconf 89' lang='lat' dir='ltr'>vendidisse</span> <span class='ocrx_word' id='word_1_293' title='bbox 1308 3155 1318 3166; x_wconf 89' lang='lat'><strong>.</strong></span> <span class='ocrx_word' id='word_1_294' title='bbox 1354 3156 1363 3165; x_wconf 93' lang='lat'>.</span> <span class='ocrx_word' id='word_1_295' title='bbox 1403 3155 1413 3165; x_wconf 89' lang='lat'><strong>.</strong></span> <span class='ocrx_word' id='word_1_296' title='bbox 1449 3123 1632 3179; x_wconf 87' lang='lat' dir='ltr'>prefatis</span> <span class='ocrx_word' id='word_1_297' title='bbox 1673 3123 1884 3180; x_wconf 83' lang='lat' dir='ltr'>magistro</span> <span class='ocrx_word' id='word_1_298' title='bbox 1925 3123 2108 3165; x_wconf 90' lang='lat' dir='ltr'>Herculi</span> <span class='ocrx_word' id='word_1_299' title='bbox 2149 3129 2194 3167; x_wconf 91' lang='lat' dir='ltr'>et</span> <span class='ocrx_word' id='word_1_300' title='bbox 2233 3126 2484 3171; x_wconf 85' lang='lat' dir='ltr'>Elizabethe</span> 
     </span>
     <span class='ocr_line' id='line_1_31' title="bbox 554 3201 2485 3261; baseline 0.001 -12"><span class='ocrx_word' id='word_1_301' title='bbox 554 3221 630 3249; x_wconf 90' lang='lat' dir='ltr'>sue</span> <span class='ocrx_word' id='word_1_302' title='bbox 652 3218 808 3261; x_wconf 89' lang='lat' dir='ltr'>sponse</span> <span class='ocrx_word' id='word_1_303' title='bbox 829 3217 1059 3258; x_wconf 89' lang='lat' dir='ltr'>eorumque</span> <span class='ocrx_word' id='word_1_304' title='bbox 1090 3203 1216 3246; x_wconf 88' lang='lat' dir='ltr'>alteri</span> <span class='ocrx_word' id='word_1_305' title='bbox 1247 3203 1410 3245; x_wconf 84' lang='lat' dir='ltr'>diutius</span> <span class='ocrx_word' id='word_1_306' title='bbox 1437 3202 1602 3244; x_wconf 90' lang='lat' dir='ltr'>viuenti</span> <span class='ocrx_word' id='word_1_307' title='bbox 1632 3203 1676 3243; x_wconf 94' lang='lat' dir='ltr'>in</span> <span class='ocrx_word' id='word_1_308' title='bbox 1707 3201 1938 3244; x_wconf 85' lang='lat' dir='ltr'>coniuncta</span> <span class='ocrx_word' id='word_1_309' title='bbox 1967 3201 2258 3246; x_wconf 87' lang='lat' dir='ltr'>infeodatione</span> <span class='ocrx_word' id='word_1_310' title='bbox 2289 3209 2332 3247; x_wconf 88' lang='lat' dir='ltr'>et</span> <span class='ocrx_word' id='word_1_311' title='bbox 2362 3207 2485 3250; x_wconf 88' lang='lat' dir='ltr'>here-</span> 
     </span>
     <span class='ocr_line' id='line_1_32' title="bbox 553 3281 2483 3340; baseline 0.001 -12"><span class='ocrx_word' id='word_1_312' title='bbox 553 3287 677 3329; x_wconf 88' lang='lat' dir='ltr'>dibus</span> <span class='ocrx_word' id='word_1_313' title='bbox 717 3285 830 3326; x_wconf 89' lang='lat' dir='ltr'>inter</span> <span class='ocrx_word' id='word_1_314' title='bbox 868 3284 986 3339; x_wconf 89' lang='lat' dir='ltr'>ipsos</span> <span class='ocrx_word' id='word_1_315' title='bbox 1025 3283 1215 3340; x_wconf 86' lang='lat' dir='ltr'>legitime</span> <span class='ocrx_word' id='word_1_316' title='bbox 1259 3283 1497 3339; x_wconf 81' lang='lat' dir='ltr'>procreatis</span> <span class='ocrx_word' id='word_1_317' title='bbox 1550 3296 1626 3324; x_wconf 87' lang='lat' dir='ltr'>seu</span> <span class='ocrx_word' id='word_1_318' title='bbox 1675 3281 1951 3337; x_wconf 82' lang='lat' dir='ltr'>procreandis</span> <span class='ocrx_word' id='word_1_319' title='bbox 1992 3282 2148 3337; x_wconf 90' lang='lat' dir='ltr'>quibus</span> <span class='ocrx_word' id='word_1_320' title='bbox 2187 3284 2483 3330; x_wconf 82' lang='lat' dir='ltr'>deficientibus</span> 
     </span>
     <span class='ocr_line' id='line_1_33' title="bbox 553 3360 2483 3422; baseline 0.001 -14"><span class='ocrx_word' id='word_1_321' title='bbox 553 3365 756 3422; x_wconf 82' lang='lat' dir='ltr'>legitimis</span> <span class='ocrx_word' id='word_1_322' title='bbox 792 3367 836 3405; x_wconf 87' lang='lat' dir='ltr'>et</span> <span class='ocrx_word' id='word_1_323' title='bbox 870 3363 1245 3419; x_wconf 82' lang='lat' dir='ltr'>propinquioribus</span> <span class='ocrx_word' id='word_1_324' title='bbox 1279 3363 1509 3405; x_wconf 87' lang='lat' dir='ltr'>heredibus</span> <span class='ocrx_word' id='word_1_325' title='bbox 1545 3366 1590 3404; x_wconf 89' lang='lat' dir='ltr'>et</span> <span class='ocrx_word' id='word_1_326' title='bbox 1621 3361 1856 3417; x_wconf 83' lang='lat' dir='ltr'>assignatis</span> <span class='ocrx_word' id='word_1_327' title='bbox 1897 3360 2001 3403; x_wconf 89' lang='lat' dir='ltr'>dicti</span> <span class='ocrx_word' id='word_1_328' title='bbox 2040 3362 2252 3416; x_wconf 81' lang='lat' dir='ltr'>magistri.</span> <span class='ocrx_word' id='word_1_329' title='bbox 2278 3364 2483 3409; x_wconf 87' lang='lat' dir='ltr'>Herculis</span> 
     </span>
    </p>
   </div>
  </div>
 </body>
</html>
