3016 3958
369 1157 525 1201 CCVI.

1161 574 1265 628 DE
1309 570 1911 628 ABERBROTHOC.
2404 573 2518 629 259

556 752 689 803 Haia,
724 755 770 795 et
794 752 987 796 Roberto
1016 753 1070 795 de
1096 754 1217 796 Haia
1247 754 1384 797 fratre
1419 754 1527 803 eius,
1564 753 1757 796 Roberto
1787 751 1878 794 filio
1910 750 2118 807 Eadgafi,
2151 754 2197 794 et
2231 751 2404 795 Thoma
2423 753 2513 796 filio

557 833 652 875 eius
686 866 695 875 .
760 832 891 889 (A.D.
917 835 1205 890 1198-1218.)

556 1007 841 1051 Confirmatio
863 1009 1044 1066 capituli
1065 1009 1375 1053 Brechinensis
1395 1010 1448 1052 de
1468 1008 1665 1052 ecclesiis
1700 1040 1708 1049 .

555 1143 797 1201 Vniuersis
819 1163 968 1201 sancte
989 1159 1145 1201 matris
1166 1158 1346 1201 ecclesie
1367 1157 1471 1200 filiis
1495 1157 1559 1200 M.
1579 1157 1714 1215 prior,
1747 1160 1793 1200 et
1814 1156 2011 1207 Keledei,
2034 1155 2254 1212 ceterique
2284 1155 2430 1199 clerici
2460 1157 2513 1200 de

553 1238 744 1294 capitulo
776 1238 1096 1295 Brechynensis
1127 1238 1309 1281 ecclesie
1341 1237 1530 1281 salutem
1550 1237 1830 1281 vniuersitati
1855 1240 1998 1279 vestre
2019 1240 2173 1279 notum
2194 1237 2394 1288 facimus,
2417 1237 2513 1281 Nos

553 1317 817 1360 donaciones
838 1322 883 1360 et
903 1318 1206 1361 concessiones
1222 1318 1506 1361 ecclesiarum
1524 1316 1620 1360 Deo
1640 1321 1687 1360 et
1706 1317 1973 1360 monasterio
1989 1317 2107 1360 beati
2128 1317 2299 1360 Thome
2319 1318 2514 1362 martiris

552 1398 606 1440 de
626 1398 920 1441 Abirbrothoc
955 1403 1002 1441 et
1035 1399 1262 1441 monachis
1296 1398 1457 1441 ibidem
1488 1397 1584 1441 Deo
1618 1398 1911 1441 seruientibus
1946 1401 1992 1440 et
2027 1397 2272 1449 seruituris‚
2311 1413 2339 1441 a
2372 1398 2512 1442 felicis

551 1479 758 1521 memorie
789 1479 984 1536 Tui-pino
1015 1482 1061 1522 et
1091 1479 1324 1536 Radulpho
1356 1479 1678 1535 Brechynensis
1708 1478 1889 1521 ecclesie
1917 1478 2132 1535 episcopis
2153 1479 2360 1521 canonice
2381 1479 2512 1522 colla-

551 1563 636 1610 tas,
658 1562 781 1602 ratas
811 1562 857 1601 et
885 1562 1038 1616 gratas
1058 1560 1234 1610 habere,
1259 1564 1305 1602 et
1331 1560 1495 1602 eisdem
1525 1558 1839 1602 donacionibus
1869 1561 1915 1602 et
1944 1559 2311 1610 concessionibus,
2335 1560 2448 1602 sicut
2467 1559 2512 1602 in

551 1654 702 1683 eorum
724 1640 857 1683 cartis
878 1640 1060 1682 liberius
1081 1640 1276 1697 quiecius
1297 1641 1470 1697 plenius
1503 1643 1548 1684 et
1567 1640 1929 1684 honorificentius
1959 1640 2254 1692 continentur,
2278 1640 2510 1683 consilium

550 1721 732 1777 prebere
763 1724 808 1763 et
837 1735 1067 1763 assensum
1098 1753 1109 1764 .
1141 1721 1202 1764 Et
1230 1721 1277 1763 in
1308 1722 1439 1764 huius
1468 1721 1534 1763 rei
1563 1721 1865 1764 testimonium
1895 1721 2090 1777 presenti
2122 1721 2284 1777 scripto
2317 1721 2510 1778 sigillum

518 1832 521 1834 >
551 1801 732 1845 ecclesie
752 1805 902 1845 nostre
925 1802 1105 1859 dignum
1136 1802 1340 1845 duximus
1370 1802 1677 1859 apponendum
1707 1834 1716 1845 .
1752 1802 1958 1844 Testibus
1990 1801 2043 1844 G.
2074 1802 2392 1852 archidiacono,
2415 1802 2512 1844 Hu-

341 2367 525 2411 CCVII.

550 1895 663 1938 gone
684 1882 738 1924 de
760 1882 921 1939 sigillo,
944 1883 1128 1926 Matheo
1147 1883 1327 1935 decano,
1361 1882 1542 1925 Andrea
1572 1882 1814 1939 capellano,
1848 1882 1981 1925 Petro
2012 1882 2254 1938 capellano,
2276 1882 2510 1939 Ranulpho

549 1962 777 2019 capellano
797 1963 851 2005 de
874 1963 1174 2020 Maringtona,
1193 1964 1335 2006 Adam
1358 1963 1530 2006 Blundo
1552 1967 1597 2006 et
1618 1963 1811 2006 Roberto
1833 1962 1990 2006 clerico
2010 1962 2102 2005 filio
2119 1963 2216 2006 Ade
2238 1963 2466 2007 senescalli
2499 1998 2508 2007 .

554 2041 684 2098 (A.D.
712 2043 944 2100 1212-18.)

552 2216 836 2260 Confirmatio
859 2218 1064 2274 Hugonis
1086 2218 1277 2275 episcopi
1299 2218 1620 2276 Brechynensis
1641 2218 1694 2260 de
1717 2219 1919 2261 omnibus
1940 2218 2134 2262 ecclesiis
2169 2253 2177 2262 .

552 2352 700 2422 Hugo
722 2365 805 2408 Dei
825 2366 971 2422 gratia
991 2367 1314 2423 Brechynensis
1344 2366 1574 2423 episcopus
1605 2367 1822 2409 vniuersis
1854 2369 2005 2409 sancte
2026 2366 2181 2409 matris
2203 2367 2384 2409 ecclesie
2405 2367 2507 2410 filiis

551 2448 748 2488 eternam
768 2447 814 2488 in
835 2445 1024 2489 Domino
1047 2446 1234 2489 salutem
1268 2477 1279 2488 .
1300 2447 1597 2490 Vniuersitati
1618 2450 1764 2490 vestre
1784 2450 1937 2490 notum
1957 2446 2053 2488 fieri
2074 2446 2275 2489 volumus
2303 2461 2384 2490 nos
2405 2461 2506 2490 con-

552 2526 736 2568 cessisse
758 2530 803 2568 et
822 2527 904 2568 hac
923 2527 1118 2582 presenti
1149 2531 1273 2569 carta
1301 2530 1455 2569 nostra
1475 2527 1758 2569 confirmasse
1779 2526 1874 2568 Deo
1896 2530 1942 2569 et
1961 2526 2143 2569 ecclesie
2167 2526 2316 2570 Sancti
2338 2527 2504 2570 Thome

551 2607 746 2649 martiris
767 2607 820 2649 de
842 2607 1145 2649 Aberbrothoc
1176 2611 1222 2649 et
1250 2607 1476 2650 monachis
1497 2607 1658 2650 ibidem
1680 2607 1775 2650 Deo
1807 2606 2100 2650 seruientibus
2131 2610 2177 2649 et
2207 2607 2439 2650 seruituris
2460 2608 2506 2649 in

550 2687 733 2730 liberam
769 2690 815 2730 et
850 2701 1006 2744 puram
1046 2690 1092 2730 et
1131 2690 1389 2744 perpetuam
1425 2687 1721 2738 elemosinam,
1761 2686 1989 2729 ecclesiam
2029 2686 2083 2728 de
2123 2687 2262 2730 veteri
2303 2687 2504 2739 Mum-os,

555 2768 782 2810 ecclesiam
823 2768 877 2810 de
919 2767 1229 2824 Dunnechtyn,
1261 2767 1488 2810 ecclesiam
1510 2768 1564 2817 de
1595 2766 1906 2824 Kingoldrum‚
1942 2766 2168 2809 ecclesiam
2199 2768 2252 2810 de
2285 2768 2503 2825 Panbryd,

551 2847 778 2891 ecclesiam
813 2848 867 2890 de
904 2848 1158 2904 Moniekyn,
1192 2847 1420 2890 ecclesiam
1458 2848 1511 2889 de
1549 2847 1789 2903 Gutheryn,
1823 2846 2052 2890 ecclesiam
2084 2847 2137 2889 de
2174 2847 2375 2905 Kateryn
2408 2864 2505 2892 cum

549 2929 728 2986 capellis
741 2932 803 2971 ·et
832 2929 963 2971 terris
994 2932 1038 2971 et
1068 2928 1408 2971 obuencionibus
1440 2928 1640 2970 omnibus
1671 2927 1727 2970 ad
1756 2927 1975 2983 predictas
2005 2927 2213 2971 ecclesias
2232 2928 2348 2971 iuste
2368 2930 2503 2986 perti-

551 3009 755 3051 nentibus
788 3039 799 3051 .
833 3008 1138 3051 Concessimus
1170 3009 1306 3051 eciam
1339 3008 1522 3064 prefatis
1555 3007 1779 3050 monachis
1813 3010 1863 3050 vt
1896 3007 2190 3064 predictarum
2221 3009 2503 3052 ecclesiarum

552 3090 748 3132 redditus
781 3093 826 3132 et
860 3092 1101 3146 prouentus
1131 3089 1360 3131 vniuersos
1395 3089 1452 3131 ad
1484 3102 1634 3131 eorum
1669 3087 2036 3131 sustentacionem
2068 3089 2115 3130 in
2149 3103 2255 3131 vsus
2304 3090 2504 3146 proprios

553 3173 813 3212 conuertant
848 3173 893 3212 et
927 3170 1063 3212 libere
1094 3172 1139 3212 et
1164 3169 1343 3226 pacifice
1373 3168 1569 3225 plenarie
1601 3171 1646 3210 et
1677 3167 1925 3211 honorifice
1946 3171 2127 3211 teneant
2159 3172 2205 3211 et
2235 3169 2503 3225 possideant,

552 3250 665 3293 sicut
694 3250 741 3292 in
771 3251 882 3293 bone
912 3250 1120 3292 memorie
1152 3249 1204 3294 R.
1235 3248 1558 3305 predecessoris
1582 3248 1723 3291 nostri
1758 3251 1882 3291 carta
1902 3248 2151 3291 continetur
2184 3280 2194 3290 .
2225 3249 2285 3292 Et
2305 3254 2354 3293 vt
2373 3250 2503 3293 liceat
