3016 3958
565 591 673 646 426
1047 585 1418 643 ROTULI
1483 582 2024 639 REDITUUM.

569 767 890 810 Brousterci·oft
910 770 953 808 et
1147 764 1420 806 Assedantur
1467 762 1594 804 dictis
1642 761 1893 804 tenentibus
1937 775 2016 816 pro
2061 761 2222 804 eisdem
2263 762 2458 805 terminis
2497 794 2505 803 .

633 846 924 902 Smethyeroft
999 878 1006 886 .
1071 876 1081 884 .
1202 843 1307 884 Inde
1328 841 1511 898 pecunia.
1530 841 1589 883 vii
1605 855 1652 890 s.,
1675 854 1906 896 grassuma
1925 843 2098 883 tantum
2131 874 2140 883 .

579 1005 791 1047 Nathrow
865 1037 872 1045 .
938 1035 945 1043 .
1009 1036 1015 1043 .
1084 1033 1092 1042 .
1152 1001 1395 1044 Assedatur
1421 1000 1536 1042 dicto
1567 1000 1740 1042 domino
1771 1000 1917 1042 comiti
1948 1014 2026 1056 pro
2057 1000 2253 1042 terminis
2284 1000 2365 1043 sibi
2395 1014 2513 1043 asse-

1205 1160 1365 1216 pustre,
1386 1173 1616 1216 grassuma
1635 1162 1806 1202 tantum
1825 1174 1835 1207 ;
1866 1159 1920 1201 ad
1949 1158 2218 1202 voluntatem
2240 1163 2284 1202 et
2304 1158 2447 1215 plegio
2468 1165 2516 1201 vt

1210 1253 1341 1295 supra
1375 1272 1384 1282 .

591 1398 829 1440 Tuliarblet
875 1431 882 1439 .
949 1431 956 1438 .
1022 1431 1028 1438 .
1092 1429 1100 1438 .
1162 1398 1404 1440 Assedatur
1433 1398 1548 1440 dicto
1580 1397 1752 1440 domino
1774 1398 1918 1440 comiti
1940 1412 2018 1453 pro
2039 1398 2237 1440 izei-minis
2267 1402 2315 1440 vt
2345 1413 2477 1454 supra
2508 1431 2515 1439 .

1215 1477 1322 1519 Inde
1348 1477 1531 1533 pecunia
1551 1491 1578 1518 v
1592 1477 1667 1519 lib.
1688 1478 1778 1519 vis.
1801 1477 1944 1526 viiid„
1968 1476 2093 1518 xxiiii
2113 1477 2270 1533 pultre,
2292 1492 2521 1534 grassuma,

1217 1560 1414 1606 tantum3
1440 1557 1494 1598 ad
1515 1557 1783 1600 voluntatem
1806 1560 1851 1599 et
1870 1556 2014 1613 plegio
2036 1560 2082 1599 vt
2105 1571 2236 1613 supra
2268 1591 2277 1599 .

596 1716 890 1758 Molendinum
908 1716 1097 1758 eiusdem
1171 1715 1415 1758 Assedatur
1450 1715 1701 1758 Alexandro
1736 1715 1911 1772 Naehty
1945 1730 2023 1771 pro
2058 1717 2256 1759 terminis
2285 1718 2417 1759 trium
2447 1732 2523 1759 an—

1217 1808 1369 1836 norum
1403 1798 1504 1849 post
1535 1794 1698 1836 exitum
1731 1795 1913 1837 duorum
1941 1799 1990 1837 vt
2011 1809 2142 1851 supra
2173 1827 2183 1838 .
2215 1795 2321 1838 Inde
2342 1798 2523 1853 pecunia

1216 1873 1281 1914 liii
1297 1887 1332 1915 s.
1354 1873 1415 1914 iiii
1431 1873 1486 1923 d.,
1508 1887 1739 1929 grassuma
1761 1877 1931 1916 tantum
1965 1906 1974 1915 .

1354 2111 1390 2152 B
1413 2111 1454 2153 R
1473 2111 1511 2152 E
1535 2111 1569 2152 C
1589 2111 1637 2153 H
1661 2111 1679 2152 Ι
1702 2110 1757 2154 N.

596 2268 913 2320 Pettintoskell,
955 2302 962 2310 .
1026 2302 1033 2311 .
1100 2303 1106 2309 .
1171 2269 1277 2311 Inde
1297 2269 1480 2326 pecunia.
1500 2284 1559 2311 xv
1572 2268 1645 2311 lib.
1667 2270 1729 2310 xii
1745 2284 1795 2320 s.,
1819 2269 1941 2312 xlviii
1963 2270 2108 2327 pultre
2141 2304 2150 2313 .

594 2425 825 2481 Petpookis
882 2459 889 2466 .
955 2460 961 2466 .
1023 2459 1029 2468 .
1094 2460 1101 2467 .
1164 2427 1407 2470 Assedatur
1442 2427 1692 2470 Alexandro
1723 2427 1855 2484 Lesly
1890 2429 1944 2471 de
1977 2429 2180 2473 Wardris
2213 2444 2292 2486 pro
2328 2432 2526 2474 terminis

1227 2506 1359 2549 trium
1389 2521 1602 2549 annorum
1633 2512 1733 2563 post
1763 2508 1928 2550 exitum
1950 2509 2232 2551 terminorum
2263 2524 2371 2565 quos
2398 2512 2529 2554 habet

1227 2823 1490 2874 tenentibus,
1515 2825 1616 2879 quia
1638 2823 1815 2866 soluunt
1838 2823 2025 2868 Domino
2050 2825 2163 2882 Regi
2198 2858 2206 2867 .

600 2978 856 3028 Bouterkill,
889 3011 897 3021 .
960 3011 968 3019 .
1034 3010 1041 3019 .
1105 3009 1113 3018 .
1178 2979 1283 3021 Inde
1315 2980 1498 3035 pecunia
1527 2980 1571 3022 vi
1584 2980 1658 3024 lib.
1689 2982 1814 3024 xiiis.
1845 2982 1908 3023 iiii
1921 2982 1960 3024 d.
1994 3014 2003 3023 .
2036 2982 2165 3025 Nunc
2195 2983 2423 3026 assedatur
2442 3001 2532 3028 ma-

1235 3059 1372 3115 gistro
1422 3058 1583 3102 Jacobo
1623 3059 1780 3103 Balfur
1818 3061 2074 3104 cancellario
2114 3061 2408 3119 Brechinensi‚
2458 3079 2535 3120 pei·

1229 3138 1380 3180 lit-eras
1413 3138 1574 3181 domini
1609 3140 1778 3182 comitis
1814 3139 2083 3191 Craufurdie,
2121 3144 2166 3182 et
2201 3155 2278 3196 per
2308 3143 2531 3185 confirma·

1229 3217 1394 3259 cionem
1432 3217 1630 3273 Supremi
1661 3217 1836 3261 Domini
1867 3219 2007 3262 nostri
2043 3219 2190 3275 Regis,
2224 3234 2302 3276 pro
2338 3222 2532 3264 terminis

1232 3296 1276 3337 in
1299 3295 1459 3338 eisdem
1482 3298 1697 3340 contentis
1729 3327 1738 3338 .
