<?xml version="1.0" encoding="UTF-8"?>
<!DOCTYPE html PUBLIC "-//W3C//DTD XHTML 1.0 Transitional//EN"
    "http://www.w3.org/TR/xhtml1/DTD/xhtml1-transitional.dtd">
<html xmlns="http://www.w3.org/1999/xhtml" xml:lang="en" lang="en">
 <head>
  <title>
</title>
<meta http-equiv="Content-Type" content="text/html;charset=utf-8" />
  <meta name='ocr-system' content='tesseract 3.04.00' />
  <meta name='ocr-capabilities' content='ocr_page ocr_carea ocr_par ocr_line ocrx_word'/>
</head>
<body>
  <div class='ocr_page' id='page_1' title='image "./registrumepiscop02brecuoft_0062.png"; bbox 0 0 3016 3958; ppageno 0'>
   <div class='ocr_carea' id='block_1_1' title="bbox 543 646 1941 703">
    <p class='ocr_par' dir='ltr' id='par_1_1' title="bbox 543 646 1941 703">
     <span class='ocr_line' id='line_1_1' title="bbox 543 646 1941 703; baseline 0.003 -5"><span class='ocrx_word' id='word_1_1' title='bbox 543 646 615 699; x_wconf 81' lang='lat'>48</span> <span class='ocrx_word' id='word_1_2' title='bbox 1107 647 1398 702; x_wconf 78' lang='lat' dir='ltr'><strong>CARTAE</strong></span> <span class='ocrx_word' id='word_1_3' title='bbox 1443 647 1941 703; x_wconf 84' lang='lat' dir='ltr'>ORIGINALES.</span> 
     </span>
    </p>
   </div>
   <div class='ocr_carea' id='block_1_2' title="bbox 498 835 2487 3385">
    <p class='ocr_par' dir='ltr' id='par_1_2' title="bbox 543 835 2487 1613">
     <span class='ocr_line' id='line_1_2' title="bbox 546 835 2484 901; baseline 0.002 -18"><span class='ocrx_word' id='word_1_4' title='bbox 546 835 702 884; x_wconf 90' lang='lat' dir='ltr'>dictus</span> <span class='ocrx_word' id='word_1_5' title='bbox 738 839 1017 900; x_wconf 85' lang='lat' dir='ltr'>procurator</span> <span class='ocrx_word' id='word_1_6' title='bbox 1041 837 1099 884; x_wconf 89' lang='lat' dir='ltr'>de</span> <span class='ocrx_word' id='word_1_7' title='bbox 1123 837 1365 900; x_wconf 81' lang='lat' dir='ltr'>premissis</span> <span class='ocrx_word' id='word_1_8' title='bbox 1388 836 1478 886; x_wconf 91' lang='lat' dir='ltr'>sibi</span> <span class='ocrx_word' id='word_1_9' title='bbox 1502 837 1642 901; x_wconf 88' lang='lat' dir='ltr'>petiit</span> <span class='ocrx_word' id='word_1_10' title='bbox 1667 837 1909 886; x_wconf 89' lang='lat' dir='ltr'>humiliter</span> <span class='ocrx_word' id='word_1_11' title='bbox 1932 837 2170 901; x_wconf 90' lang='lat' dir='ltr'>prouideri</span> <span class='ocrx_word' id='word_1_12' title='bbox 2194 839 2252 886; x_wconf 95' lang='lat' dir='ltr'>de</span> <span class='ocrx_word' id='word_1_13' title='bbox 2276 840 2484 887; x_wconf 85' lang='lat' dir='ltr'>remedio</span> 
     </span>
     <span class='ocr_line' id='line_1_3' title="bbox 545 923 2487 991; baseline 0.002 -19"><span class='ocrx_word' id='word_1_14' title='bbox 545 929 781 989; x_wconf 90' lang='lat' dir='ltr'>oportuno</span> <span class='ocrx_word' id='word_1_15' title='bbox 805 923 957 974; x_wconf 90' lang='lat' dir='ltr'>Vobis</span> <span class='ocrx_word' id='word_1_16' title='bbox 980 924 1124 988; x_wconf 85' lang='lat' dir='ltr'>igitur</span> <span class='ocrx_word' id='word_1_17' title='bbox 1161 929 1210 974; x_wconf 88' lang='lat' dir='ltr'>et</span> <span class='ocrx_word' id='word_1_18' title='bbox 1249 929 1454 974; x_wconf 88' lang='lat' dir='ltr'>vestrum</span> <span class='ocrx_word' id='word_1_19' title='bbox 1479 925 1674 974; x_wconf 76' lang='lat' dir='ltr'>cuilibet</span> <span class='ocrx_word' id='word_1_20' title='bbox 1711 927 1792 990; x_wconf 94' lang='lat' dir='ltr'>qui</span> <span class='ocrx_word' id='word_1_21' title='bbox 1829 942 1971 990; x_wconf 89' lang='lat' dir='ltr'>super</span> <span class='ocrx_word' id='word_1_22' title='bbox 1993 927 2274 976; x_wconf 79' lang='lat' dir='ltr'>executione</span> <span class='ocrx_word' id='word_1_23' title='bbox 2298 944 2487 991; x_wconf 89' lang='lat' dir='ltr'>presen-</span> 
     </span>
     <span class='ocr_line' id='line_1_4' title="bbox 543 1012 2487 1079; baseline 0.002 -18"><span class='ocrx_word' id='word_1_24' title='bbox 543 1013 664 1062; x_wconf 89' lang='lat' dir='ltr'>tium</span> <span class='ocrx_word' id='word_1_25' title='bbox 687 1012 874 1062; x_wconf 86' lang='lat' dir='ltr'>fueritis</span> <span class='ocrx_word' id='word_1_26' title='bbox 897 1012 1115 1077; x_wconf 78' lang='lat' dir='ltr'>requisiti</span> <span class='ocrx_word' id='word_1_27' title='bbox 1139 1029 1223 1062; x_wconf 91' lang='lat' dir='ltr'>seu</span> <span class='ocrx_word' id='word_1_28' title='bbox 1246 1014 1389 1062; x_wconf 87' lang='lat' dir='ltr'>fuerit</span> <span class='ocrx_word' id='word_1_29' title='bbox 1414 1014 1671 1078; x_wconf 90' lang='lat' dir='ltr'>requisitus</span> <span class='ocrx_word' id='word_1_30' title='bbox 1694 1015 1860 1063; x_wconf 91' lang='lat' dir='ltr'>stricte</span> <span class='ocrx_word' id='word_1_31' title='bbox 1883 1015 2187 1079; x_wconf 82' lang='lat' dir='ltr'>precipiendo</span> <span class='ocrx_word' id='word_1_32' title='bbox 2210 1016 2487 1065; x_wconf 91' lang='lat' dir='ltr'>mandamus</span> 
     </span>
     <span class='ocr_line' id='line_1_5' title="bbox 546 1101 2487 1167; baseline 0.001 -17"><span class='ocrx_word' id='word_1_33' title='bbox 546 1106 779 1166; x_wconf 91' lang='lat' dir='ltr'>quatenus</span> <span class='ocrx_word' id='word_1_34' title='bbox 802 1102 1077 1166; x_wconf 86' lang='lat' dir='ltr'>magistrum</span> <span class='ocrx_word' id='word_1_35' title='bbox 1102 1101 1262 1150; x_wconf 85' lang='lat' dir='ltr'>Dauid</span> <span class='ocrx_word' id='word_1_36' title='bbox 1301 1103 1359 1151; x_wconf 91' lang='lat' dir='ltr'>de</span> <span class='ocrx_word' id='word_1_37' title='bbox 1395 1101 1565 1167; x_wconf 85' lang='lat' dir='ltr'>Ogilvy</span> <span class='ocrx_word' id='word_1_38' title='bbox 1599 1107 1831 1152; x_wconf 90' lang='lat' dir='ltr'>rectorem</span> <span class='ocrx_word' id='word_1_39' title='bbox 1857 1104 1983 1152; x_wconf 91' lang='lat' dir='ltr'>dicte</span> <span class='ocrx_word' id='word_1_40' title='bbox 2008 1102 2207 1152; x_wconf 83' lang='lat' dir='ltr'>ecclesie</span> <span class='ocrx_word' id='word_1_41' title='bbox 2243 1104 2301 1152; x_wconf 90' lang='lat' dir='ltr'>de</span> <span class='ocrx_word' id='word_1_42' title='bbox 2341 1105 2487 1153; x_wconf 90' lang='lat' dir='ltr'>Leth-</span> 
     </span>
     <span class='ocr_line' id='line_1_6' title="bbox 544 1176 2486 1256; baseline 0.001 -17"><span class='ocrx_word' id='word_1_43' title='bbox 544 1195 628 1239; x_wconf 91' lang='lat' dir='ltr'>not</span> <span class='ocrx_word' id='word_1_44' title='bbox 651 1190 860 1254; x_wconf 86' lang='lat' dir='ltr'>legitime</span> <span class='ocrx_word' id='word_1_45' title='bbox 886 1190 1046 1239; x_wconf 90' lang='lat' dir='ltr'>citetis</span> <span class='ocrx_word' id='word_1_46' title='bbox 1069 1206 1126 1238; x_wconf 89' lang='lat' dir='ltr'>ac</span> <span class='ocrx_word' id='word_1_47' title='bbox 1151 1207 1314 1240; x_wconf 88' lang='lat' dir='ltr'>omnes</span> <span class='ocrx_word' id='word_1_48' title='bbox 1337 1191 1458 1241; x_wconf 85' lang='lat' dir='ltr'>alios</span> <span class='ocrx_word' id='word_1_49' title='bbox 1481 1195 1531 1240; x_wconf 89' lang='lat' dir='ltr'>et</span> <span class='ocrx_word' id='word_1_50' title='bbox 1555 1176 1764 1255; x_wconf 86' lang='lat' dir='ltr'>singulos</span> <span class='ocrx_word' id='word_1_51' title='bbox 1787 1207 1986 1256; x_wconf 90' lang='lat' dir='ltr'>quorum</span> <span class='ocrx_word' id='word_1_52' title='bbox 2010 1192 2209 1241; x_wconf 87' lang='lat' dir='ltr'>interest</span> <span class='ocrx_word' id='word_1_53' title='bbox 2233 1208 2317 1241; x_wconf 90' lang='lat' dir='ltr'>seu</span> <span class='ocrx_word' id='word_1_54' title='bbox 2340 1193 2486 1241; x_wconf 91' lang='lat' dir='ltr'>inter-</span> 
     </span>
     <span class='ocr_line' id='line_1_7' title="bbox 545 1279 2484 1345; baseline 0.002 -17"><span class='ocrx_word' id='word_1_55' title='bbox 545 1295 648 1328; x_wconf 86' lang='lat' dir='ltr'>esse</span> <span class='ocrx_word' id='word_1_56' title='bbox 673 1279 849 1343; x_wconf 87' lang='lat' dir='ltr'>poterit</span> <span class='ocrx_word' id='word_1_57' title='bbox 873 1280 999 1343; x_wconf 92' lang='lat' dir='ltr'>quod</span> <span class='ocrx_word' id='word_1_58' title='bbox 1025 1284 1298 1343; x_wconf 85' lang='lat' dir='ltr'>compareat</span> <span class='ocrx_word' id='word_1_59' title='bbox 1322 1296 1406 1329; x_wconf 87' lang='lat' dir='ltr'>seu</span> <span class='ocrx_word' id='word_1_60' title='bbox 1430 1285 1736 1344; x_wconf 82' lang='lat' dir='ltr'>compareant</span> <span class='ocrx_word' id='word_1_61' title='bbox 1754 1297 1840 1345; x_wconf 92' lang='lat' dir='ltr'>per</span> <span class='ocrx_word' id='word_1_62' title='bbox 1857 1297 1908 1330; x_wconf 92' lang='lat' dir='ltr'>se</span> <span class='ocrx_word' id='word_1_63' title='bbox 1927 1281 2001 1329; x_wconf 87' lang='lat' dir='ltr'>vel</span> <span class='ocrx_word' id='word_1_64' title='bbox 2019 1297 2132 1330; x_wconf 88' lang='lat' dir='ltr'>suos</span> <span class='ocrx_word' id='word_1_65' title='bbox 2154 1286 2484 1345; x_wconf 87' lang='lat' dir='ltr'>procuratores</span> 
     </span>
     <span class='ocr_line' id='line_1_8' title="bbox 545 1368 2485 1435; baseline 0.001 -19"><span class='ocrx_word' id='word_1_66' title='bbox 545 1370 592 1416; x_wconf 93' lang='lat' dir='ltr'>in</span> <span class='ocrx_word' id='word_1_67' title='bbox 617 1368 821 1418; x_wconf 88' lang='lat' dir='ltr'>ecclesia</span> <span class='ocrx_word' id='word_1_68' title='bbox 844 1372 1008 1417; x_wconf 91' lang='lat' dir='ltr'>nostra</span> <span class='ocrx_word' id='word_1_69' title='bbox 1033 1368 1298 1417; x_wconf 86' lang='lat' dir='ltr'>cathedrali</span> <span class='ocrx_word' id='word_1_70' title='bbox 1324 1385 1482 1418; x_wconf 90' lang='lat' dir='ltr'>coram</span> <span class='ocrx_word' id='word_1_71' title='bbox 1507 1370 1643 1419; x_wconf 92' lang='lat' dir='ltr'>nobis</span> <span class='ocrx_word' id='word_1_72' title='bbox 1666 1386 1750 1419; x_wconf 91' lang='lat' dir='ltr'>seu</span> <span class='ocrx_word' id='word_1_73' title='bbox 1785 1370 2119 1419; x_wconf 90' lang='lat' dir='ltr'>commissariis</span> <span class='ocrx_word' id='word_1_74' title='bbox 2142 1371 2318 1420; x_wconf 92' lang='lat' dir='ltr'>nostris</span> <span class='ocrx_word' id='word_1_75' title='bbox 2340 1371 2485 1435; x_wconf 91' lang='lat' dir='ltr'>pluri-</span> 
     </span>
     <span class='ocr_line' id='line_1_9' title="bbox 546 1458 2483 1522; baseline 0.001 -15"><span class='ocrx_word' id='word_1_76' title='bbox 546 1459 634 1507; x_wconf 90' lang='lat' dir='ltr'>bus</span> <span class='ocrx_word' id='word_1_77' title='bbox 659 1463 743 1507; x_wconf 89' lang='lat' dir='ltr'>aut</span> <span class='ocrx_word' id='word_1_78' title='bbox 777 1473 872 1506; x_wconf 89' lang='lat' dir='ltr'>uno</span> <span class='ocrx_word' id='word_1_79' title='bbox 908 1458 1092 1506; x_wconf 91' lang='lat' dir='ltr'>decimo</span> <span class='ocrx_word' id='word_1_80' title='bbox 1129 1458 1205 1505; x_wconf 90' lang='lat' dir='ltr'>die</span> <span class='ocrx_word' id='word_1_81' title='bbox 1230 1459 1404 1507; x_wconf 87' lang='lat' dir='ltr'>mensis</span> <span class='ocrx_word' id='word_1_82' title='bbox 1426 1459 1460 1506; x_wconf 90' lang='lat' dir='ltr'><strong>J</strong></span> <span class='ocrx_word' id='word_1_83' title='bbox 1463 1459 1648 1506; x_wconf 90' lang='lat' dir='ltr'>anuarii</span> <span class='ocrx_word' id='word_1_84' title='bbox 1673 1458 1890 1522; x_wconf 89' lang='lat' dir='ltr'>proximo</span> <span class='ocrx_word' id='word_1_85' title='bbox 1913 1459 2073 1507; x_wconf 86' lang='lat' dir='ltr'>futuro</span> <span class='ocrx_word' id='word_1_86' title='bbox 2095 1460 2213 1508; x_wconf 89' lang='lat' dir='ltr'>hora</span> <span class='ocrx_word' id='word_1_87' title='bbox 2237 1475 2483 1508; x_wconf 90' lang='lat' dir='ltr'>causarum</span> 
     </span>
     <span class='ocr_line' id='line_1_10' title="bbox 544 1548 2483 1613; baseline 0.001 -17"><span class='ocrx_word' id='word_1_88' title='bbox 544 1549 730 1611; x_wconf 85' lang='lat' dir='ltr'>prefato</span> <span class='ocrx_word' id='word_1_89' title='bbox 753 1548 1050 1611; x_wconf 86' lang='lat' dir='ltr'>procuratori</span> <span class='ocrx_word' id='word_1_90' title='bbox 1074 1564 1215 1611; x_wconf 88' lang='lat' dir='ltr'>super</span> <span class='ocrx_word' id='word_1_91' title='bbox 1232 1548 1424 1610; x_wconf 89' lang='lat' dir='ltr'>justitia</span> <span class='ocrx_word' id='word_1_92' title='bbox 1446 1565 1754 1612; x_wconf 88' lang='lat' dir='ltr'>responsurus</span> <span class='ocrx_word' id='word_1_93' title='bbox 1771 1565 1854 1598; x_wconf 90' lang='lat' dir='ltr'>seu</span> <span class='ocrx_word' id='word_1_94' title='bbox 1873 1549 2140 1613; x_wconf 90' lang='lat' dir='ltr'>responsuri</span> <span class='ocrx_word' id='word_1_95' title='bbox 2165 1553 2214 1597; x_wconf 93' lang='lat' dir='ltr'>et</span> <span class='ocrx_word' id='word_1_96' title='bbox 2238 1554 2483 1613; x_wconf 90' lang='lat' dir='ltr'>presentes</span> 
     </span>
    </p>

    <p class='ocr_par' dir='ltr' id='par_1_3' title="bbox 498 1636 2483 3385">
     <span class='ocr_line' id='line_1_11' title="bbox 546 1636 2482 1701; baseline 0.001 -17"><span class='ocrx_word' id='word_1_97' title='bbox 546 1638 706 1686; x_wconf 87' lang='lat' dir='ltr'>debite</span> <span class='ocrx_word' id='word_1_98' title='bbox 731 1641 960 1685; x_wconf 88' lang='lat' dir='ltr'>executas</span> <span class='ocrx_word' id='word_1_99' title='bbox 995 1636 1138 1685; x_wconf 90' lang='lat' dir='ltr'>latori</span> <span class='ocrx_word' id='word_1_100' title='bbox 1176 1638 1430 1685; x_wconf 91' lang='lat' dir='ltr'>earundem</span> <span class='ocrx_word' id='word_1_101' title='bbox 1470 1638 1723 1686; x_wconf 87' lang='lat' dir='ltr'>reddentes</span> <span class='ocrx_word' id='word_1_102' title='bbox 1761 1665 1771 1675; x_wconf 89' lang='lat'><strong>·</strong></span> <span class='ocrx_word' id='word_1_103' title='bbox 1808 1637 1989 1685; x_wconf 91' lang='lat' dir='ltr'>Datum</span> <span class='ocrx_word' id='word_1_104' title='bbox 2013 1639 2140 1701; x_wconf 92' lang='lat' dir='ltr'>apud</span> <span class='ocrx_word' id='word_1_105' title='bbox 2166 1638 2372 1686; x_wconf 89' lang='lat' dir='ltr'>Brechin</span> <span class='ocrx_word' id='word_1_106' title='bbox 2396 1639 2482 1687; x_wconf 91' lang='lat' dir='ltr'>sub</span> 
     </span>
     <span class='ocr_line' id='line_1_12' title="bbox 498 1706 2483 1788; baseline 0.001 -14"><span class='ocrx_word' id='word_1_107' title='bbox 498 1706 500 1708; x_wconf 21' lang='grc' dir='ltr'>Ι</span> <span class='ocrx_word' id='word_1_108' title='bbox 541 1726 816 1775; x_wconf 86' lang='lat' dir='ltr'>testimonio</span> <span class='ocrx_word' id='word_1_109' title='bbox 852 1725 992 1788; x_wconf 85' lang='lat' dir='ltr'>sigilli</span> <span class='ocrx_word' id='word_1_110' title='bbox 1028 1726 1178 1774; x_wconf 84' lang='lat' dir='ltr'>nostri</span> <span class='ocrx_word' id='word_1_111' title='bbox 1217 1727 1406 1774; x_wconf 91' lang='lat' dir='ltr'>rotundi</span> <span class='ocrx_word' id='word_1_112' title='bbox 1445 1726 1825 1782; x_wconf 85' lang='lat' dir='ltr'>decimo-octauo</span> <span class='ocrx_word' id='word_1_113' title='bbox 1867 1726 1942 1774; x_wconf 92' lang='lat' dir='ltr'>die</span> <span class='ocrx_word' id='word_1_114' title='bbox 1986 1726 2160 1775; x_wconf 90' lang='lat' dir='ltr'>mensis</span> <span class='ocrx_word' id='word_1_115' title='bbox 2202 1727 2483 1776; x_wconf 88' lang='lat' dir='ltr'>Decembris</span> 
     </span>
     <span class='ocr_line' id='line_1_13' title="bbox 542 1813 2483 1879; baseline 0 -16"><span class='ocrx_word' id='word_1_116' title='bbox 542 1831 666 1863; x_wconf 90' lang='lat' dir='ltr'>anno</span> <span class='ocrx_word' id='word_1_117' title='bbox 704 1814 898 1862; x_wconf 91' lang='lat' dir='ltr'>Domini</span> <span class='ocrx_word' id='word_1_118' title='bbox 933 1813 1182 1862; x_wconf 89' lang='lat' dir='ltr'>millesimo</span> <span class='ocrx_word' id='word_1_119' title='bbox 1218 1814 1680 1878; x_wconf 87' lang='lat' dir='ltr'>quadringentesimo</span> <span class='ocrx_word' id='word_1_120' title='bbox 1713 1815 2143 1879; x_wconf 89' lang='lat' dir='ltr'>tricesimo-quinto</span> <span class='ocrx_word' id='word_1_121' title='bbox 2181 1844 2191 1853; x_wconf 91' lang='lat'><strong>·</strong></span> <span class='ocrx_word' id='word_1_122' title='bbox 2230 1817 2296 1865; x_wconf 92' lang='lat' dir='ltr'>Et</span> <span class='ocrx_word' id='word_1_123' title='bbox 2320 1817 2390 1865; x_wconf 94' lang='lat' dir='ltr'>sic</span> <span class='ocrx_word' id='word_1_124' title='bbox 2415 1817 2483 1863; x_wconf 89' lang='lat' dir='ltr'>in·</span> 
     </span>
     <span class='ocr_line' id='line_1_14' title="bbox 542 1901 2481 1969; baseline 0.001 -17"><span class='ocrx_word' id='word_1_125' title='bbox 542 1905 658 1968; x_wconf 89' lang='lat' dir='ltr'>cipit</span> <span class='ocrx_word' id='word_1_126' title='bbox 700 1903 944 1967; x_wconf 89' lang='lat' dir='ltr'>inscriptio</span> <span class='ocrx_word' id='word_1_127' title='bbox 984 1903 1032 1950; x_wconf 93' lang='lat' dir='ltr'>in</span> <span class='ocrx_word' id='word_1_128' title='bbox 1073 1919 1167 1951; x_wconf 91' lang='lat' dir='ltr'>uno</span> <span class='ocrx_word' id='word_1_129' title='bbox 1208 1902 1356 1951; x_wconf 90' lang='lat' dir='ltr'>latere</span> <span class='ocrx_word' id='word_1_130' title='bbox 1387 1901 1631 1966; x_wconf 86' lang='lat' dir='ltr'>marginis,</span> <span class='ocrx_word' id='word_1_131' title='bbox 1676 1904 1742 1952; x_wconf 89' lang='lat' dir='ltr'>Et</span> <span class='ocrx_word' id='word_1_132' title='bbox 1783 1920 1869 1967; x_wconf 88' lang='lat' dir='ltr'>ego</span> <span class='ocrx_word' id='word_1_133' title='bbox 1913 1905 2152 1954; x_wconf 90' lang='lat' dir='ltr'>Robertus</span> <span class='ocrx_word' id='word_1_134' title='bbox 2187 1906 2246 1953; x_wconf 92' lang='lat' dir='ltr'>de</span> <span class='ocrx_word' id='word_1_135' title='bbox 2284 1906 2481 1969; x_wconf 88' lang='lat' dir='ltr'>Mernys</span> 
     </span>
     <span class='ocr_line' id='line_1_15' title="bbox 541 1991 2480 2056; baseline 0.002 -16"><span class='ocrx_word' id='word_1_136' title='bbox 541 1992 813 2056; x_wconf 87' lang='lat' dir='ltr'>capellanus</span> <span class='ocrx_word' id='word_1_137' title='bbox 836 1991 1145 2055; x_wconf 85' lang='lat' dir='ltr'>parrochialis</span> <span class='ocrx_word' id='word_1_138' title='bbox 1169 1993 1227 2040; x_wconf 90' lang='lat' dir='ltr'>de</span> <span class='ocrx_word' id='word_1_139' title='bbox 1253 1992 1460 2039; x_wconf 90' lang='lat' dir='ltr'>Brechin</span> <span class='ocrx_word' id='word_1_140' title='bbox 1494 1993 1586 2040; x_wconf 90' lang='lat' dir='ltr'>feci</span> <span class='ocrx_word' id='word_1_141' title='bbox 1622 1993 1953 2041; x_wconf 86' lang='lat' dir='ltr'>executionem</span> <span class='ocrx_word' id='word_1_142' title='bbox 1982 1995 2242 2043; x_wconf 88' lang='lat' dir='ltr'>secundum</span> <span class='ocrx_word' id='word_1_143' title='bbox 2266 1999 2480 2044; x_wconf 88' lang='lat' dir='ltr'>tenorem</span> 
     </span>
     <span class='ocr_line' id='line_1_16' title="bbox 541 2081 2481 2145; baseline 0.002 -16"><span class='ocrx_word' id='word_1_144' title='bbox 541 2083 679 2131; x_wconf 89' lang='lat' dir='ltr'>istius</span> <span class='ocrx_word' id='word_1_145' title='bbox 715 2081 853 2129; x_wconf 92' lang='lat' dir='ltr'>litere</span> <span class='ocrx_word' id='word_1_146' title='bbox 893 2081 940 2128; x_wconf 91' lang='lat' dir='ltr'>in</span> <span class='ocrx_word' id='word_1_147' title='bbox 981 2081 1057 2129; x_wconf 90' lang='lat' dir='ltr'>die</span> <span class='ocrx_word' id='word_1_148' title='bbox 1097 2081 1262 2129; x_wconf 91' lang='lat' dir='ltr'>Sancti</span> <span class='ocrx_word' id='word_1_149' title='bbox 1301 2081 1479 2129; x_wconf 88' lang='lat' dir='ltr'>Thome</span> <span class='ocrx_word' id='word_1_150' title='bbox 1516 2081 1720 2145; x_wconf 89' lang='lat' dir='ltr'>apostoli</span> <span class='ocrx_word' id='word_1_151' title='bbox 1757 2081 1943 2145; x_wconf 90' lang='lat' dir='ltr'>publice</span> <span class='ocrx_word' id='word_1_152' title='bbox 1980 2083 2102 2130; x_wconf 87' lang='lat' dir='ltr'>infra</span> <span class='ocrx_word' id='word_1_153' title='bbox 2134 2084 2381 2132; x_wconf 90' lang='lat' dir='ltr'>missarum</span> <span class='ocrx_word' id='word_1_154' title='bbox 2406 2100 2481 2133; x_wconf 93' lang='lat' dir='ltr'>so-</span> 
     </span>
     <span class='ocr_line' id='line_1_17' title="bbox 540 2170 2480 2235; baseline 0.001 -16"><span class='ocrx_word' id='word_1_155' title='bbox 540 2171 747 2235; x_wconf 90' lang='lat' dir='ltr'>lempnia</span> <span class='ocrx_word' id='word_1_156' title='bbox 783 2171 893 2219; x_wconf 91' lang='lat' dir='ltr'>anni</span> <span class='ocrx_word' id='word_1_157' title='bbox 931 2170 1146 2234; x_wconf 91' lang='lat' dir='ltr'>predicti,</span> <span class='ocrx_word' id='word_1_158' title='bbox 1183 2170 1388 2218; x_wconf 89' lang='lat' dir='ltr'>testibus</span> <span class='ocrx_word' id='word_1_159' title='bbox 1423 2170 1457 2217; x_wconf 92' lang='lat' dir='ltr'><strong>J</strong></span> <span class='ocrx_word' id='word_1_160' title='bbox 1462 2170 1646 2218; x_wconf 89' lang='lat' dir='ltr'>ohanne</span> <span class='ocrx_word' id='word_1_161' title='bbox 1685 2170 1916 2234; x_wconf 90' lang='lat' dir='ltr'>Stephani</span> <span class='ocrx_word' id='word_1_162' title='bbox 1950 2171 1984 2218; x_wconf 85' lang='lat' dir='ltr'><strong>J</strong></span> <span class='ocrx_word' id='word_1_163' title='bbox 1989 2171 2173 2220; x_wconf 90' lang='lat' dir='ltr'>ohanne</span> <span class='ocrx_word' id='word_1_164' title='bbox 2209 2172 2357 2220; x_wconf 91' lang='lat' dir='ltr'>Cabel</span> <span class='ocrx_word' id='word_1_165' title='bbox 2391 2173 2425 2219; x_wconf 86' lang='lat' dir='ltr'><strong>J</strong></span> <span class='ocrx_word' id='word_1_166' title='bbox 2430 2189 2480 2221; x_wconf 94' lang='lat' dir='ltr'>o-</span> 
     </span>
     <span class='ocr_line' id='line_1_18' title="bbox 540 2258 2479 2322; baseline 0 -14"><span class='ocrx_word' id='word_1_167' title='bbox 540 2263 693 2308; x_wconf 89' lang='lat' dir='ltr'>hanne</span> <span class='ocrx_word' id='word_1_168' title='bbox 736 2261 948 2308; x_wconf 91' lang='lat' dir='ltr'>Pantour</span> <span class='ocrx_word' id='word_1_169' title='bbox 985 2275 1091 2307; x_wconf 92' lang='lat' dir='ltr'>cum</span> <span class='ocrx_word' id='word_1_170' title='bbox 1128 2258 1340 2322; x_wconf 89' lang='lat' dir='ltr'>pluribus</span> <span class='ocrx_word' id='word_1_171' title='bbox 1374 2258 1480 2307; x_wconf 89' lang='lat' dir='ltr'>aliis</span> <span class='ocrx_word' id='word_1_172' title='bbox 1516 2262 1565 2307; x_wconf 92' lang='lat' dir='ltr'>et</span> <span class='ocrx_word' id='word_1_173' title='bbox 1599 2259 1788 2308; x_wconf 91' lang='lat' dir='ltr'>domino</span> <span class='ocrx_word' id='word_1_174' title='bbox 1814 2259 2023 2308; x_wconf 84' lang='lat' dir='ltr'>Patricio</span> <span class='ocrx_word' id='word_1_175' title='bbox 2050 2260 2268 2309; x_wconf 91' lang='lat' dir='ltr'>Nicholai</span> <span class='ocrx_word' id='word_1_176' title='bbox 2292 2262 2479 2310; x_wconf 89' lang='lat' dir='ltr'>notario</span> 
     </span>
     <span class='ocr_line' id='line_1_19' title="bbox 538 2347 2479 2414; baseline 0.001 -17"><span class='ocrx_word' id='word_1_177' title='bbox 538 2349 725 2413; x_wconf 93' lang='lat' dir='ltr'>publico</span> <span class='ocrx_word' id='word_1_178' title='bbox 763 2349 809 2395; x_wconf 91' lang='lat' dir='ltr'>in</span> <span class='ocrx_word' id='word_1_179' title='bbox 852 2348 981 2396; x_wconf 92' lang='lat' dir='ltr'>dicta</span> <span class='ocrx_word' id='word_1_180' title='bbox 1017 2347 1220 2396; x_wconf 89' lang='lat' dir='ltr'>ecclesia</span> <span class='ocrx_word' id='word_1_181' title='bbox 1257 2349 1319 2395; x_wconf 91' lang='lat' dir='ltr'>ad</span> <span class='ocrx_word' id='word_1_182' title='bbox 1353 2347 1505 2395; x_wconf 89' lang='lat' dir='ltr'>altare</span> <span class='ocrx_word' id='word_1_183' title='bbox 1543 2348 1708 2396; x_wconf 86' lang='lat' dir='ltr'>Sancti</span> <span class='ocrx_word' id='word_1_184' title='bbox 1749 2348 1943 2404; x_wconf 88' lang='lat' dir='ltr'>Thome,</span> <span class='ocrx_word' id='word_1_185' title='bbox 1980 2353 2105 2398; x_wconf 88' lang='lat' dir='ltr'>teste</span> <span class='ocrx_word' id='word_1_186' title='bbox 2129 2350 2219 2398; x_wconf 87' lang='lat' dir='ltr'>hac</span> <span class='ocrx_word' id='word_1_187' title='bbox 2244 2351 2479 2414; x_wconf 88' lang='lat' dir='ltr'>scriptura</span> 
     </span>
     <span class='ocr_line' id='line_1_20' title="bbox 539 2435 2479 2501; baseline 0.002 -15"><span class='ocrx_word' id='word_1_188' title='bbox 539 2455 680 2486; x_wconf 89' lang='lat' dir='ltr'>manu</span> <span class='ocrx_word' id='word_1_189' title='bbox 718 2437 910 2501; x_wconf 89' lang='lat' dir='ltr'>propria</span> <span class='ocrx_word' id='word_1_190' title='bbox 946 2453 1055 2485; x_wconf 93' lang='lat' dir='ltr'>cum</span> <span class='ocrx_word' id='word_1_191' title='bbox 1091 2435 1244 2499; x_wconf 87' lang='lat' dir='ltr'>sigillo</span> <span class='ocrx_word' id='word_1_192' title='bbox 1281 2437 1470 2500; x_wconf 92' lang='lat' dir='ltr'>proprio</span> <span class='ocrx_word' id='word_1_193' title='bbox 1508 2437 1938 2486; x_wconf 85' lang='lat' dir='ltr'>vicesimosecundo</span> <span class='ocrx_word' id='word_1_194' title='bbox 1963 2438 2038 2486; x_wconf 93' lang='lat' dir='ltr'>die</span> <span class='ocrx_word' id='word_1_195' title='bbox 2062 2440 2238 2488; x_wconf 90' lang='lat' dir='ltr'>mensis</span> <span class='ocrx_word' id='word_1_196' title='bbox 2276 2440 2479 2489; x_wconf 90' lang='lat' dir='ltr'>Decem-</span> 
     </span>
     <span class='ocr_line' id='line_1_21' title="bbox 540 2525 2477 2591; baseline 0.001 -15"><span class='ocrx_word' id='word_1_197' title='bbox 540 2529 636 2577; x_wconf 90' lang='lat' dir='ltr'>bris</span> <span class='ocrx_word' id='word_1_198' title='bbox 659 2526 875 2591; x_wconf 91' lang='lat' dir='ltr'>predicto</span> <span class='ocrx_word' id='word_1_199' title='bbox 898 2542 1036 2582; x_wconf 89' lang='lat' dir='ltr'>anno,</span> <span class='ocrx_word' id='word_1_200' title='bbox 1069 2542 1175 2574; x_wconf 92' lang='lat' dir='ltr'>cum</span> <span class='ocrx_word' id='word_1_201' title='bbox 1213 2525 1367 2589; x_wconf 89' lang='lat' dir='ltr'>sigillo</span> <span class='ocrx_word' id='word_1_202' title='bbox 1403 2526 1519 2575; x_wconf 92' lang='lat' dir='ltr'>dicti</span> <span class='ocrx_word' id='word_1_203' title='bbox 1548 2526 1750 2574; x_wconf 89' lang='lat' dir='ltr'>Roberti</span> <span class='ocrx_word' id='word_1_204' title='bbox 1787 2531 1842 2575; x_wconf 91' lang='lat' dir='ltr'>ut</span> <span class='ocrx_word' id='word_1_205' title='bbox 1878 2528 2053 2576; x_wconf 90' lang='lat' dir='ltr'>dicitur</span> <span class='ocrx_word' id='word_1_206' title='bbox 2076 2528 2124 2576; x_wconf 91' lang='lat' dir='ltr'>in</span> <span class='ocrx_word' id='word_1_207' title='bbox 2149 2545 2258 2577; x_wconf 90' lang='lat' dir='ltr'>cera</span> <span class='ocrx_word' id='word_1_208' title='bbox 2283 2531 2430 2578; x_wconf 88' lang='lat' dir='ltr'>rubea</span> <span class='ocrx_word' id='word_1_209' title='bbox 2467 2560 2477 2568; x_wconf 90' lang='lat'><strong>·</strong></span> 
     </span>
     <span class='ocr_line' id='line_1_22' title="bbox 540 2614 2478 2680; baseline 0.001 -15"><span class='ocrx_word' id='word_1_210' title='bbox 540 2619 605 2665; x_wconf 93' lang='lat' dir='ltr'>Et</span> <span class='ocrx_word' id='word_1_211' title='bbox 653 2617 723 2665; x_wconf 87' lang='lat' dir='ltr'>sic</span> <span class='ocrx_word' id='word_1_212' title='bbox 769 2615 936 2679; x_wconf 92' lang='lat' dir='ltr'>incipit</span> <span class='ocrx_word' id='word_1_213' title='bbox 983 2615 1267 2679; x_wconf 88' lang='lat' dir='ltr'>subscriptio</span> <span class='ocrx_word' id='word_1_214' title='bbox 1304 2615 1352 2662; x_wconf 93' lang='lat' dir='ltr'>in</span> <span class='ocrx_word' id='word_1_215' title='bbox 1389 2614 1484 2663; x_wconf 92' lang='lat' dir='ltr'>alio</span> <span class='ocrx_word' id='word_1_216' title='bbox 1518 2614 1670 2663; x_wconf 89' lang='lat' dir='ltr'>latere</span> <span class='ocrx_word' id='word_1_217' title='bbox 1705 2616 1944 2679; x_wconf 84' lang='lat' dir='ltr'>marginis,</span> <span class='ocrx_word' id='word_1_218' title='bbox 1982 2616 2048 2665; x_wconf 92' lang='lat' dir='ltr'>Et</span> <span class='ocrx_word' id='word_1_219' title='bbox 2089 2618 2192 2680; x_wconf 92' lang='lat' dir='ltr'>Ego</span> <span class='ocrx_word' id='word_1_220' title='bbox 2230 2619 2478 2668; x_wconf 86' lang='lat' dir='ltr'>Donaldus</span> 
     </span>
     <span class='ocr_line' id='line_1_23' title="bbox 542 2703 2477 2756; baseline 0.002 -3"><span class='ocrx_word' id='word_1_221' title='bbox 542 2704 793 2753; x_wconf 89' lang='lat' dir='ltr'>Michaelis</span> <span class='ocrx_word' id='word_1_222' title='bbox 817 2703 1018 2752; x_wconf 86' lang='lat' dir='ltr'>vicarius</span> <span class='ocrx_word' id='word_1_223' title='bbox 1042 2705 1100 2751; x_wconf 90' lang='lat' dir='ltr'>de</span> <span class='ocrx_word' id='word_1_224' title='bbox 1127 2703 1335 2751; x_wconf 90' lang='lat' dir='ltr'>Lethnot</span> <span class='ocrx_word' id='word_1_225' title='bbox 1359 2704 1450 2751; x_wconf 90' lang='lat' dir='ltr'>feci</span> <span class='ocrx_word' id='word_1_226' title='bbox 1474 2704 1804 2752; x_wconf 88' lang='lat' dir='ltr'>executionem</span> <span class='ocrx_word' id='word_1_227' title='bbox 1823 2704 2021 2753; x_wconf 89' lang='lat' dir='ltr'>istarum</span> <span class='ocrx_word' id='word_1_228' title='bbox 2044 2705 2287 2755; x_wconf 90' lang='lat' dir='ltr'>literarum</span> <span class='ocrx_word' id='word_1_229' title='bbox 2311 2723 2477 2756; x_wconf 90' lang='lat' dir='ltr'>secun-</span> 
     </span>
     <span class='ocr_line' id='line_1_24' title="bbox 539 2793 2474 2859; baseline 0 -16"><span class='ocrx_word' id='word_1_230' title='bbox 539 2797 650 2843; x_wconf 91' lang='lat' dir='ltr'>dum</span> <span class='ocrx_word' id='word_1_231' title='bbox 688 2799 902 2842; x_wconf 90' lang='lat' dir='ltr'>tenorem</span> <span class='ocrx_word' id='word_1_232' title='bbox 941 2793 1195 2841; x_wconf 91' lang='lat' dir='ltr'>earundem</span> <span class='ocrx_word' id='word_1_233' title='bbox 1234 2793 1281 2839; x_wconf 91' lang='lat' dir='ltr'>in</span> <span class='ocrx_word' id='word_1_234' title='bbox 1320 2793 1396 2840; x_wconf 89' lang='lat' dir='ltr'>die</span> <span class='ocrx_word' id='word_1_235' title='bbox 1437 2793 1602 2840; x_wconf 90' lang='lat' dir='ltr'>Sancti</span> <span class='ocrx_word' id='word_1_236' title='bbox 1639 2793 1672 2840; x_wconf 89' lang='lat' dir='ltr'><strong>J</strong></span> <span class='ocrx_word' id='word_1_237' title='bbox 1677 2793 1876 2842; x_wconf 88' lang='lat' dir='ltr'>ohannis</span> <span class='ocrx_word' id='word_1_238' title='bbox 1915 2794 2218 2858; x_wconf 87' lang='lat' dir='ltr'>ewangeliste</span> <span class='ocrx_word' id='word_1_239' title='bbox 2258 2797 2474 2859; x_wconf 88' lang='lat' dir='ltr'>proximo</span> 
     </span>
     <span class='ocr_line' id='line_1_25' title="bbox 539 2881 2475 2948; baseline 0.001 -17"><span class='ocrx_word' id='word_1_240' title='bbox 539 2884 647 2931; x_wconf 90' lang='lat' dir='ltr'>inde</span> <span class='ocrx_word' id='word_1_241' title='bbox 674 2881 892 2945; x_wconf 89' lang='lat' dir='ltr'>sequenti</span> <span class='ocrx_word' id='word_1_242' title='bbox 914 2881 1102 2944; x_wconf 89' lang='lat' dir='ltr'>publice</span> <span class='ocrx_word' id='word_1_243' title='bbox 1140 2882 1188 2928; x_wconf 91' lang='lat' dir='ltr'>in</span> <span class='ocrx_word' id='word_1_244' title='bbox 1228 2881 1431 2930; x_wconf 85' lang='lat' dir='ltr'>ecclesia</span> <span class='ocrx_word' id='word_1_245' title='bbox 1469 2882 1527 2930; x_wconf 92' lang='lat' dir='ltr'>de</span> <span class='ocrx_word' id='word_1_246' title='bbox 1554 2882 1766 2930; x_wconf 90' lang='lat' dir='ltr'>Lethnot</span> <span class='ocrx_word' id='word_1_247' title='bbox 1802 2883 1920 2930; x_wconf 89' lang='lat' dir='ltr'>hora</span> <span class='ocrx_word' id='word_1_248' title='bbox 1942 2899 2109 2946; x_wconf 89' lang='lat' dir='ltr'>magne</span> <span class='ocrx_word' id='word_1_249' title='bbox 2133 2884 2274 2932; x_wconf 90' lang='lat' dir='ltr'>misse</span> <span class='ocrx_word' id='word_1_250' title='bbox 2298 2885 2347 2931; x_wconf 93' lang='lat' dir='ltr'>in</span> <span class='ocrx_word' id='word_1_251' title='bbox 2369 2901 2475 2948; x_wconf 89' lang='lat' dir='ltr'>pre-</span> 
     </span>
     <span class='ocr_line' id='line_1_26' title="bbox 539 2970 2470 3033; baseline 0.003 -15"><span class='ocrx_word' id='word_1_252' title='bbox 539 2971 694 3019; x_wconf 87' lang='lat' dir='ltr'>sentia</span> <span class='ocrx_word' id='word_1_253' title='bbox 740 2970 1152 3033; x_wconf 89' lang='lat' dir='ltr'>parrochianorum</span> <span class='ocrx_word' id='word_1_254' title='bbox 1199 2970 1391 3018; x_wconf 92' lang='lat' dir='ltr'>citando</span> <span class='ocrx_word' id='word_1_255' title='bbox 1438 2971 1617 3019; x_wconf 89' lang='lat' dir='ltr'>dictum</span> <span class='ocrx_word' id='word_1_256' title='bbox 1664 2975 1897 3019; x_wconf 90' lang='lat' dir='ltr'>rectorem</span> <span class='ocrx_word' id='word_1_257' title='bbox 1943 2975 1993 3020; x_wconf 93' lang='lat' dir='ltr'>et</span> <span class='ocrx_word' id='word_1_258' title='bbox 2041 2988 2202 3022; x_wconf 90' lang='lat' dir='ltr'>omnes</span> <span class='ocrx_word' id='word_1_259' title='bbox 2242 2973 2470 3023; x_wconf 89' lang='lat' dir='ltr'>interesse</span> 
     </span>
     <span class='ocr_line' id='line_1_27' title="bbox 534 3058 2471 3123; baseline 0.002 -16"><span class='ocrx_word' id='word_1_260' title='bbox 534 3063 759 3123; x_wconf 91' lang='lat' dir='ltr'>putantes</span> <span class='ocrx_word' id='word_1_261' title='bbox 795 3058 969 3106; x_wconf 87' lang='lat' dir='ltr'>habere</span> <span class='ocrx_word' id='word_1_262' title='bbox 1001 3059 1063 3105; x_wconf 92' lang='lat' dir='ltr'>ad</span> <span class='ocrx_word' id='word_1_263' title='bbox 1101 3058 1226 3105; x_wconf 91' lang='lat' dir='ltr'>diem</span> <span class='ocrx_word' id='word_1_264' title='bbox 1263 3059 1576 3122; x_wconf 90' lang='lat' dir='ltr'>prescriptum</span> <span class='ocrx_word' id='word_1_265' title='bbox 1614 3087 1624 3096; x_wconf 90' lang='lat'><em>-</em></span> <span class='ocrx_word' id='word_1_266' title='bbox 1659 3059 1864 3108; x_wconf 87' lang='lat' dir='ltr'>testibus</span> <span class='ocrx_word' id='word_1_267' title='bbox 1896 3060 1931 3106; x_wconf 88' lang='lat' dir='ltr'>J</span> <span class='ocrx_word' id='word_1_268' title='bbox 1934 3060 2117 3108; x_wconf 92' lang='lat' dir='ltr'>ohanne</span> <span class='ocrx_word' id='word_1_269' title='bbox 2153 3062 2343 3110; x_wconf 90' lang='lat' dir='ltr'>Andree</span> <span class='ocrx_word' id='word_1_270' title='bbox 2382 3064 2471 3111; x_wconf 81' lang='lat' dir='ltr'>Pa-</span> 
     </span>
     <span class='ocr_line' id='line_1_28' title="bbox 533 3145 2468 3209; baseline 0.002 -14"><span class='ocrx_word' id='word_1_271' title='bbox 533 3148 673 3196; x_wconf 90' lang='lat' dir='ltr'>tricio</span> <span class='ocrx_word' id='word_1_272' title='bbox 722 3146 973 3194; x_wconf 90' lang='lat' dir='ltr'>Michaelis</span> <span class='ocrx_word' id='word_1_273' title='bbox 1023 3145 1297 3194; x_wconf 89' lang='lat' dir='ltr'>Alexandro</span> <span class='ocrx_word' id='word_1_274' title='bbox 1339 3146 1562 3209; x_wconf 82' lang='lat' dir='ltr'>Sterlyng</span> <span class='ocrx_word' id='word_1_275' title='bbox 1602 3151 1652 3195; x_wconf 90' lang='lat' dir='ltr'>et</span> <span class='ocrx_word' id='word_1_276' title='bbox 1690 3148 1725 3194; x_wconf 86' lang='lat' dir='ltr'><strong>J</strong></span> <span class='ocrx_word' id='word_1_277' title='bbox 1729 3147 1914 3195; x_wconf 88' lang='lat' dir='ltr'>ohanne</span> <span class='ocrx_word' id='word_1_278' title='bbox 1961 3148 2220 3196; x_wconf 90' lang='lat' dir='ltr'>Archibald</span> <span class='ocrx_word' id='word_1_279' title='bbox 2266 3155 2315 3198; x_wconf 91' lang='lat' dir='ltr'>et</span> <span class='ocrx_word' id='word_1_280' title='bbox 2362 3151 2468 3201; x_wconf 87' lang='lat' dir='ltr'>aliis</span> 
     </span>
     <span class='ocr_line' id='line_1_29' title="bbox 532 3235 2467 3301; baseline 0.002 -17"><span class='ocrx_word' id='word_1_281' title='bbox 532 3236 706 3290; x_wconf 89' lang='lat' dir='ltr'>multis,</span> <span class='ocrx_word' id='word_1_282' title='bbox 744 3239 870 3282; x_wconf 89' lang='lat' dir='ltr'>teste</span> <span class='ocrx_word' id='word_1_283' title='bbox 909 3235 1091 3296; x_wconf 87' lang='lat' dir='ltr'>signeto</span> <span class='ocrx_word' id='word_1_284' title='bbox 1131 3251 1234 3282; x_wconf 91' lang='lat' dir='ltr'>meo</span> <span class='ocrx_word' id='word_1_285' title='bbox 1273 3235 1381 3282; x_wconf 91' lang='lat' dir='ltr'>huic</span> <span class='ocrx_word' id='word_1_286' title='bbox 1405 3235 1542 3282; x_wconf 87' lang='lat' dir='ltr'>litere</span> <span class='ocrx_word' id='word_1_287' title='bbox 1566 3237 1784 3298; x_wconf 87' lang='lat' dir='ltr'>apposito</span> <span class='ocrx_word' id='word_1_288' title='bbox 1819 3237 1943 3298; x_wconf 92' lang='lat' dir='ltr'>apud</span> <span class='ocrx_word' id='word_1_289' title='bbox 1971 3236 2180 3285; x_wconf 91' lang='lat' dir='ltr'>Lethnot</span> <span class='ocrx_word' id='word_1_290' title='bbox 2206 3239 2467 3301; x_wconf 91' lang='lat' dir='ltr'>penultimo</span> 
     </span>
     <span class='ocr_line' id='line_1_30' title="bbox 532 3322 2465 3385; baseline 0.001 -11"><span class='ocrx_word' id='word_1_291' title='bbox 532 3328 607 3374; x_wconf 92' lang='lat' dir='ltr'>die</span> <span class='ocrx_word' id='word_1_292' title='bbox 646 3324 854 3372; x_wconf 89' lang='lat' dir='ltr'>eiusdem</span> <span class='ocrx_word' id='word_1_293' title='bbox 893 3322 1067 3370; x_wconf 90' lang='lat' dir='ltr'>mensis</span> <span class='ocrx_word' id='word_1_294' title='bbox 1111 3322 1390 3370; x_wconf 85' lang='lat' dir='ltr'>Decembris</span> <span class='ocrx_word' id='word_1_295' title='bbox 1426 3339 1532 3370; x_wconf 89' lang='lat' dir='ltr'>cum</span> <span class='ocrx_word' id='word_1_296' title='bbox 1570 3323 1753 3385; x_wconf 85' lang='lat' dir='ltr'>signeto</span> <span class='ocrx_word' id='word_1_297' title='bbox 1792 3324 1907 3371; x_wconf 89' lang='lat' dir='ltr'>dicti</span> <span class='ocrx_word' id='word_1_298' title='bbox 1948 3325 2155 3372; x_wconf 89' lang='lat' dir='ltr'>Donaldi</span> <span class='ocrx_word' id='word_1_299' title='bbox 2199 3331 2251 3373; x_wconf 90' lang='lat' dir='ltr'>ut</span> <span class='ocrx_word' id='word_1_300' title='bbox 2293 3327 2465 3376; x_wconf 89' lang='lat' dir='ltr'>dicitur</span> 
     </span>
    </p>
   </div>
  </div>
 </body>
</html>
