3016 3958
499 613 609 673 172
909 633 912 636 ·
1061 615 1352 671 OARTAE
1398 613 1897 671 ORIGINALES.

498 809 632 867 parte
657 805 938 854 occidentali
975 805 1195 852 Civitatis
1220 803 1551 852 Brechinensis
1574 803 1698 850 inter
1732 807 1885 850 terras
1919 802 2170 850 haeredum
2196 802 2429 865 quondam

497 895 531 940 J
535 895 733 942 ohannis
757 894 859 942 Tod
886 895 946 941 ad
971 894 1199 942 orientem
1225 896 1273 940 et
1298 895 1451 939 terras
1473 891 1507 937 J
1511 891 1710 939 ohannis
1734 891 1917 939 Guthre
1958 891 2016 938 ad
2053 890 2344 938 occidentem
2380 893 2429 937 et

499 999 788 1031 communem
806 983 929 1030 viam
948 982 1123 1044 regiam
1146 981 1207 1028 ad
1223 983 1433 1028 austrum
1460 983 1509 1027 et
1532 978 1578 1026 le
1600 978 1735 1026 leche
1754 978 1812 1025 de
1831 978 2120 1026 Messindew
2142 979 2203 1027 ad
2226 979 2430 1034 boream,

498 1087 680 1120 necnon
696 1072 832 1119 unius
848 1070 1006 1134 petiae
1030 1074 1186 1117 terrae
1210 1067 1402 1116 arabilis
1419 1068 1627 1130 jacentis
1650 1083 1712 1114 ex
1729 1066 1975 1130 praedicta
1997 1067 2279 1116 occidentali
2297 1072 2433 1131 parte

500 1160 722 1209 Civitatis
746 1158 1078 1207 Brechinensis
1095 1157 1220 1205 inter
1242 1160 1395 1204 terras
1418 1151 1675 1203 haeredum
1701 1155 1934 1218 quondam
1961 1153 2222 1203 Alexandri
2249 1156 2355 1203 Red
2371 1158 2433 1204 ad

499 1249 728 1296 orientem
765 1251 815 1296 et
848 1251 1002 1295 terras
1026 1245 1271 1294 Laurentii
1311 1244 1503 1307 Smytht
1540 1244 1600 1290 ad
1638 1242 1931 1290 occidentem
1966 1247 2016 1291 et
2049 1247 2202 1292 terras
2238 1245 2433 1293 Ricardi

501 1337 676 1399 Turing
710 1337 771 1383 ad
794 1339 1004 1384 austrum
1029 1338 1078 1382 et
1101 1333 1392 1397 praedictum
1416 1331 1461 1379 le
1484 1332 1617 1379 leche
1641 1333 1701 1379 ad
1726 1331 1928 1387 boream,
1965 1333 2105 1379 datae
2128 1349 2214 1396 per
2235 1334 2435 1382 honora?

498 1425 641 1473 bilem
658 1425 805 1472 virum
825 1422 1118 1470 Willelmum
1136 1421 1331 1468 Ricardi
1348 1436 1489 1467 unum
1506 1419 1782 1467 ballivorum
1802 1419 1957 1468 dictae
1972 1420 2190 1470 Civitatis
2211 1423 2437 1471 Brechin-

501 1514 626 1562 ensis
650 1513 698 1559 in
723 1512 856 1574 cujus
879 1526 1045 1558 manus
1069 1510 1191 1557 idem
1217 1513 1541 1557 tenementum
1578 1523 1683 1555 cum
1721 1507 1862 1556 dictis
1895 1508 2037 1572 petiis
2063 1513 2220 1557 terrae
2242 1511 2436 1560 arabilis

502 1618 586 1665 per
609 1601 851 1665 providum
880 1599 1025 1646 virum
1052 1599 1085 1645 J
1089 1598 1289 1646 acobum
1309 1597 1475 1644 Cutler
1497 1596 1617 1645 alias
1632 1597 1797 1659 Layng
1818 1595 1949 1659 prius
1972 1596 2255 1659 resignatum
2281 1598 2436 1647 fuerat

502 1692 550 1738 in
584 1691 792 1738 favorem
818 1688 1015 1736 Patricii
1040 1688 1244 1735 Annand
1284 1715 1294 1725 ·
1332 1686 1554 1734 Testibus
1582 1685 1787 1749 providis
1821 1690 1872 1733 et
1908 1685 2125 1734 discretis
2148 1686 2260 1735 viris
2290 1686 2438 1735 Alex-

504 1780 650 1826 andro
671 1778 881 1840 Ramsay
900 1775 1174 1823 Alexandro
1190 1774 1374 1823 Guthre
1390 1774 1424 1821 J
1427 1773 1576 1821 acobo
1595 1774 1764 1821 Pottar
1784 1772 2026 1822 Willelmo
2045 1773 2199 1823 Howe
2225 1776 2439 1825 Roberto

506 1866 816 1915 Crukschank
853 1865 1035 1912 Thoma
1071 1863 1181 1910 Mar
1214 1866 1264 1910 et
1301 1861 1559 1909 Malcolmo
1585 1860 1793 1909 Annand
1817 1861 2066 1924 sergiando
2101 1877 2207 1910 cum
2243 1864 2439 1914 diversis

505 1955 611 2003 aliis
664 1983 674 1992 ·
723 1954 756 2000 J
761 1954 943 2001 ohanne
981 1953 1142 2000 Broun
1175 1950 1350 1998 clerico
1388 1950 1758 1998 Sanctiandreae
1797 1949 1907 1996 dioe⁰
1935 1942 2167 2013 imperiali
2204 1955 2254 1999 et
2294 1953 2438 2015 regali

508 2042 872 2091 auctoritatibus
906 2040 1092 2088 notario
1131 2067 1140 2077 ·
1180 2040 1241 2086 19
1270 2038 1438 2086 Martii
1465 2038 1594 2084 1515
1635 2065 1645 2075 ·

380 2307 484 2353 CX.
519 2278 908 2357 Instrumentum
942 2307 1155 2355 Saisinae
1176 2322 1317 2370 super
1334 2305 1648 2367 resignatione
1666 2306 1898 2368 praedicti
1920 2306 2115 2354 Patricii
2141 2308 2340 2356 Tendall
2364 2325 2443 2357 ca-

510 2396 685 2460 pellani
721 2396 972 2455 anterioris
1008 2396 1136 2443 domi
1177 2394 1294 2442 dicti
1330 2393 1590 2441 tenementi
1630 2391 1746 2454 [No.
1783 2393 2001 2459 CVIII.]
2026 2394 2198 2457 tegulis
2221 2396 2440 2445 videlicet

510 2489 668 2532 tectae
685 2485 780 2534 sive
800 2488 1052 2548 coopertae
1071 2499 1176 2531 cum
1198 2483 1295 2532 suis
1312 2481 1626 2546 pertinentiis,
1640 2497 1821 2529 necnon
1845 2481 2084 2543 cujusdam
2102 2483 2260 2546 petiae
2283 2488 2439 2533 terrae

509 2590 602 2622 non
636 2574 913 2621 aedificatae
939 2573 1067 2621 dicto
1104 2572 1330 2620 anteriori
1359 2574 1633 2619 tenemento
1668 2570 1886 2632 contigue
1914 2570 2122 2633 ⁸iacentis
2145 2576 2195 2620 et
2218 2589 2279 2621 ex
2302 2579 2439 2638 parte

493 2662 774 2722 *occdentali
809 2662 1018 2724 ejusdem
1057 2659 1237 2724 equalis
1273 2658 1493 2707 videlicet
1525 2658 1832 2721 longitudinis
1876 2673 1981 2705 cum
2029 2659 2158 2708 dicto
2203 2663 2440 2710 anteriore

507 2755 783 2798 tenemento
808 2755 855 2798 et
881 2765 1127 2798 mensurae
1161 2749 1305 2797 trium
1329 2748 1500 2811 pedum
1524 2745 1743 2809 legalium
1769 2761 1874 2793 cum
1900 2747 2094 2794 dimidio
2117 2747 2165 2794 in
2189 2747 2441 2798 latitudine

507 2839 554 2885 in
600 2839 806 2886 favorem
854 2838 1203 2901 capellanorum
1251 2836 1380 2884 chori
1428 2833 1715 2883 cathedralis
1772 2833 2001 2882 ecclesiae
2058 2835 2392 2886 Breehinensis
2429 2866 2441 2875 ·

508 2927 769 2974 Reservato
809 2931 967 2974 tamen
1013 2925 1258 2972 Willelmo
1300 2923 1499 2972 Tendall
1538 2922 1673 2971 fratri
1710 2937 1932 2984 germano
1973 2921 2089 2969 dicti
2135 2923 2311 2970 domini
2347 2925 2437 2972 Pa-

504 3014 630 3061 tricii
666 3014 864 3061 Tendall
905 3019 954 3061 et
994 3014 1274 3061 haeredibus
1309 3012 1406 3061 suis
1440 3010 1590 3058 libero
1628 3009 1823 3057 introitu
1865 3013 1914 3056 et
1956 3009 2091 3057 exitu
2125 3026 2211 3073 per
2249 3016 2434 3074 portam

504 3101 619 3148 dicti
643 3101 892 3150 anterioris
915 3101 1174 3149 tenementi
1197 3102 1258 3149 ad
1283 3100 1570 3164 posteriores
1592 3098 1690 3147 sive
1714 3098 1964 3146 interiores
1987 3098 2150 3146 domos
2173 3102 2222 3146 et
2246 3099 2433 3148 bortum

500 3189 703 3251 praefati
742 3189 1009 3237 tenementi
1050 3193 1099 3237 et
1143 3189 1235 3236 hoc
1277 3204 1362 3252 pro
1381 3187 1674 3236 relevatione
1711 3186 1943 3234 dictorum
1994 3184 2347 3248 capellanorum
2386 3189 2447 3236 ad

499 3292 664 3326 manns
710 3277 1158 3326 constabulariorum
1201 3276 1432 3340 praedicti
1478 3274 1611 3337 burgi
1648 3276 1706 3323 de
1752 3274 1901 3323 sectis
1948 3278 1997 3322 et
2038 3274 2242 3323 servitiis
2276 3291 2441 3338 praes-
