3016 3958
384 2480 466 2526 CI.

504 602 614 655 164
1051 601 1343 656 CARTAE
1388 601 1887 657 ORIGINALES.

515 935 699 1016 Carta
733 983 958 1017 concessa
1004 983 1089 1031 per
1136 967 1394 1015 Ricardum
1438 968 1614 1031 Turing
1648 968 1798 1017 civem
1845 969 2068 1020 Civitatis
2109 972 2440 1021 Breohinensis

503 1056 758 1105 venerabili
777 1060 826 1106 et
845 1056 1030 1120 egregio
1051 1056 1151 1105 viro
1171 1055 1405 1119 Magistro
1430 1056 1622 1120 Hugoni
1641 1057 1900 1121 Dowglaoe
1925 1059 2105 1108 decano
2130 1060 2439 1110 Breohinensi

501 1146 783 1195 haeredibus
815 1146 914 1194 suis
948 1150 996 1193 et
1032 1145 1284 1208 assignatis
1320 1145 1460 1194 unius
1482 1146 1626 1194 annui
1662 1148 1880 1196 redditus
1913 1149 2155 1198 sexdecim
2179 1149 2438 1198 solidorum

500 1238 719 1283 monetae
743 1234 934 1282 Scotiae
958 1234 1201 1282 annuatim
1225 1233 1413 1282 levandi
1437 1235 1496 1282 de
1520 1251 1614 1282 una
1639 1236 1778 1284 domo
1797 1251 1904 1284 eum
1928 1237 2060 1301 petia
2081 1239 2209 1287 horti
2227 1239 2437 1301 ejusdem

499 1323 767 1387 pertinente
805 1322 1014 1371 Henrieo
1050 1322 1287 1385 Steynson
1322 1322 1414 1370 civi
1449 1323 1606 1371 diotae
1642 1323 1865 1373 Civitatis
1892 1325 2085 1387 jacente
2113 1327 2239 1375 inter
2260 1308 2466 1375 terram.

499 1411 847 1478 capellanorum
872 1411 1004 1459 ehori
1030 1410 1363 1459 Breohinensis
1386 1411 1447 1458 ad
1472 1412 1768 1460 occidentem
1792 1417 1841 1461 et
1864 1417 2042 1462 terram
2072 1415 2189 1463 dieti
2215 1416 2435 1478 Magistri

499 1500 718 1564 Hugonis
745 1501 806 1548 ad
841 1499 1071 1548 orientem
1097 1502 1146 1547 et
1180 1503 1357 1547 terram
1394 1514 1527 1548 suam
1562 1500 1623 1547 ad
1660 1500 1851 1548 boream
1887 1506 1935 1549 et
1960 1502 2083 1550 viam
2120 1503 2348 1553 eeclesiae
2372 1505 2434 1551 ad

496 1594 742 1646 austrum;
766 1588 960 1637 tenendi
983 1588 1032 1635 in
1057 1582 1207 1635 libero
1231 1587 1457 1650 burgagio
1481 1588 1540 1635 de
1564 1603 1782 1651 supremo
1807 1589 1997 1638 domino
2031 1595 2196 1639 nostro
2221 1591 2355 1654 Rege
2384 1592 2433 1639 in

494 1680 634 1727 feodo
658 1683 707 1726 et
732 1677 1026 1726 haereditate
1045 1677 1390 1739 imperpetuum
1427 1703 1438 1713 ·
1476 1675 1608 1724 Data
1630 1676 1717 1724 sub
1741 1676 1895 1739 sigillo
1919 1694 2006 1726 suo
2024 1679 2150 1743 apud
2175 1679 2430 1728 Civitatem

497 1768 862 1816 Breohinensem
897 1779 1037 1813 xxu.
1063 1765 1139 1812 die
1175 1764 1350 1812 mensis
1376 1763 1497 1811 Maii
1531 1779 1656 1812 anno
1691 1763 1886 1813 Domini
1922 1765 2173 1815 millesimo
2208 1768 2430 1831 quingen-

493 1858 663 1906 tesimo
687 1855 936 1904 undecimo
959 1868 1117 1902 eoram
1152 1853 1227 1902 his
1249 1852 1454 1902 testibus
1478 1851 1733 1900 venerabili
1757 1857 1806 1900 et
1842 1854 2060 1903 diseretis
2082 1855 2194 1904 viris
2229 1857 2429 1905 dominis

495 1946 704 1994 Patricio
724 1944 895 2007 Boyiss
911 1942 1208 1991 thesaurario
1225 1941 1534 1989 Breehinensi
1551 1940 1586 1986 J
1589 1941 1774 1988 ohanne
1794 1941 2000 1990 Ferrour
2019 1947 2183 1991 curato
2201 1944 2427 1992 Breehin-

494 2034 594 2082 ensi
614 2033 825 2081 Henrioo
850 2032 1059 2080 Thomae
1077 2030 1354 2078 Alexandro
1379 2029 1653 2076 Crawmont
1678 2033 1727 2076 et
1754 2029 1786 2076 J
1789 2029 1973 2077 ohanne
1988 2031 2022 2076 J
2025 2047 2251 2080 amesoun
2270 2033 2426 2096 capel-

491 2121 614 2171 lanis
635 2121 670 2167 J
674 2122 857 2169 ohanne
893 2120 1126 2168 Annande
1150 2122 1199 2166 et
1221 2118 1255 2165 J
1259 2118 1444 2166 ohanne
1479 2117 1689 2165 Richard
1714 2117 1851 2167 laicis
1874 2134 1979 2166 oum
2016 2119 2211 2170 diversis
2234 2120 2341 2170 aliis
2377 2149 2390 2160 ·

501 2449 685 2531 Carta
719 2496 943 2529 concessa
975 2495 1060 2542 per
1093 2478 1292 2525 eundem
1330 2476 1587 2524 Ricardum
1613 2475 1791 2537 Turing
1815 2475 1942 2522 dieto
1961 2475 2200 2538 ⁴Magistro
2226 2477 2415 2540 Hugoni

489 2571 745 2634 Dowglace
780 2570 919 2616 unius
952 2567 1102 2631 partis
1135 2565 1394 2613 tenementi
1429 2564 1476 2611 in
1514 2579 1606 2627 qua
1636 2563 1872 2611 inhabitat
1901 2564 2057 2614 dietus
2093 2565 2326 2615 Ricardus
2341 2567 2416 2628 ja-

487 2661 638 2708 centis
670 2659 796 2706 inter
829 2662 1006 2705 terram
1042 2655 1274 2718 quondam
1318 2654 1526 2721 Thornae
1569 2651 1753 2700 Cutlair
1792 2653 1852 2699 ad
1888 2653 2117 2701 orientem
2153 2658 2203 2701 et
2236 2658 2413 2702 terram

486 2749 643 2796 David
685 2747 868 2795 Guthre
909 2744 1070 2792 elerici
1103 2741 1387 2806 paroehialis
1421 2742 1479 2788 de
1516 2740 1722 2788 Breohin
1755 2741 1817 2787 ad
1859 2740 2150 2789 occidentem
2187 2745 2236 2789 et
2269 2742 2410 2790 aliam

484 2841 668 2900 partem
709 2835 825 2882 dieti
863 2833 1124 2882 tenementi
1163 2832 1211 2878 in
1247 2847 1341 2894 qua
1374 2829 1610 2877 inhabitat
1644 2829 1678 2875 J
1681 2828 1856 2877 aeobus
1895 2828 2007 2891 Myr
2039 2830 2100 2876 ad
2135 2829 2324 2877 boream
2360 2836 2408 2877 et

483 2926 606 2972 viam
641 2922 868 2971 eeclesiae
892 2922 953 2969 ad
985 2924 1196 2969 austrum
1219 2919 1268 2966 in
1292 2921 1555 2966 warantum
1580 2915 1784 2979 praefati
1807 2916 1949 2963 annui
1983 2917 2194 2966 redditus
2231 2946 2241 2955 ·
2278 2918 2410 2966 Data

484 3013 570 3061 sub
605 3010 757 3074 sigillo
781 3025 866 3058 suo
898 3008 1003 3057 loco
1030 3013 1244 3070 tempore
1281 3010 1331 3054 et
1367 3020 1525 3052 eoram
1561 3003 1765 3052 testibus
1788 3003 1953 3052 iisdem
1989 3003 2155 3065 quibus
2193 3005 2239 3052 in
2277 3011 2411 3054 earta

484 3098 804 3163 suprascripta
841 3126 851 3134 ·
