3016 3958
348 1272 545 1318 XXXI.

568 634 639 688 56
1153 637 1443 693 CARTAE
1487 637 1981 694 ORIGINALES.

636 823 701 871 Et
736 839 823 887 ego
859 825 1094 875 Patricius
1132 827 1347 875 Nicholai
1382 828 1616 891 presbiter
1653 827 1987 877 Brechinensis
2022 829 2251 892 dyoecesis
2284 830 2500 894 publicus

567 912 856 962 auctoritate
882 914 1107 978 Imperali
1135 915 1359 965 Notarius
1384 918 1516 980 (etc.)

570 1113 717 1162 Carta
741 1115 799 1162 de
822 1119 1095 1165 tenemento
1119 1117 1166 1164 in
1194 1117 1413 1166 Monross
1453 1146 1462 1155 ·
1501 1118 1573 1181 Ly
1598 1118 1836 1166 Grahame
1875 1147 1883 1155 -

579 1235 659 1319 In
684 1262 1006 1321 Dei'Nomine
1032 1274 1183 1320 Amen
1223 1301 1232 1310 ·
1272 1301 1282 1310 -
1322 1301 1331 1310 ·
1370 1274 1542 1321 Pateat
1578 1274 1821 1323 evidenter
1855 1275 1980 1338 quod
2006 1290 2130 1323 anno
2155 1275 2506 1324 Incarnationis

571 1362 804 1411 dominice
846 1360 1094 1410 millesimo
1135 1362 1598 1425 quadringentesimo
1644 1363 1886 1411 tricesimo
1935 1363 2137 1427 septimo
2187 1363 2361 1411 mensis
2394 1379 2505 1410 vero

569 1450 792 1500 Octobris
837 1449 914 1497 die
960 1450 1179 1503 secunda,
1218 1450 1336 1498 hora
1382 1451 1516 1514 quasi
1555 1452 1740 1500 decima
1784 1455 1896 1500 ante
1944 1452 2187 1500 meridiem
2229 1452 2499 1500 Indictione

569 1541 722 1604 prima
774 1539 1085 1588 Pontificatus
1121 1567 1131 1577 ·
1172 1567 1182 1577 ·
1221 1568 1231 1577 ·
1270 1539 1471 1603 Eugenii
1509 1569 1519 1578 ·
1559 1569 1568 1578 ·
1608 1569 1618 1579 ·
1654 1557 1776 1605 pape
1836 1541 1993 1605 quarti
2047 1557 2170 1589 anno
2217 1545 2356 1590 sexto
2395 1569 2404 1578 ·
2445 1569 2454 1578 ·
2494 1569 2503 1577 ·

571 1628 896 1678 Personaliter
918 1629 1206 1677 constitutus
1243 1629 1476 1678 discretus
1513 1630 1585 1677 vir
1621 1630 1838 1678 dominus
1875 1629 2112 1678 Patricius
2149 1629 2326 1693 Elyoth
2351 1628 2509 1693 capel-

573 1718 709 1766 lanus
732 1718 907 1765 Sancte
943 1717 1110 1765 Crucis
1148 1718 1207 1765 de
1248 1718 1491 1767 Montross
1533 1719 1761 1782 quasdam
1800 1723 1960 1767 cartas
1992 1720 2040 1765 in
2073 1733 2357 1782 pergameno
2380 1717 2507 1765 clare

570 1811 620 1855 et
646 1806 871 1856 distincte
895 1806 1097 1869 scriptas
1137 1822 1230 1854 non
1267 1822 1398 1855 rasas
1436 1834 1446 1844 ·
1485 1835 1496 1844 ·
1535 1835 1545 1845 ·
1581 1823 1670 1855 nec
1707 1807 1756 1854 in
1793 1806 1952 1871 aliqua
1989 1807 2061 1856 sui
2102 1811 2238 1871 parte
2262 1810 2508 1870 suspectas

568 1895 761 1943 nomina
798 1899 847 1943 et
887 1894 1041 1957 sigilla
1077 1895 1482 1959 infrascriptorum
1515 1896 1815 1945 continentes
1838 1894 1993 1944 medio
2017 1895 2243 1960 produxit
2282 1899 2331 1943 et
2366 1894 2510 1942 michi

566 1985 753 2033 notario
790 1983 979 2048 publico
1016 1984 1317 2048 infrascripto
1352 1985 1551 2033 tradidit
1589 1985 1896 2048 perlegendas
1935 1990 1984 2033 et
2021 1984 2331 2048 publicandas
2366 1988 2417 2032 et
2450 1984 2498 2031 in

566 2073 804 2138 publicam
829 2073 1025 2122 formam
1053 2074 1331 2137 redigendas
1371 2091 1570 2138 quarum
1595 2075 1747 2138 prima
1779 2075 1848 2123 sic
1873 2074 2038 2138 incipit
2077 2103 2087 2112 ·
2124 2074 2354 2122 Omnibus
2379 2074 2501 2121 hanc

568 2167 747 2210 cartam
774 2162 940 2211 visuris
962 2161 1036 2210 vel
1061 2162 1295 2211 audituris
1322 2162 1591 2212 Willelmus
1615 2163 1852 2212 Grahame
1877 2163 2092 2212 dominus
2116 2164 2174 2210 de
2205 2162 2497 2225 Kyncardyn

569 2250 780 2300 Salutem
809 2251 857 2298 in
895 2250 1104 2298 Domino
1127 2251 1463 2314 sempiternam
1503 2280 1513 2289 ·
1552 2252 1795 2300 Noueritis
1818 2268 1894 2299 me
1913 2268 1974 2300 ex
1999 2255 2131 2300 certa
2154 2252 2277 2299 bona
2301 2255 2349 2299 et
2373 2251 2498 2299 iusta

569 2356 712 2389 causa
734 2356 840 2388 cum
863 2355 1093 2388 consensu
1118 2345 1166 2388 et
1189 2355 1386 2389 assensu
1410 2340 1598 2388 domine
1623 2340 1845 2389 Eufamie
1878 2340 2066 2388 Relicto
2090 2341 2323 2404 quondam
2349 2340 2498 2403 patris

568 2429 718 2478 nostri
752 2433 800 2476 et
837 2444 941 2476 cum
979 2444 1210 2477 consensu
1245 2429 1434 2478 heredis
1468 2430 1619 2478 nostri
1656 2429 1922 2478 vendidisse
1958 2445 2015 2477 ac
2046 2429 2189 2478 titulo
2213 2429 2498 2478 venditionis

567 2518 798 2567 alienasse
822 2518 1046 2582 magistro
1071 2517 1251 2566 Thome
1289 2517 1407 2566 Bele
1446 2521 1676 2582 perpetuo
1707 2518 1882 2566 vicario
1907 2519 1965 2566 de
1998 2519 2239 2566 Montross
2262 2519 2497 2582 quoddam

566 2611 888 2655 tenementum
926 2610 1139 2655 nostrum
1180 2606 1427 2655 continens
1467 2608 1584 2655 duas
1623 2607 1883 2670 perticatas
1923 2622 2031 2654 cum
2065 2607 2218 2655 tribus
2249 2606 2499 2670 quarteriis

537 2708 542 2713 ·
566 2700 692 2744 terre
721 2695 887 2758 jacens
910 2695 958 2742 in
982 2695 1130 2758 burgo
1155 2696 1213 2742 de
1239 2695 1483 2744 Montross
1517 2695 1565 2743 in
1600 2696 1704 2744 vico
1741 2696 1823 2759 qui
1848 2695 2021 2744 dicitur
2043 2700 2349 2744 murrastrete
2374 2697 2499 2744 inter

567 2788 743 2833 terram
785 2783 1016 2831 Willelmi
1055 2783 1202 2847 Wyly
1242 2784 1303 2832 ad
1344 2784 1534 2832 boream
1571 2801 1632 2832 ex
1667 2788 1804 2849 parte
1841 2800 1932 2832 vna
1966 2789 2015 2833 et
2049 2789 2226 2833 terram
2263 2786 2497 2848 quondam

574 2872 803 2920 Willelmi
825 2873 1091 2920 Borovman
1116 2873 1176 2920 ad
1199 2876 1411 2921 austrum
1434 2888 1496 2920 ex
1514 2877 1649 2936 parte
1672 2872 1826 2921 altera
1848 2887 1934 2936 pro
1957 2889 2139 2921 summa
2161 2873 2498 2936 quinquaginta

568 2981 830 3013 marcarum
865 2964 1194 3028 sterlingorum
1229 2969 1418 3014 monete
1460 2966 1621 3014 Scotie
1656 2969 1771 3014 tunc
1817 2966 2048 3015 currentis
2088 2982 2228 3029 quam
2269 2981 2496 3014 summam

568 3053 809 3118 predictus
831 3053 1056 3116 magister
1080 3053 1286 3103 Thomas
1318 3053 1436 3102 Bele
1459 3058 1673 3116 tempore
1708 3053 2018 3102 confectionis
2040 3054 2273 3118 presentis
2295 3058 2425 3103 carte
2450 3055 2498 3103 in

570 3143 701 3190 dicta
741 3142 880 3189 domo
919 3141 1056 3190 nobis
1095 3142 1362 3190 numerauit
1409 3146 1459 3190 et
1495 3141 1706 3205 plenarie
1745 3142 1978 3190 satisfecit
2019 3146 2069 3190 et
2100 3142 2337 3206 -persoluit
2374 3171 2384 3181 ·
2422 3143 2499 3191 De

570 3230 852 3294 quaquidem
889 3245 1070 3279 summa
1104 3230 1443 3294 quinquaginta
1476 3245 1740 3278 marcarum
1775 3230 2039 3293 predictum
2078 3231 2350 3295 magistrum
2376 3232 2499 3281 Tho-

569 3335 694 3366 mam
717 3318 915 3367 heredes
938 3333 1048 3367 suos
1070 3322 1351 3367 executores
1385 3321 1435 3366 et
1470 3317 1735 3381 assignatos
1757 3318 1940 3381 quitum
1976 3323 2025 3367 et
2061 3319 2218 3383 quitos
2241 3318 2498 3370 clamamus
