3016 3958
258 2860 513 2904 CCCXCII.

513 618 622 678 372
992 617 1306 674 CARTAE
1346 615 1972 671 MISCELLANEAE.

517 797 748 839 earundem
779 798 824 839 in
855 811 967 852 aqua.
998 800 1149 839 vocata
1179 796 1252 837 the
1284 795 1569 837 Northwater
1598 797 1643 836 et
1674 808 1768 836 cum
1800 792 2050 835 molendino
2081 792 2292 836 fullonum
2323 793 2454 837 terris

516 876 771 918 brasinariis
792 876 1075 931 omnibusque
1108 905 1118 916 .
1153 907 1161 915 .
1193 907 1203 916 .
1232 874 1329 916 aliis
1360 905 1369 916 .
1403 905 1413 915 .
1447 904 1458 915 .
1489 873 1764 928 pertinentiis
1797 902 1807 914 .
1841 904 1851 915 .
1886 904 1895 914 .
1921 872 2169 928 jacentibus
2188 873 2234 915 in
2263 874 2452 917 dominio

516 955 569 996 de
590 955 774 996 Brechin
805 958 849 997 et
878 955 988 996 infra
1008 953 1353 995 vicecomitatum
1384 953 1435 994 de
1467 952 1623 994 Forfar
1659 985 1667 994 .
1700 952 1964 1008 Quequidem
1996 985 2006 995 .
2039 984 2049 996 .
2083 986 2092 996 .
2126 953 2179 995 ad
2210 954 2450 1010 predictum

518 1034 730 1078 Joannem
762 1067 771 1077 .
805 1065 815 1075 .
847 1066 857 1077 .
889 1033 1145 1076 hereditarie
1189 1032 1493 1089 pertinuerunt
1533 1036 1578 1073 et
1615 1046 1694 1088 per
1732 1032 1876 1088 ipsum
1907 1063 1917 1073 .
1952 1063 1962 1074 .
1997 1063 2007 1074 .
2038 1032 2082 1074 in
2122 1033 2322 1075 manibus
2356 1065 2365 1075 .
2396 1066 2405 1075 .
2441 1063 2452 1074 .

519 1115 653 1172 Regis
669 1119 875 1170 tanquam
906 1146 915 1156 .
951 1146 960 1155 .
991 1145 1002 1156 .
1035 1112 1268 1168 superioris
1289 1112 1458 1154 ratione
1474 1112 1559 1154 acti
1581 1112 1884 1155 annexationis
1915 1145 1925 1155 .
1960 1143 1970 1153 .
2005 1144 2016 1155 .
2046 1113 2265 1169 resignate
2281 1113 2457 1156 fuerunt

565 1226 575 1236 .
608 1227 617 1237 .
649 1209 743 1236 cum
785 1193 980 1235 clausula
1018 1192 1071 1234 de
1110 1190 1238 1233 Nouo
1279 1191 1432 1234 damus
1469 1223 1478 1234 .
1517 1222 1527 1232 .
1566 1224 1575 1233 .
1618 1192 1840 1234 Tenendis
1875 1225 1884 1235 .
1920 1225 1929 1235 .
1967 1226 1976 1235 .
2014 1193 2243 1249 sepedictis
2277 1226 2286 1236 .
2323 1225 2332 1236 .
2367 1225 2376 1235 .
2411 1198 2456 1236 et

520 1273 747 1315 heredibus
780 1272 894 1314 inter
925 1272 1043 1327 ipsos
1075 1271 1267 1327 legitime
1302 1271 1541 1327 procreatis
1576 1304 1584 1313 .
1619 1304 1627 1313 .
1661 1303 1671 1313 .
1703 1272 1860 1327 quibus
1894 1272 2192 1315 deficientibus
2226 1273 2457 1316 heredibus

522 1356 566 1395 et
598 1352 832 1408 assignatis
862 1351 963 1393 dicti
995 1350 1178 1393 Joannis
1214 1350 1539 1406 quibuscunque
1571 1381 1583 1392 .
1617 1383 1626 1392 .
1659 1383 1668 1393 .
1702 1351 1936 1394 Reddendo
1975 1353 2075 1394 inde
2110 1353 2333 1396 annuatim
2376 1357 2455 1395 etc.

519 1446 729 1473 summam
752 1431 902 1486 viginti
922 1430 1052 1472 trium
1075 1429 1281 1472 librarum
1302 1433 1347 1472 et
1366 1434 1553 1486 quatuor
1574 1431 1808 1474 solidorum
1830 1432 1885 1474 ad
1917 1464 1926 1473 .
1959 1462 1969 1473 .
1999 1464 2009 1474 .
2039 1432 2247 1475 terminos
2269 1433 2456 1475 Penthe-

522 1515 663 1553 costes
684 1514 728 1553 et
751 1510 897 1552 Sancti
919 1510 1100 1552 Martini
1132 1540 1141 1553 .
1174 1541 1182 1552 .
1218 1542 1227 1552 .
1261 1524 1443 1552 vnacum
1470 1511 1653 1567 triginta.
1682 1512 1918 1567 caponibus
1951 1512 2105 1554 saltem
2127 1512 2454 1568 quatuordeeim

522 1590 683 1632 solidos
702 1604 780 1646 pro
803 1589 995 1645 qualibet
1010 1589 1206 1631 duodena
1227 1590 1476 1640 eorundem,
1498 1594 1543 1633 et
1562 1591 1751 1646 quinque
1772 1591 1982 1633 duodenis
2003 1594 2048 1634 et
2067 1595 2255 1647 quatuor
2274 1592 2457 1648 pultreis

523 1669 677 1711 saltem
711 1682 784 1711 sex
819 1668 977 1710 solidos
1010 1683 1087 1724 pro
1120 1669 1313 1724 qualibet
1345 1669 1544 1712 duodena.
1574 1700 1583 1713 .
1617 1702 1627 1712 .
1659 1702 1669 1712 .
1702 1674 1747 1713 et
1781 1684 1879 1712 cum
1911 1685 1998 1713 vna
2026 1671 2224 1714 duodena
2253 1686 2458 1714 anserum

523 1748 676 1790 saltem
708 1748 941 1790 octodecim
973 1748 1132 1790 solidos
1163 1763 1241 1804 pro
1272 1748 1447 1800 eisdem,
1481 1753 1670 1804 quatuor
1698 1749 1827 1792 bollis
1857 1764 2094 1792 auenarum
2124 1751 2324 1793 videlicet
2354 1753 2457 1795 hors

522 1841 649 1868 corne
686 1826 836 1870 saltem
869 1827 1055 1882 quinque
1088 1827 1247 1870 solidos
1284 1843 1362 1884 pro
1383 1828 1577 1883 qualibet
1611 1828 1728 1871 bolla,
1759 1859 1770 1870 .
1802 1861 1811 1871 .
1844 1862 1854 1872 .
1888 1844 1973 1872 vna
2007 1830 2179 1872 barrela
2215 1830 2458 1874 salmonum

524 1906 678 1949 saltem
699 1906 988 1962 quadraginta¹
1010 1907 1171 1949 solidos
1196 1922 1274 1963 pro
1296 1908 1461 1958 eadem,
1482 1908 1527 1949 in
1549 1908 1724 1964 optione
1742 1908 1966 1959 soluentis,
1986 1909 2042 1951 ad
2061 1910 2270 1952 terminos
2286 1910 2460 1952 vsuales

574 2018 583 2029 .
623 2018 632 2028 .
667 2000 833 2028 necnon
874 1986 1053 2028 heredes
1090 1990 1134 2028 ct
1165 1987 1378 2042 assignati
1413 1987 1517 2029 dicti
1550 1987 1734 2029 Joannis
1767 2018 1776 2030 .
1813 2018 1822 2028 .
1854 2019 1865 2030 .
1898 1988 2157 2044 duplicando
2192 2021 2202 2031 .
2237 2021 2247 2031 .
2282 2021 2291 2032 .
2325 1990 2461 2032 feudi-

527 2066 693 2107 firmam
725 2065 863 2121 primo
885 2079 997 2107 anno
1019 2079 1165 2107 eorum
1187 2066 1392 2108 introitus
1422 2097 1432 2109 .
1468 2099 1478 2108 .
1515 2099 1523 2107 .
1554 2081 1721 2109 necnon
1741 2068 1976 2123 prestando
1998 2072 2088 2111 tres
2120 2072 2260 2111 sectas
2291 2070 2346 2111 ad
2376 2071 2462 2112 tria

527 2144 687 2199 placita
707 2144 909 2200 capitalia.
930 2159 1071 2187 coram
1096 2145 1268 2187 balliuis
1300 2146 1575 2209 episcopatus
1605 2147 1658 2188 de
1689 2145 1878 2189 Brechin
1909 2147 2151 2203 Vbicunque
2179 2150 2458 2201 tenebuntur,

529 2228 572 2265 et
593 2224 816 2266 seruiendo
837 2223 1009 2266 balliuis
1030 2225 1222 2266 eiusdem
1243 2225 1517 2281 episcopatus
1543 2229 1737 2282 tempore
1767 2241 1926 2283 guerre
1947 2231 1992 2270 et
2011 2227 2056 2269 in
2077 2228 2175 2270 aliis
2203 2230 2463 2272 exercitibus

529 2303 659 2359 regiis
691 2318 768 2359 pro
801 2307 991 2359 tempore
1024 2304 1095 2346 vbi
1128 2305 1400 2360 contigerint,
1437 2309 1482 2347 et
1513 2305 1745 2348 deferendo
1788 2320 1938 2349 eorum
1977 2321 2116 2363 grana.
2150 2322 2234 2363 que
2266 2322 2459 2351 crescere

531 2381 788 2439 contigerint
822 2396 950 2438 super
984 2383 1116 2425 fundo
1151 2384 1440 2439 predictarum
1476 2388 1692 2427 terrarum
1731 2386 1786 2427 ad
1821 2386 2113 2428 molendinum
2149 2391 2348 2430 vocatum
2385 2389 2462 2430 the

532 2461 751 2503 Milndene
772 2461 970 2503 molenda
988 2476 1066 2518 pro
1083 2462 1295 2505 solutione
1313 2464 1588 2506 astrictarum
1606 2464 1841 2507 multuram
1872 2498 1882 2507 .
1915 2497 1925 2507 .
1958 2496 1968 2508 .
1999 2465 2130 2522 Apud
2147 2466 2463 2510 Haliruidhous

533 2548 685 2600 quarto
717 2545 785 2586 die
817 2545 977 2587 mensis
1012 2545 1163 2588 Martii
1190 2560 1303 2588 anno
1337 2545 1512 2588 Domini
1542 2547 1770 2591 millesimo
1801 2548 2148 2605 quingentesimo
2180 2551 2461 2608 nonagesimo

535 2623 714 2679 septimo
746 2654 757 2666 .

539 2849 672 2917 King
706 2862 734 2904 J
738 2877 853 2905 ames
889 2863 969 2906 VI.
1005 2868 1157 2921 grants
1192 2867 1240 2909 of
1271 2881 1364 2910 new
1402 2871 1447 2911 to
1485 2867 1627 2912 David
1662 2868 1769 2912 Earl
1801 2869 1849 2914 of
1878 2870 2094 2914 Craufurd
2122 2872 2198 2915 the
2228 2872 2392 2930 barony
2421 2873 2469 2915 of

539 2940 746 2996 Fynevin,
778 2942 917 2983 which
947 2944 1001 2984 he
1032 2944 1117 2986 had
1146 2946 1346 3002 resigned
1375 2948 1421 2989 in
1451 2949 1639 3004 August,
1672 2950 1795 3000 1597,
1827 2949 2050 3007 including
2078 2951 2152 2994 the
2182 2951 2361 3008 lodging
2380 2953 2466 2994 and

540 3023 759 3062 tenement
793 3021 839 3063 of
869 3021 967 3064 land
1000 3023 1138 3066 called
1169 3026 1243 3068 the
1279 3026 1421 3069 Earl’s
1455 3028 1656 3085 Lodging
1690 3029 1811 3086 lying
1844 3030 1890 3071 iu
1927 3031 2003 3072 the
2038 3031 2179 3087 burgh
2211 3031 2260 3073 of
2294 3030 2465 3074 Dundie

541 3113 655 3154 upon
676 3099 749 3140 the
771 3101 897 3142 south
924 3101 1013 3143 side
1038 3103 1086 3144 of
1110 3104 1183 3145 the
1207 3105 1356 3160 parish
1384 3107 1481 3148 kirk
1507 3108 1690 3159 thereos,
1712 3108 1819 3151 with
1846 3109 1922 3151 the
1949 3109 2219 3160 advocation‚
2243 3110 2464 3161 donation,

541 3178 625 3220 and
649 3178 768 3234 right
793 3179 840 3220 of
859 3183 1096 3237 patrona-ge
1121 3182 1169 3224 of
1191 3183 1264 3225 the
1292 3185 1545 3242 chaplainry
1568 3187 1758 3230 founded
1781 3187 1934 3230 within
1957 3188 2033 3230 the
2062 3189 2154 3230 said
2186 3188 2380 3245 lodging,
2411 3204 2467 3232 an

541 3257 702 3298 annual
726 3261 824 3300 rent
850 3259 898 3300 of
925 3274 1005 3301 one
1031 3261 1224 3304 hundred
1248 3263 1394 3306 merks
1421 3279 1575 3322 money
1598 3266 1787 3309 foresaid
1810 3266 1958 3323 yearly
1983 3270 2031 3309 to
2058 3268 2111 3309 be
2139 3267 2322 3324 uplifted
2348 3269 2469 3311 furth

542 3335 591 3377 of
613 3335 680 3378 his
705 3335 933 3391 Majesty's
959 3344 1083 3394 great
1113 3344 1304 3384 customs
1329 3342 1377 3385 of
1399 3343 1473 3386 the
1501 3344 1644 3401 burgh
1672 3344 1720 3387 of
1743 3344 1929 3396 Dundie,
1955 3345 2060 3388 with
2085 3346 2159 3388 the
2185 3346 2305 3403 craig
2331 3347 2469 3389 called
