3016 3958
499 644 610 699 410
994 641 1425 698 LITERAE
1488 640 1950 698 PAPALES.

501 821 663 878 privari
684 825 729 864 et
756 822 812 864 ab
839 820 915 864 illo
935 821 1139 872 amoveri,
1171 834 1222 863 ac
1251 821 1393 876 ipsum
1414 818 1808 862 archidiaconatum
1831 819 1914 862 sibi
1934 819 2121 863 conferri
2141 822 2187 864 et
2208 820 2438 878 assignari,

500 915 644 944 coram
663 901 820 944 dilecto
840 900 928 944 filio
950 901 1118 943 Thoma
1137 898 1379 942 Lauderdel
1400 898 1571 941 officiali
1594 897 1743 941 Sancti
1764 899 1938 942 Andree
1956 899 2134 943 fecisset
2153 900 2210 943 ad
2231 900 2443 958 judicium

502 982 686 1032 evocari,
717 984 762 1024 et
790 982 882 1037 ipse
915 980 1106 1023 officialis
1127 979 1172 1021 in
1193 992 1326 1021 causa
1353 977 1603 1033 hujusmodi
1632 992 1770 1034 usque
1800 978 1855 1021 ad
1885 979 2206 1022 conclusionem
2234 980 2444 1024 inclusive

501 1061 614 1103 inter
643 1064 789 1116 partes
819 1060 938 1115 ipsas
967 1058 1262 1115 processisset,
1293 1057 1488 1113 prefatus
1520 1057 1742 1101 Gilbertus
1763 1058 1906 1101 minus
1937 1060 2152 1103 veraciter
2183 1060 2445 1117 pretendens

503 1154 549 1181 se
570 1140 626 1181 ab
646 1139 795 1181 eodem
820 1138 1003 1181 Ricardo
1033 1151 1162 1194 super
1191 1137 1306 1179 dicto
1337 1136 1690 1180 archidiaconatu
1720 1136 1912 1180 indebite
1931 1137 2170 1190 molestari,
2192 1153 2221 1182 a
2239 1140 2447 1182 confectis

504 1218 877 1261 molestationibus
907 1216 1154 1272 hujusmodi
1189 1216 1244 1258 ad
1280 1215 1433 1258 Sedem
1463 1216 1762 1272 Apostolicam
1790 1217 2045 1274 appellavit,
2074 1232 2241 1275 nosque
2271 1233 2448 1262 causam

504 1297 807 1353 appellationis
840 1296 1089 1351 hujusmodi
1123 1295 1280 1338 dilecto
1315 1295 1405 1338 filio
1442 1295 1652 1352 magistro
1688 1295 1880 1338 Johanni
1913 1295 2070 1340 Didaci
2105 1298 2159 1341 de
2195 1297 2312 1342 Ooca
2350 1312 2449 1354 cap-

503 1378 673 1434 pellano
694 1380 844 1419 nostro
874 1380 918 1418 et
947 1390 1175 1418 causarum
1206 1374 1366 1417 Palatii
1387 1374 1630 1430 Apostolici
1651 1374 1839 1418 auditori
1869 1375 2127 1418 audiendam
2157 1376 2451 1420 commisimus

505 1462 548 1500 et
587 1458 672 1499 fine
712 1456 855 1499 debito
891 1455 1237 1504 terminandam3
1272 1454 1451 1510 ipseque
1486 1454 1659 1497 auditor
1691 1468 1919 1510 perperam
1953 1455 2000 1496 in
2034 1454 2283 1510 hujusmodi
2317 1469 2452 1499 causa

507 1537 744 1593 procedens
765 1536 1033 1579 diffinitivam
1051 1550 1129 1591 pro
1146 1535 1241 1591 ipso
1258 1534 1452 1577 Gilberto
1469 1537 1513 1576 et
1528 1537 1680 1577 contra
1691 1534 1908 1591 prefatum
1929 1534 2165 1578 Ricardum
2186 1535 2447 1579 sententiam

509 1616 803 1672 promulgavit
822 1615 1030 1671 iniquam,
1052 1630 1077 1657 a
1097 1628 1183 1671 qua
1211 1614 1324 1656 idem
1354 1613 1567 1656 Ricardus
1596 1613 1651 1655 ad
1687 1613 1841 1656 Sedem
1872 1613 2170 1671 Apostolicam
2190 1613 2452 1671 appellavit;

512 1709 676 1750 nosque
701 1708 877 1736 causam
907 1693 1059 1736 ultime
1088 1692 1396 1749 appellationis
1424 1692 1673 1747 hujusmodi
1705 1692 1861 1736 dilecto
1892 1693 1981 1736 filio
2012 1693 2223 1750 magistro
2259 1693 2453 1736 Johanni

503 1776 555 1816 de
578 1773 796 1816 Cesarinis
821 1772 952 1815 etiam
981 1772 1234 1828 cappellano
1264 1774 1414 1814 nostro
1445 1775 1490 1813 et
1519 1785 1749 1813 causarum
1778 1771 1883 1815 dicti
1914 1772 2075 1815 Palatii
2104 1773 2293 1816 auditori
2323 1774 2446 1816 audi-

505 1854 659 1895 endam
694 1852 987 1895 commisimus
1021 1855 1066 1894 et
1095 1852 1180 1892 fine
1210 1851 1356 1893 debito
1390 1850 1738 1899 terminandam3
1771 1865 1952 1908 cumque
1980 1852 2255 1908 postmodum
2285 1853 2340 1895 ab
2371 1853 2451 1895 ali-

507 1933 663 1988 quibus
683 1934 953 1974 assereretur
974 1931 1118 1972 neutri
1138 1930 1351 1972 dictorum
1381 1929 1555 1972 Ricardi
1586 1933 1631 1972 et
1661 1929 1846 1973 Gilberti
1875 1931 1921 1972 in
1950 1931 2066 1976 dicto
2097 1932 2451 1976 archidiaconatu

509 2026 586 2054 seu
607 2011 661 2053 ad
689 2011 812 2052 illum
838 2011 914 2065 jus
945 2012 1202 2065 competere,
1234 2023 1314 2051 nos
1345 2022 1520 2051 causam
1550 2009 1799 2064 hujusmodi
1831 2023 1976 2052 coram
2006 2010 2121 2054 dicto
2151 2011 2323 2055 officiali
2350 2027 2457 2069 pen-

508 2092 680 2134 dentem
701 2090 962 2133 advocantes
983 2103 1127 2131 coram
1148 2089 1263 2131 dicto
1289 2089 1317 2130 J
1321 2089 1491 2130 ohanne
1511 2088 1708 2132 auditore
1730 2089 2022 2134 concessimus
2042 2090 2137 2134 dari
2157 2091 2203 2134 in
2222 2091 2454 2142 mandatis,

508 2170 647 2213 literis
678 2184 807 2226 super
840 2170 938 2226 ipsa
972 2169 1262 2211 concessionis
1299 2169 1444 2224 gratia
1469 2183 1564 2211 *non
1599 2168 1821 2219 confectis,
1859 2172 1909 2211 ut
1945 2169 1983 2211 si
2019 2169 2101 2213 sibi
2139 2184 2219 2227 per
2252 2176 2456 2215 eventum

511 2251 602 2292 litis
623 2249 871 2304 hujusmodi
892 2249 1105 2305 legittime
1122 2252 1344 2291 constaret
1373 2251 1577 2290 neutrum
1608 2247 1785 2292 Ricardi
1814 2252 1859 2292 et
1888 2247 2077 2293 Gilberti
2097 2250 2388 2306 predictorum
2408 2252 2455 2294 in

511 2331 623 2372 dicto
657 2329 1008 2372 archidiaconatu
1044 2343 1120 2370 seu
1140 2328 1194 2370 ad
1216 2328 1339 2369 illum
1369 2328 1445 2383 jus
1480 2328 1655 2378 habere,
1689 2327 1889 2370 eumdem
1917 2328 2329 2385 archidiaconatum,
2362 2331 2454 2373 siue

510 2423 587 2464 per
620 2408 907 2464 privationem
942 2408 1135 2463 ejusdem
1172 2407 1355 2450 Gilberti
1390 2422 1469 2464 per
1503 2408 1720 2464 prefatum
1755 2408 2004 2465 episcopum
2039 2423 2118 2465 per
2148 2422 2271 2452 suam
2300 2410 2455 2453 diffini—

514 2489 649 2530 tivam
672 2488 944 2538 sententiam,
966 2501 1048 2543 que
1069 2487 1190 2529 nulla
1210 2488 1516 2543 provocatione
1541 2501 1753 2544 suspensa
1778 2488 1824 2530 in
1853 2502 1946 2531 rem
1975 2488 2180 2532 transivit
2202 2488 2456 2545 judicatam,

516 2568 774 2610 auctoritate
813 2567 1033 2609 ordinaria
1070 2570 1250 2623 propter
1289 2567 1566 2623 injectionem
1610 2581 1818 2614 manuum
1857 2567 2108 2623 hujusmodi
2146 2568 2322 2621 factam,
2365 2570 2456 2614 sive

517 2647 627 2689 alias
664 2646 815 2702 quovis
850 2647 976 2690 modo
1011 2650 1199 2697 vacaret,
1234 2647 1427 2703 predicto
1464 2647 1651 2690 Ricardo
1684 2648 1944 2691 auctoritate
1976 2651 2129 2692 nostra
2163 2649 2381 2694 conferret
2410 2657 2456 2694 et

521 2726 790 2782 assignaret3
822 2727 1000 2783 ipseque
1026 2727 1054 2770 J
1057 2728 1250 2770 ohannes
1279 2728 1332 2770 de
1364 2727 1583 2771 Cesarinis
1603 2728 1776 2771 auditor
1794 2729 2069 2786 postmodum
2089 2730 2135 2772 in
2154 2744 2287 2774 causa
2305 2730 2458 2787 hujus-

521 2805 635 2847 modi
655 2806 710 2847 ad
730 2806 963 2849 nonnullos
990 2811 1128 2857 actus,
1152 2807 1263 2849 citra
1292 2811 1439 2850 tamen
1469 2807 1788 2851 conclusionem
1817 2808 1933 2852 inter
1960 2812 2107 2865 partes
2137 2809 2270 2866 ipsas,
2302 2810 2459 2855 dicitur

522 2884 809 2939 processisse3
841 2899 950 2935 cum,
983 2889 1144 2936 autem,
1177 2886 1289 2929 sicut
1319 2887 1469 2929 eadem
1500 2887 1655 2943 petitio
1677 2888 1983 2945 subjungebat,
2006 2889 2202 2946 prefatus
2232 2889 2458 2935 Gilbertus

524 2964 664 3005 adhuc
679 2964 723 3005 in
739 2965 1011 3020 possessione
1031 2966 1134 3008 dicti
1155 2966 1530 3010 archidiaconatus
1551 2967 1757 3018 existens,
1780 2967 1858 3010 lite
1876 2967 2124 3023 hujusmodi
2144 2982 2289 3012 coram
2309 2970 2459 3013 eodem

524 3043 724 3085 Johanne
754 3043 805 3085 de
840 3042 1060 3087 Cesarinis
1091 3045 1152 3087 sic
1181 3045 1372 3088 indecisa
1401 3046 1630 3102 pendente,
1650 3047 1698 3089 in
1727 3051 1870 3090 castro
1903 3046 2051 3091 Sancti
2082 3046 2249 3103 Quirini
2276 3050 2458 3093 Aretine

525 3122 708 3164 diocesis
729 3121 967 3165 Romanam
982 3124 1145 3166 curiam
1167 3124 1385 3180 sequendo
1405 3125 1537 3168 fuerit
1556 3126 1648 3168 vita
1666 3126 1856 3177 functus,
1878 3140 1960 3169 nos
1980 3129 2143 3170 statum
2165 3141 2294 3171 cause
2310 3129 2462 3185 hujus-

530 3201 659 3251 modi,
681 3215 847 3243 necnon
869 3203 1011 3244 omnia
1031 3207 1076 3245 et
1097 3203 1270 3258 singula
1297 3204 1507 3247 beneficia
1526 3204 1823 3249 ecclesiastica
1839 3219 1936 3248 cum
1957 3219 2061 3248 cura
2081 3209 2125 3249 et
2145 3207 2238 3250 sine
2258 3222 2363 3251 cura
2377 3224 2460 3265 que

530 3281 670 3323 (lictus
710 3280 920 3323 Ricardus
963 3281 1008 3323 in
1051 3282 1391 3338 quibuscumque
1435 3283 1629 3327 ecclesiis
1674 3284 1763 3326 sive
1808 3284 1915 3328 locis
1959 3299 2013 3327 ex
2058 3285 2284 3341 quibusvis
2328 3289 2458 3332 etiam

532 3359 780 3415 apostolicis
800 3359 1193 3416 dispensationibus
1224 3362 1392 3406 obtinet
1420 3366 1466 3406 et
1495 3367 1696 3419 expectat
1726 3395 1735 3407 .
1769 3396 1778 3406 .
1810 3395 1820 3407 .
1853 3378 2132 3421 quecumque,
2153 3371 2457 3425 quotcumque,
