<?xml version="1.0" encoding="UTF-8"?>
<!DOCTYPE html PUBLIC "-//W3C//DTD XHTML 1.0 Transitional//EN"
    "http://www.w3.org/TR/xhtml1/DTD/xhtml1-transitional.dtd">
<html xmlns="http://www.w3.org/1999/xhtml" xml:lang="en" lang="en">
 <head>
  <title>
</title>
<meta http-equiv="Content-Type" content="text/html;charset=utf-8" />
  <meta name='ocr-system' content='tesseract 3.04.00' />
  <meta name='ocr-capabilities' content='ocr_page ocr_carea ocr_par ocr_line ocrx_word'/>
</head>
<body>
  <div class='ocr_page' id='page_1' title='image "./registrumepiscop02brecuoft_0230.png"; bbox 0 0 3016 3958; ppageno 0'>
   <div class='ocr_carea' id='block_1_1' title="bbox 437 648 1921 741">
    <p class='ocr_par' dir='ltr' id='par_1_1' title="bbox 437 648 1921 741">
     <span class='ocr_line' id='line_1_1' title="bbox 437 648 1921 741; baseline -0.001 -1"><span class='ocrx_word' id='word_1_1' title='bbox 437 687 452 697; x_wconf 90' lang='lat'><strong>·</strong></span> <span class='ocrx_word' id='word_1_2' title='bbox 514 666 634 740; x_wconf 76' lang='lat'>‘216</span> <span class='ocrx_word' id='word_1_3' title='bbox 1075 684 1368 741; x_wconf 76' lang='lat' dir='ltr'>cAR&#39;rAE</span> <span class='ocrx_word' id='word_1_4' title='bbox 1415 648 1921 740; x_wconf 57' lang='lat' dir='ltr'><strong>ORIGINALE&#39;S.</strong></span> 
     </span>
    </p>
   </div>
   <div class='ocr_carea' id='block_1_2' title="bbox 529 852 2485 1477">
    <p class='ocr_par' dir='ltr' id='par_1_2' title="bbox 529 852 2485 1477">
     <span class='ocr_line' id='line_1_2' title="bbox 529 852 2481 939; baseline -0.002 -15"><span class='ocrx_word' id='word_1_5' title='bbox 529 852 864 925; x_wconf 83' lang='lat' dir='ltr'>Brechinensis</span> <span class='ocrx_word' id='word_1_6' title='bbox 899 878 959 924; x_wconf 88' lang='lat' dir='ltr'>ad</span> <span class='ocrx_word' id='word_1_7' title='bbox 997 877 1154 925; x_wconf 89' lang='lat' dir='ltr'>oriens</span> <span class='ocrx_word' id='word_1_8' title='bbox 1190 880 1239 924; x_wconf 93' lang='lat' dir='ltr'>et</span> <span class='ocrx_word' id='word_1_9' title='bbox 1276 871 1571 924; x_wconf 81' lang='lat' dir='ltr'>communem</span> <span class='ocrx_word' id='word_1_10' title='bbox 1609 874 1764 922; x_wconf 87' lang='lat' dir='ltr'>vicum</span> <span class='ocrx_word' id='word_1_11' title='bbox 1790 890 1884 938; x_wconf 90' lang='lat' dir='ltr'>quo</span> <span class='ocrx_word' id='word_1_12' title='bbox 1910 874 2007 923; x_wconf 87' lang='lat' dir='ltr'>itur</span> <span class='ocrx_word' id='word_1_13' title='bbox 2030 875 2092 922; x_wconf 90' lang='lat' dir='ltr'>ad</span> <span class='ocrx_word' id='word_1_14' title='bbox 2115 874 2345 939; x_wconf 92' lang='lat' dir='ltr'>templum</span> <span class='ocrx_word' id='word_1_15' title='bbox 2382 873 2481 922; x_wconf 87' lang='lat' dir='ltr'>vul-</span> 
     </span>
     <span class='ocr_line' id='line_1_3' title="bbox 529 964 2482 1030; baseline -0.001 -16"><span class='ocrx_word' id='word_1_16' title='bbox 529 966 709 1030; x_wconf 89' lang='lat' dir='ltr'>gariter</span> <span class='ocrx_word' id='word_1_17' title='bbox 731 966 814 1013; x_wconf 90' lang='lat' dir='ltr'>the</span> <span class='ocrx_word' id='word_1_18' title='bbox 843 966 984 1015; x_wconf 87' lang='lat' dir='ltr'>West</span> <span class='ocrx_word' id='word_1_19' title='bbox 1021 966 1131 1013; x_wconf 88' lang='lat' dir='ltr'>kirk</span> <span class='ocrx_word' id='word_1_20' title='bbox 1165 965 1265 1029; x_wconf 91' lang='lat' dir='ltr'>gait</span> <span class='ocrx_word' id='word_1_21' title='bbox 1301 968 1622 1029; x_wconf 89' lang='lat' dir='ltr'>nuncupatum</span> <span class='ocrx_word' id='word_1_22' title='bbox 1661 965 1723 1012; x_wconf 88' lang='lat' dir='ltr'>ad</span> <span class='ocrx_word' id='word_1_23' title='bbox 1748 967 1992 1020; x_wconf 85' lang='lat' dir='ltr'>austrum;</span> <span class='ocrx_word' id='word_1_24' title='bbox 2028 965 2265 1012; x_wconf 88' lang='lat' dir='ltr'>tenendae</span> <span class='ocrx_word' id='word_1_25' title='bbox 2300 964 2350 1012; x_wconf 91' lang='lat' dir='ltr'>in</span> <span class='ocrx_word' id='word_1_26' title='bbox 2385 980 2482 1012; x_wconf 89' lang='lat' dir='ltr'>em-</span> 
     </span>
     <span class='ocr_line' id='line_1_4' title="bbox 530 1053 2483 1120; baseline -0.002 -17"><span class='ocrx_word' id='word_1_27' title='bbox 530 1055 736 1120; x_wconf 89' lang='lat' dir='ltr'>phiteosi</span> <span class='ocrx_word' id='word_1_28' title='bbox 772 1059 821 1113; x_wconf 87' lang='lat' dir='ltr'>et</span> <span class='ocrx_word' id='word_1_29' title='bbox 857 1055 1157 1104; x_wconf 90' lang='lat' dir='ltr'>haereditate</span> <span class='ocrx_word' id='word_1_30' title='bbox 1193 1055 1540 1119; x_wconf 76' lang='lat' dir='ltr'>imperpetuum</span> <span class='ocrx_word' id='word_1_31' title='bbox 1579 1082 1589 1091; x_wconf 91' lang='lat'>-</span> <span class='ocrx_word' id='word_1_32' title='bbox 1629 1053 1895 1101; x_wconf 85' lang='lat' dir='ltr'>Reddendo</span> <span class='ocrx_word' id='word_1_33' title='bbox 1932 1054 2040 1102; x_wconf 89' lang='lat' dir='ltr'>inde</span> <span class='ocrx_word' id='word_1_34' title='bbox 2077 1053 2322 1102; x_wconf 87' lang='lat' dir='ltr'>annuatim</span> <span class='ocrx_word' id='word_1_35' title='bbox 2358 1069 2483 1102; x_wconf 90' lang='lat' dir='ltr'>sum-</span> 
     </span>
     <span class='ocr_line' id='line_1_5' title="bbox 532 1143 2483 1208; baseline -0.001 -16"><span class='ocrx_word' id='word_1_36' title='bbox 532 1161 656 1192; x_wconf 90' lang='lat' dir='ltr'>mam</span> <span class='ocrx_word' id='word_1_37' title='bbox 681 1144 826 1193; x_wconf 85' lang='lat' dir='ltr'>trium</span> <span class='ocrx_word' id='word_1_38' title='bbox 851 1143 1111 1193; x_wconf 89' lang='lat' dir='ltr'>solidorum</span> <span class='ocrx_word' id='word_1_39' title='bbox 1144 1148 1193 1192; x_wconf 91' lang='lat' dir='ltr'>et</span> <span class='ocrx_word' id='word_1_40' title='bbox 1233 1148 1436 1208; x_wconf 90' lang='lat' dir='ltr'>quatuor</span> <span class='ocrx_word' id='word_1_41' title='bbox 1472 1143 1773 1191; x_wconf 90' lang='lat' dir='ltr'>denariorum</span> <span class='ocrx_word' id='word_1_42' title='bbox 1809 1147 2030 1192; x_wconf 89' lang='lat' dir='ltr'>monetae</span> <span class='ocrx_word' id='word_1_43' title='bbox 2067 1143 2259 1192; x_wconf 88' lang='lat' dir='ltr'>Scotiae</span> <span class='ocrx_word' id='word_1_44' title='bbox 2298 1171 2307 1180; x_wconf 87' lang='lat'><strong>·</strong></span> <span class='ocrx_word' id='word_1_45' title='bbox 2345 1143 2483 1190; x_wconf 88' lang='lat' dir='ltr'>Haec</span> 
     </span>
     <span class='ocr_line' id='line_1_6' title="bbox 533 1231 2485 1298; baseline -0.002 -15"><span class='ocrx_word' id='word_1_46' title='bbox 533 1238 669 1283; x_wconf 87' lang='lat' dir='ltr'>carta</span> <span class='ocrx_word' id='word_1_47' title='bbox 693 1235 876 1283; x_wconf 89' lang='lat' dir='ltr'>habens</span> <span class='ocrx_word' id='word_1_48' title='bbox 912 1234 959 1282; x_wconf 93' lang='lat' dir='ltr'>in</span> <span class='ocrx_word' id='word_1_49' title='bbox 997 1250 1047 1283; x_wconf 89' lang='lat' dir='ltr'>se</span> <span class='ocrx_word' id='word_1_50' title='bbox 1083 1238 1391 1298; x_wconf 88' lang='lat' dir='ltr'>praeceptum</span> <span class='ocrx_word' id='word_1_51' title='bbox 1429 1232 1635 1295; x_wconf 91' lang='lat' dir='ltr'>Georgio</span> <span class='ocrx_word' id='word_1_52' title='bbox 1664 1232 1910 1280; x_wconf 87' lang='lat' dir='ltr'>Wischart</span> <span class='ocrx_word' id='word_1_53' title='bbox 1947 1234 2005 1280; x_wconf 81' lang='lat' dir='ltr'>‹le</span> <span class='ocrx_word' id='word_1_54' title='bbox 2044 1233 2273 1296; x_wconf 83' lang='lat' dir='ltr'>Drymme</span> <span class='ocrx_word' id='word_1_55' title='bbox 2309 1231 2485 1280; x_wconf 85' lang='lat' dir='ltr'>ballivo</span> 
     </span>
     <span class='ocr_line' id='line_1_7' title="bbox 535 1321 2485 1387; baseline -0.002 -15"><span class='ocrx_word' id='word_1_56' title='bbox 535 1325 650 1372; x_wconf 88' lang='lat' dir='ltr'>data</span> <span class='ocrx_word' id='word_1_57' title='bbox 684 1327 757 1372; x_wconf 88' lang='lat' dir='ltr'>est</span> <span class='ocrx_word' id='word_1_58' title='bbox 793 1324 879 1373; x_wconf 91' lang='lat' dir='ltr'>sub</span> <span class='ocrx_word' id='word_1_59' title='bbox 916 1322 1082 1387; x_wconf 82' lang='lat' dir='ltr'>sigillis</span> <span class='ocrx_word' id='word_1_60' title='bbox 1118 1327 1167 1371; x_wconf 89' lang='lat' dir='ltr'>et</span> <span class='ocrx_word' id='word_1_61' title='bbox 1203 1322 1628 1386; x_wconf 87' lang='lat' dir='ltr'>subscriptionibus</span> <span class='ocrx_word' id='word_1_62' title='bbox 1663 1321 1964 1371; x_wconf 82' lang='lat' dir='ltr'>manualibus</span> <span class='ocrx_word' id='word_1_63' title='bbox 2000 1323 2234 1371; x_wconf 88' lang='lat' dir='ltr'>dictorum</span> <span class='ocrx_word' id='word_1_64' title='bbox 2278 1321 2485 1384; x_wconf 82' lang='lat' dir='ltr'>Georgii,</span> 
     </span>
     <span class='ocr_line' id='line_1_8' title="bbox 535 1411 2032 1477; baseline -0.001 -16"><span class='ocrx_word' id='word_1_65' title='bbox 535 1413 759 1477; x_wconf 80' lang='lat' dir='ltr'>episcopi,</span> <span class='ocrx_word' id='word_1_66' title='bbox 785 1417 834 1462; x_wconf 90' lang='lat' dir='ltr'>et</span> <span class='ocrx_word' id='word_1_67' title='bbox 859 1413 1208 1469; x_wconf 86' lang='lat' dir='ltr'>canonicorum,</span> <span class='ocrx_word' id='word_1_68' title='bbox 1233 1412 1359 1476; x_wconf 90' lang='lat' dir='ltr'>apud</span> <span class='ocrx_word' id='word_1_69' title='bbox 1386 1411 1609 1466; x_wconf 88' lang='lat' dir='ltr'>Brechin,</span> <span class='ocrx_word' id='word_1_70' title='bbox 1636 1411 1665 1461; x_wconf 89' lang='lat'><strong>7</strong></span> <span class='ocrx_word' id='word_1_71' title='bbox 1689 1412 1722 1458; x_wconf 89' lang='lat' dir='ltr'><strong>J</strong></span> <span class='ocrx_word' id='word_1_72' title='bbox 1728 1411 1826 1459; x_wconf 91' lang='lat' dir='ltr'>unii</span> <span class='ocrx_word' id='word_1_73' title='bbox 1853 1412 1982 1460; x_wconf 83' lang='lat'>1580</span> <span class='ocrx_word' id='word_1_74' title='bbox 2021 1440 2032 1450; x_wconf 87' lang='lat'><strong>·</strong></span> 
     </span>
    </p>
   </div>
   <div class='ocr_carea' id='block_1_3' title="bbox 283 1679 511 1727">
    <p class='ocr_par' dir='ltr' id='par_1_3' title="bbox 283 1679 511 1727">
     <span class='ocr_line' id='line_1_9' title="bbox 283 1679 511 1727; baseline -0.013 -1"><span class='ocrx_word' id='word_1_75' title='bbox 283 1679 511 1727; x_wconf 90' lang='lat' dir='ltr'>CXLIV.</span> 
     </span>
    </p>
   </div>
   <div class='ocr_carea' id='block_1_4' title="bbox 322 2670 521 2717">
    <p class='ocr_par' dir='ltr' id='par_1_4' title="bbox 322 2670 521 2717">
     <span class='ocr_line' id='line_1_10' title="bbox 322 2670 521 2717; baseline -0.01 0"><span class='ocrx_word' id='word_1_76' title='bbox 322 2670 521 2717; x_wconf 88' lang='lat' dir='ltr'>CXLV.</span> 
     </span>
    </p>
   </div>
   <div class='ocr_carea' id='block_1_5' title="bbox 536 1650 2492 2458">
    <p class='ocr_par' dir='ltr' id='par_1_5' title="bbox 536 1650 2492 2458">
     <span class='ocr_line' id='line_1_11' title="bbox 550 1650 2488 1745; baseline -0.002 -16"><span class='ocrx_word' id='word_1_77' title='bbox 550 1650 736 1731; x_wconf 78' lang='lat' dir='ltr'>Carta</span> <span class='ocrx_word' id='word_1_78' title='bbox 770 1682 1143 1730; x_wconf 88' lang='lat' dir='ltr'>confirmationis</span> <span class='ocrx_word' id='word_1_79' title='bbox 1171 1681 1523 1745; x_wconf 77' lang='lat' dir='ltr'>suprascriptae</span> <span class='ocrx_word' id='word_1_80' title='bbox 1560 1683 1722 1728; x_wconf 88' lang='lat' dir='ltr'>cartae</span> <span class='ocrx_word' id='word_1_81' title='bbox 1759 1681 1875 1728; x_wconf 86' lang='lat' dir='ltr'>data</span> <span class='ocrx_word' id='word_1_82' title='bbox 1910 1681 1996 1729; x_wconf 89' lang='lat' dir='ltr'>sub</span> <span class='ocrx_word' id='word_1_83' title='bbox 2031 1680 2308 1728; x_wconf 85' lang='lat' dir='ltr'>testimonio</span> <span class='ocrx_word' id='word_1_84' title='bbox 2331 1679 2488 1741; x_wconf 89' lang='lat' dir='ltr'>magni</span> 
     </span>
     <span class='ocr_line' id='line_1_12' title="bbox 537 1768 2488 1837; baseline -0.004 -16"><span class='ocrx_word' id='word_1_85' title='bbox 537 1772 678 1837; x_wconf 86' lang='lat' dir='ltr'>sigilli</span> <span class='ocrx_word' id='word_1_86' title='bbox 703 1788 862 1820; x_wconf 90' lang='lat' dir='ltr'>coram</span> <span class='ocrx_word' id='word_1_87' title='bbox 886 1772 962 1820; x_wconf 91' lang='lat' dir='ltr'>his</span> <span class='ocrx_word' id='word_1_88' title='bbox 984 1771 1190 1820; x_wconf 85' lang='lat' dir='ltr'>testibus</span> <span class='ocrx_word' id='word_1_89' title='bbox 1212 1772 1246 1818; x_wconf 86' lang='lat' dir='ltr'><strong>J</strong></span> <span class='ocrx_word' id='word_1_90' title='bbox 1249 1771 1400 1819; x_wconf 86' lang='lat' dir='ltr'>acobo</span> <span class='ocrx_word' id='word_1_91' title='bbox 1425 1770 1599 1818; x_wconf 89' lang='lat' dir='ltr'>comite</span> <span class='ocrx_word' id='word_1_92' title='bbox 1620 1770 1678 1816; x_wconf 91' lang='lat' dir='ltr'>de</span> <span class='ocrx_word' id='word_1_93' title='bbox 1700 1769 1929 1817; x_wconf 88' lang='lat' dir='ltr'>Mortoun</span> <span class='ocrx_word' id='word_1_94' title='bbox 1956 1769 2146 1816; x_wconf 90' lang='lat' dir='ltr'>domino</span> <span class='ocrx_word' id='word_1_95' title='bbox 2172 1770 2230 1817; x_wconf 89' lang='lat' dir='ltr'>de</span> <span class='ocrx_word' id='word_1_96' title='bbox 2256 1768 2488 1816; x_wconf 87' lang='lat' dir='ltr'>Dalkeith</span> 
     </span>
     <span class='ocr_line' id='line_1_13' title="bbox 536 1854 2489 1925; baseline -0.003 -15"><span class='ocrx_word' id='word_1_97' title='bbox 536 1867 627 1911; x_wconf 91' lang='lat' dir='ltr'>etc.</span> <span class='ocrx_word' id='word_1_98' title='bbox 668 1878 838 1925; x_wconf 88' lang='lat' dir='ltr'>magno</span> <span class='ocrx_word' id='word_1_99' title='bbox 879 1861 1009 1924; x_wconf 87' lang='lat' dir='ltr'>regni</span> <span class='ocrx_word' id='word_1_100' title='bbox 1049 1854 1241 1908; x_wconf 85' lang='lat' dir='ltr'>Scotiae</span> <span class='ocrx_word' id='word_1_101' title='bbox 1284 1858 1549 1914; x_wconf 91' lang='lat' dir='ltr'>admirallo,</span> <span class='ocrx_word' id='word_1_102' title='bbox 1593 1858 1762 1906; x_wconf 91' lang='lat' dir='ltr'>Colino</span> <span class='ocrx_word' id='word_1_103' title='bbox 1805 1858 2044 1921; x_wconf 89' lang='lat' dir='ltr'>Argadiae</span> <span class='ocrx_word' id='word_1_104' title='bbox 2088 1858 2262 1907; x_wconf 80' lang='lat' dir='ltr'>comite</span> <span class='ocrx_word' id='word_1_105' title='bbox 2299 1858 2489 1905; x_wconf 90' lang='lat' dir='ltr'>domino</span> 
     </span>
     <span class='ocr_line' id='line_1_14' title="bbox 537 1946 2491 2016; baseline -0.002 -18"><span class='ocrx_word' id='word_1_106' title='bbox 537 1950 786 2015; x_wconf 89' lang='lat' dir='ltr'>Campbell</span> <span class='ocrx_word' id='word_1_107' title='bbox 835 1954 884 1998; x_wconf 92' lang='lat' dir='ltr'>et</span> <span class='ocrx_word' id='word_1_108' title='bbox 935 1950 1093 1997; x_wconf 85' lang='lat' dir='ltr'>Lorne</span> <span class='ocrx_word' id='word_1_109' title='bbox 1141 1953 1233 1997; x_wconf 87' lang='lat' dir='ltr'>etc.</span> <span class='ocrx_word' id='word_1_110' title='bbox 1276 1947 1563 1996; x_wconf 87' lang='lat' dir='ltr'>cancellario</span> <span class='ocrx_word' id='word_1_111' title='bbox 1604 1962 1661 1994; x_wconf 92' lang='lat' dir='ltr'>ac</span> <span class='ocrx_word' id='word_1_112' title='bbox 1697 1947 1969 2016; x_wconf 87' lang='lat' dir='ltr'>justiciario</span> <span class='ocrx_word' id='word_1_113' title='bbox 2009 1946 2234 2009; x_wconf 88' lang='lat' dir='ltr'>generali,</span> <span class='ocrx_word' id='word_1_114' title='bbox 2279 1946 2491 1994; x_wconf 84' lang='lat' dir='ltr'>Patricio</span> 
     </span>
     <span class='ocr_line' id='line_1_15' title="bbox 538 2036 2491 2102; baseline -0.003 -14"><span class='ocrx_word' id='word_1_115' title='bbox 538 2040 912 2088; x_wconf 86' lang='lat' dir='ltr'>Sanctiandreae</span> <span class='ocrx_word' id='word_1_116' title='bbox 962 2037 1336 2102; x_wconf 83' lang='lat' dir='ltr'>archiepiscopo,</span> <span class='ocrx_word' id='word_1_117' title='bbox 1386 2037 1603 2085; x_wconf 88' lang='lat' dir='ltr'>Roberto</span> <span class='ocrx_word' id='word_1_118' title='bbox 1653 2037 2060 2084; x_wconf 88' lang='lat' dir='ltr'>commendatario</span> <span class='ocrx_word' id='word_1_119' title='bbox 2107 2036 2384 2084; x_wconf 86' lang='lat' dir='ltr'>monasterii</span> <span class='ocrx_word' id='word_1_120' title='bbox 2434 2038 2491 2083; x_wconf 89' lang='lat' dir='ltr'>de</span> 
     </span>
     <span class='ocr_line' id='line_1_16' title="bbox 538 2125 2492 2191; baseline -0.002 -14"><span class='ocrx_word' id='word_1_121' title='bbox 538 2127 919 2191; x_wconf 87' lang='lat' dir='ltr'>Dumfermeling</span> <span class='ocrx_word' id='word_1_122' title='bbox 936 2127 1195 2176; x_wconf 88' lang='lat' dir='ltr'>secretario</span> <span class='ocrx_word' id='word_1_123' title='bbox 1214 2126 1356 2189; x_wconf 90' lang='lat' dir='ltr'>regio,</span> <span class='ocrx_word' id='word_1_124' title='bbox 1378 2125 1656 2174; x_wconf 85' lang='lat' dir='ltr'>Alexandro</span> <span class='ocrx_word' id='word_1_125' title='bbox 1677 2126 1791 2189; x_wconf 85' lang='lat' dir='ltr'>Hay</span> <span class='ocrx_word' id='word_1_126' title='bbox 1809 2125 2071 2174; x_wconf 89' lang='lat' dir='ltr'>rotulorum</span> <span class='ocrx_word' id='word_1_127' title='bbox 2098 2126 2284 2189; x_wconf 75' lang='lat' dir='ltr'>registri</span> <span class='ocrx_word' id='word_1_128' title='bbox 2305 2142 2362 2173; x_wconf 90' lang='lat' dir='ltr'>ac</span> <span class='ocrx_word' id='word_1_129' title='bbox 2382 2142 2492 2173; x_wconf 73' lang='lat' dir='ltr'>con-</span> 
     </span>
     <span class='ocr_line' id='line_1_17' title="bbox 538 2199 2490 2278; baseline -0.002 -11"><span class='ocrx_word' id='word_1_130' title='bbox 538 2218 632 2268; x_wconf 87' lang='lat' dir='ltr'>silii</span> <span class='ocrx_word' id='word_1_131' title='bbox 658 2218 846 2273; x_wconf 89' lang='lat' dir='ltr'>clerico,</span> <span class='ocrx_word' id='word_1_132' title='bbox 873 2215 1114 2264; x_wconf 87' lang='lat' dir='ltr'>Lodovico</span> <span class='ocrx_word' id='word_1_133' title='bbox 1141 2215 1405 2263; x_wconf 89' lang='lat' dir='ltr'>Ballenden</span> <span class='ocrx_word' id='word_1_134' title='bbox 1431 2215 1490 2263; x_wconf 90' lang='lat' dir='ltr'>de</span> <span class='ocrx_word' id='word_1_135' title='bbox 1516 2199 1788 2263; x_wconf 85' lang='lat' dir='ltr'>Auchnoull</span> <span class='ocrx_word' id='word_1_136' title='bbox 1812 2214 1963 2263; x_wconf 87' lang='lat' dir='ltr'>milite</span> <span class='ocrx_word' id='word_1_137' title='bbox 1981 2215 2278 2278; x_wconf 85' lang='lat' dir='ltr'>justiciariae</span> <span class='ocrx_word' id='word_1_138' title='bbox 2305 2215 2490 2271; x_wconf 88' lang='lat' dir='ltr'>clerico,</span> 
     </span>
     <span class='ocr_line' id='line_1_18' title="bbox 542 2304 2489 2374; baseline -0.001 -19"><span class='ocrx_word' id='word_1_139' title='bbox 542 2308 757 2356; x_wconf 89' lang='lat' dir='ltr'>Roberto</span> <span class='ocrx_word' id='word_1_140' title='bbox 782 2307 897 2355; x_wconf 88' lang='lat' dir='ltr'>Scot</span> <span class='ocrx_word' id='word_1_141' title='bbox 922 2305 1234 2353; x_wconf 85' lang='lat' dir='ltr'>cancellariae</span> <span class='ocrx_word' id='word_1_142' title='bbox 1272 2304 1523 2359; x_wconf 84' lang='lat' dir='ltr'>directore,</span> <span class='ocrx_word' id='word_1_143' title='bbox 1559 2308 1609 2374; x_wconf 84' lang='lat' dir='ltr'>et</span> <span class='ocrx_word' id='word_1_144' title='bbox 1644 2306 1871 2367; x_wconf 91' lang='lat' dir='ltr'>magistro</span> <span class='ocrx_word' id='word_1_145' title='bbox 1910 2305 2094 2354; x_wconf 88' lang='lat' dir='ltr'>Thoma</span> <span class='ocrx_word' id='word_1_146' title='bbox 2131 2305 2489 2369; x_wconf 88' lang='lat' dir='ltr'>Buquhannane</span> 
     </span>
     <span class='ocr_line' id='line_1_19' title="bbox 544 2393 2490 2458; baseline -0.001 -14"><span class='ocrx_word' id='word_1_147' title='bbox 544 2398 601 2444; x_wconf 93' lang='lat' dir='ltr'>de</span> <span class='ocrx_word' id='word_1_148' title='bbox 622 2397 776 2444; x_wconf 89' lang='lat' dir='ltr'>Ybert</span> <span class='ocrx_word' id='word_1_149' title='bbox 801 2395 974 2444; x_wconf 87' lang='lat' dir='ltr'>secreti</span> <span class='ocrx_word' id='word_1_150' title='bbox 999 2394 1139 2458; x_wconf 87' lang='lat' dir='ltr'>sigilli</span> <span class='ocrx_word' id='word_1_151' title='bbox 1166 2395 1378 2447; x_wconf 86' lang='lat' dir='ltr'>custode,</span> <span class='ocrx_word' id='word_1_152' title='bbox 1404 2394 1529 2457; x_wconf 92' lang='lat' dir='ltr'>apud</span> <span class='ocrx_word' id='word_1_153' title='bbox 1556 2393 1924 2457; x_wconf 87' lang='lat' dir='ltr'>Halyrudhouss</span> <span class='ocrx_word' id='word_1_154' title='bbox 1951 2395 1980 2439; x_wconf 80' lang='lat'>5</span> <span class='ocrx_word' id='word_1_155' title='bbox 2001 2393 2296 2458; x_wconf 79' lang='lat' dir='ltr'>Septembris</span> <span class='ocrx_word' id='word_1_156' title='bbox 2324 2395 2453 2442; x_wconf 86' lang='lat'>1580</span> <span class='ocrx_word' id='word_1_157' title='bbox 2481 2424 2490 2433; x_wconf 91' lang='lat'><strong>·</strong></span> 
     </span>
    </p>
   </div>
   <div class='ocr_carea' id='block_1_6' title="bbox 547 2632 2494 3440">
    <p class='ocr_par' dir='ltr' id='par_1_6' title="bbox 547 2632 2494 3440">
     <span class='ocr_line' id='line_1_20' title="bbox 556 2632 2494 2729; baseline 0.002 -18"><span class='ocrx_word' id='word_1_158' title='bbox 556 2632 744 2714; x_wconf 75' lang='lat' dir='ltr'>Carta</span> <span class='ocrx_word' id='word_1_159' title='bbox 791 2665 876 2713; x_wconf 87' lang='lat' dir='ltr'>sub</span> <span class='ocrx_word' id='word_1_160' title='bbox 922 2664 1197 2712; x_wconf 87' lang='lat' dir='ltr'>testimonio</span> <span class='ocrx_word' id='word_1_161' title='bbox 1236 2662 1575 2726; x_wconf 65' lang='lat' dir='ltr'>magni&#39;sigilli</span> <span class='ocrx_word' id='word_1_162' title='bbox 1614 2663 1840 2726; x_wconf 88' lang='lat' dir='ltr'>magistro</span> <span class='ocrx_word' id='word_1_163' title='bbox 1880 2664 2104 2712; x_wconf 89' lang='lat' dir='ltr'>Andreae</span> <span class='ocrx_word' id='word_1_164' title='bbox 2144 2665 2319 2713; x_wconf 87' lang='lat' dir='ltr'>Leiche</span> <span class='ocrx_word' id='word_1_165' title='bbox 2359 2682 2494 2729; x_wconf 90' lang='lat' dir='ltr'>prae-</span> 
     </span>
     <span class='ocr_line' id='line_1_21' title="bbox 548 2746 2493 2819; baseline 0 -16"><span class='ocrx_word' id='word_1_166' title='bbox 548 2755 729 2819; x_wconf 87' lang='lat' dir='ltr'>ceptori</span> <span class='ocrx_word' id='word_1_167' title='bbox 765 2753 954 2803; x_wconf 88' lang='lat' dir='ltr'>scholae</span> <span class='ocrx_word' id='word_1_168' title='bbox 979 2753 1349 2816; x_wconf 87' lang='lat' dir='ltr'>grammaticalis</span> <span class='ocrx_word' id='word_1_169' title='bbox 1374 2753 1712 2801; x_wconf 86' lang='lat' dir='ltr'>Brechinensis</span> <span class='ocrx_word' id='word_1_170' title='bbox 1736 2753 2020 2802; x_wconf 86' lang='lat' dir='ltr'>haeredibus</span> <span class='ocrx_word' id='word_1_171' title='bbox 2044 2754 2142 2802; x_wconf 88' lang='lat' dir='ltr'>suis</span> <span class='ocrx_word' id='word_1_172' title='bbox 2166 2757 2215 2801; x_wconf 91' lang='lat' dir='ltr'>et</span> <span class='ocrx_word' id='word_1_173' title='bbox 2239 2746 2493 2817; x_wconf 85' lang='lat' dir='ltr'>assignatis</span> 
     </span>
     <span class='ocr_line' id='line_1_22' title="bbox 547 2842 2493 2907; baseline 0 -16"><span class='ocrx_word' id='word_1_174' title='bbox 547 2844 675 2892; x_wconf 88' lang='lat' dir='ltr'>illius</span> <span class='ocrx_word' id='word_1_175' title='bbox 718 2843 876 2907; x_wconf 89' lang='lat' dir='ltr'>petiae</span> <span class='ocrx_word' id='word_1_176' title='bbox 917 2847 1073 2893; x_wconf 88' lang='lat' dir='ltr'>terrae</span> <span class='ocrx_word' id='word_1_177' title='bbox 1115 2843 1394 2890; x_wconf 88' lang='lat' dir='ltr'>aedificatae</span> <span class='ocrx_word' id='word_1_178' title='bbox 1431 2846 1481 2890; x_wconf 88' lang='lat' dir='ltr'>et</span> <span class='ocrx_word' id='word_1_179' title='bbox 1515 2847 1632 2890; x_wconf 89' lang='lat' dir='ltr'>tunc</span> <span class='ocrx_word' id='word_1_180' title='bbox 1667 2842 1887 2891; x_wconf 86' lang='lat' dir='ltr'>ruinosae</span> <span class='ocrx_word' id='word_1_181' title='bbox 1923 2843 2050 2890; x_wconf 89' lang='lat' dir='ltr'>intra</span> <span class='ocrx_word' id='word_1_182' title='bbox 2091 2843 2338 2890; x_wconf 91' lang='lat' dir='ltr'>canoniam</span> <span class='ocrx_word' id='word_1_183' title='bbox 2376 2844 2493 2891; x_wconf 90' lang='lat' dir='ltr'>Bre-</span> 
     </span>
     <span class='ocr_line' id='line_1_23' title="bbox 547 2921 2490 2994; baseline 0 -15"><span class='ocrx_word' id='word_1_184' title='bbox 547 2932 818 2979; x_wconf 87' lang='lat' dir='ltr'>chinensem</span> <span class='ocrx_word' id='word_1_185' title='bbox 843 2931 891 2978; x_wconf 94' lang='lat' dir='ltr'>in</span> <span class='ocrx_word' id='word_1_186' title='bbox 915 2946 1009 2994; x_wconf 90' lang='lat' dir='ltr'>qua</span> <span class='ocrx_word' id='word_1_187' title='bbox 1030 2931 1248 2979; x_wconf 88' lang='lat' dir='ltr'>habitare</span> <span class='ocrx_word' id='word_1_188' title='bbox 1282 2935 1331 2978; x_wconf 93' lang='lat' dir='ltr'>et</span> <span class='ocrx_word' id='word_1_189' title='bbox 1366 2930 1516 2994; x_wconf 88' lang='lat' dir='ltr'>magis</span> <span class='ocrx_word' id='word_1_190' title='bbox 1539 2931 1785 2979; x_wconf 88' lang='lat' dir='ltr'>commode</span> <span class='ocrx_word' id='word_1_191' title='bbox 1811 2921 1988 2978; x_wconf 86' lang='lat' dir='ltr'>dictam</span> <span class='ocrx_word' id='word_1_192' title='bbox 2014 2929 2223 2978; x_wconf 87' lang='lat' dir='ltr'>scholam</span> <span class='ocrx_word' id='word_1_193' title='bbox 2248 2930 2490 2993; x_wconf 85' lang='lat' dir='ltr'>invigilare</span> 
     </span>
     <span class='ocr_line' id='line_1_24' title="bbox 547 3019 2492 3085; baseline 0 -16"><span class='ocrx_word' id='word_1_194' title='bbox 547 3021 723 3085; x_wconf 88' lang='lat' dir='ltr'>poterit</span> <span class='ocrx_word' id='word_1_195' title='bbox 741 3021 948 3083; x_wconf 88' lang='lat' dir='ltr'>jacentis</span> <span class='ocrx_word' id='word_1_196' title='bbox 983 3021 1031 3067; x_wconf 91' lang='lat' dir='ltr'>in</span> <span class='ocrx_word' id='word_1_197' title='bbox 1067 3021 1268 3068; x_wconf 87' lang='lat' dir='ltr'>canonia</span> <span class='ocrx_word' id='word_1_198' title='bbox 1293 3021 1605 3069; x_wconf 89' lang='lat' dir='ltr'>Brechinensi</span> <span class='ocrx_word' id='word_1_199' title='bbox 1630 3047 1632 3049; x_wconf 92' lang='lat'>·</span> <span class='ocrx_word' id='word_1_200' title='bbox 1640 3020 1784 3082; x_wconf 87' lang='lat' dir='ltr'>juxta</span> <span class='ocrx_word' id='word_1_201' title='bbox 1809 3021 1986 3068; x_wconf 89' lang='lat' dir='ltr'>dictam</span> <span class='ocrx_word' id='word_1_202' title='bbox 2012 3019 2221 3068; x_wconf 90' lang='lat' dir='ltr'>scholam</span> <span class='ocrx_word' id='word_1_203' title='bbox 2258 3023 2319 3067; x_wconf 85' lang='lat' dir='ltr'>ex</span> <span class='ocrx_word' id='word_1_204' title='bbox 2354 3025 2492 3083; x_wconf 87' lang='lat' dir='ltr'>parte</span> 
     </span>
     <span class='ocr_line' id='line_1_25' title="bbox 549 3104 2494 3173; baseline 0 -15"><span class='ocrx_word' id='word_1_205' title='bbox 549 3109 767 3158; x_wconf 88' lang='lat' dir='ltr'>orientali</span> <span class='ocrx_word' id='word_1_206' title='bbox 803 3110 928 3158; x_wconf 87' lang='lat' dir='ltr'>inter</span> <span class='ocrx_word' id='word_1_207' title='bbox 965 3109 1115 3157; x_wconf 88' lang='lat' dir='ltr'>vicum</span> <span class='ocrx_word' id='word_1_208' title='bbox 1152 3110 1232 3173; x_wconf 93' lang='lat' dir='ltr'>qui</span> <span class='ocrx_word' id='word_1_209' title='bbox 1269 3109 1400 3157; x_wconf 87' lang='lat' dir='ltr'>ducit</span> <span class='ocrx_word' id='word_1_210' title='bbox 1435 3110 1496 3156; x_wconf 89' lang='lat' dir='ltr'>ad</span> <span class='ocrx_word' id='word_1_211' title='bbox 1532 3110 1698 3157; x_wconf 90' lang='lat' dir='ltr'>hortos</span> <span class='ocrx_word' id='word_1_212' title='bbox 1734 3108 2084 3172; x_wconf 91' lang='lat' dir='ltr'>capellanorum</span> <span class='ocrx_word' id='word_1_213' title='bbox 2121 3104 2350 3157; x_wconf 82' lang='lat' dir='ltr'>ecclesiae</span> <span class='ocrx_word' id='word_1_214' title='bbox 2377 3110 2494 3158; x_wconf 84' lang='lat' dir='ltr'>Bre-</span> 
     </span>
     <span class='ocr_line' id='line_1_26' title="bbox 550 3191 2493 3262; baseline 0.001 -16"><span class='ocrx_word' id='word_1_215' title='bbox 550 3198 786 3247; x_wconf 87' lang='lat' dir='ltr'>chinensis</span> <span class='ocrx_word' id='word_1_216' title='bbox 823 3215 884 3246; x_wconf 87' lang='lat' dir='ltr'>ex</span> <span class='ocrx_word' id='word_1_217' title='bbox 921 3202 1057 3262; x_wconf 91' lang='lat' dir='ltr'>parte</span> <span class='ocrx_word' id='word_1_218' title='bbox 1097 3198 1296 3247; x_wconf 86' lang='lat' dir='ltr'>australi</span> <span class='ocrx_word' id='word_1_219' title='bbox 1335 3214 1549 3246; x_wconf 90' lang='lat' dir='ltr'>mansum</span> <span class='ocrx_word' id='word_1_220' title='bbox 1585 3201 1634 3245; x_wconf 91' lang='lat' dir='ltr'>et</span> <span class='ocrx_word' id='word_1_221' title='bbox 1669 3191 1858 3245; x_wconf 87' lang='lat' dir='ltr'>hortum</span> <span class='ocrx_word' id='word_1_222' title='bbox 1895 3197 2058 3245; x_wconf 88' lang='lat' dir='ltr'>vicarii</span> <span class='ocrx_word' id='word_1_223' title='bbox 2094 3198 2152 3245; x_wconf 90' lang='lat' dir='ltr'>de</span> <span class='ocrx_word' id='word_1_224' title='bbox 2189 3198 2395 3246; x_wconf 87' lang='lat' dir='ltr'>Brechin</span> <span class='ocrx_word' id='word_1_225' title='bbox 2432 3216 2493 3247; x_wconf 88' lang='lat' dir='ltr'>ex</span> 
     </span>
     <span class='ocr_line' id='line_1_27' title="bbox 550 3285 2491 3352; baseline -0.001 -16"><span class='ocrx_word' id='word_1_226' title='bbox 550 3291 686 3352; x_wconf 89' lang='lat' dir='ltr'>parte</span> <span class='ocrx_word' id='word_1_227' title='bbox 733 3285 911 3334; x_wconf 90' lang='lat' dir='ltr'>boreali</span> <span class='ocrx_word' id='word_1_228' title='bbox 959 3291 1007 3334; x_wconf 90' lang='lat' dir='ltr'>et</span> <span class='ocrx_word' id='word_1_229' title='bbox 1053 3287 1242 3335; x_wconf 91' lang='lat' dir='ltr'>hortum</span> <span class='ocrx_word' id='word_1_230' title='bbox 1290 3286 1476 3350; x_wconf 91' lang='lat' dir='ltr'>collegii</span> <span class='ocrx_word' id='word_1_231' title='bbox 1523 3287 1735 3349; x_wconf 84' lang='lat' dir='ltr'>ejusdem</span> <span class='ocrx_word' id='word_1_232' title='bbox 1783 3302 1844 3333; x_wconf 87' lang='lat' dir='ltr'>ex</span> <span class='ocrx_word' id='word_1_233' title='bbox 1888 3290 2027 3349; x_wconf 89' lang='lat' dir='ltr'>parte</span> <span class='ocrx_word' id='word_1_234' title='bbox 2066 3285 2351 3334; x_wconf 86' lang='lat' dir='ltr'>occidentali</span> <span class='ocrx_word' id='word_1_235' title='bbox 2387 3303 2491 3342; x_wconf 84' lang='lat' dir='ltr'>cum</span> 
     </span>
     <span class='ocr_line' id='line_1_28' title="bbox 552 3375 2494 3440; baseline 0 -16"><span class='ocrx_word' id='word_1_236' title='bbox 552 3378 769 3425; x_wconf 83' lang='lat' dir='ltr'>omnibus</span> <span class='ocrx_word' id='word_1_237' title='bbox 793 3376 889 3425; x_wconf 81' lang='lat' dir='ltr'>suis</span> <span class='ocrx_word' id='word_1_238' title='bbox 912 3376 1213 3439; x_wconf 87' lang='lat' dir='ltr'>pertinentiis</span> <span class='ocrx_word' id='word_1_239' title='bbox 1250 3405 1260 3414; x_wconf 90' lang='lat'><strong>·</strong></span> <span class='ocrx_word' id='word_1_240' title='bbox 1298 3376 1625 3440; x_wconf 79' lang='lat' dir='ltr'>Quaequidem</span> <span class='ocrx_word' id='word_1_241' title='bbox 1649 3375 1783 3439; x_wconf 88' lang='lat' dir='ltr'>petia</span> <span class='ocrx_word' id='word_1_242' title='bbox 1807 3379 1965 3424; x_wconf 88' lang='lat' dir='ltr'>terrae</span> <span class='ocrx_word' id='word_1_243' title='bbox 2001 3375 2059 3423; x_wconf 87' lang='lat' dir='ltr'>ad</span> <span class='ocrx_word' id='word_1_244' title='bbox 2099 3376 2351 3424; x_wconf 87' lang='lat' dir='ltr'>canonicos</span> <span class='ocrx_word' id='word_1_245' title='bbox 2366 3377 2494 3424; x_wconf 56' lang='lat' dir='ltr'>&#39;Bre-</span> 
     </span>
    </p>
   </div>
  </div>
 </body>
</html>
