3016 3958
312 2098 515 2141 CXCIX.

437 2654 521 2696 CC.

420 3285 530 3326 CCI.

528 652 637 705 256
1047 642 1362 701 CARTAE
1413 640 1515 694 DE
1561 636 1961 692 ECCLESIIS

530 826 792 870 concessisse
815 830 859 868 et
877 826 957 867 hae
978 827 1099 866 carta
1118 825 1268 864 nostra
1288 819 1565 862 confirmasse
1586 816 1680 858 Deo
1710 819 1755 857 et
1784 814 1962 857 ecclesie
1995 814 2134 856 sancti
2156 813 2321 858 Thome
2340 830 2453 858 mar-

530 908 627 950 tiris
647 907 699 948 de
720 905 1016 948 Aberbrothoc
1037 906 1081 944 et
1102 901 1322 943 monachis
1341 898 1499 941 ibidem
1520 896 1614 938 Deo
1637 895 1928 938 seruientibus
1958 897 2003 936 et
2033 895 2262 938 seruituris
2281 895 2326 938 in
2345 895 2453 938 libe-

531 1001 624 1029 ram
660 990 704 1028 et
736 999 887 1042 puram
920 987 963 1025 et
997 985 1247 1038 perpetuam
1280 977 1572 1026 elemosinam,
1609 975 1834 1017 ecclesiam
1870 974 1923 1016 de
1953 974 2091 1016 veteri
2121 974 2321 1024 Munros,
2354 990 2451 1017 cum

533 1065 709 1122 capellis
729 1065 857 1107 terris
889 1066 933 1105 et
963 1060 1138 1103 decimis
1171 1063 1213 1101 et
1247 1057 1540 1100 oblacionibus
1574 1058 1618 1097 et
1650 1054 1747 1096 aliis
1768 1054 1968 1096 omnibus
1988 1053 2043 1096 ad
2065 1068 2161 1096 eam
2190 1054 2303 1097 iuste
2323 1056 2455 1111 perti-

533 1145 747 1194 nentibus,
782 1156 943 1198 nosque
979 1140 1150 1183 eosdem
1183 1137 1416 1179 monachos
1448 1136 1493 1177 in
1526 1134 1675 1177 eadem
1710 1133 1894 1176 ecclesia
1929 1134 2132 1176 canonice
2168 1134 2411 1178 instituisse
2444 1167 2455 1176 .

536 1224 834 1268 Concessimus
854 1222 983 1264 etiam
1004 1219 1184 1277 prefatis
1205 1216 1438 1266 monachis,
1461 1219 1510 1257 vt
1530 1214 1717 1270 predicte
1738 1213 1917 1256 ecclesie
1937 1213 2132 1255 redditus
2153 1218 2199 1256 et
2217 1218 2455 1270 prouentus

535 1306 756 1347 vniuersos
777 1302 831 1345 ad
853 1315 973 1343 suam
1005 1297 1366 1341 sustentacionem
1394 1296 1439 1337 in
1470 1309 1574 1337 vsus
1608 1294 1807 1350 proprios
1828 1297 2101 1343 conuertant,
2132 1298 2176 1336 et
2206 1295 2382 1350 pacifice
2413 1301 2457 1338 et

535 1386 666 1427 libere
687 1378 876 1439 plenarie
897 1384 942 1423 et
960 1378 1192 1422 honorifice
1221 1376 1486 1433 possideant,
1510 1378 1555 1417 et
1574 1377 1623 1416 vt
1641 1373 1770 1415 liceat
1789 1373 1853 1415 eis
1873 1373 2145 1429 capellanum
2166 1374 2234 1415 vel
2255 1374 2457 1417 clericum

535 1465 579 1506 in
600 1464 747 1506 eadem
782 1460 1057 1508 constituere,
1094 1456 1227 1499 saluis
1257 1454 1572 1511 episcopalibus
1605 1486 1614 1495 .
1646 1453 1850 1495 Testibus
1869 1452 2071 1509 Wydone
2092 1454 2248 1496 abbate
2268 1455 2321 1496 de
2343 1455 2460 1498 Lun-

537 1544 649 1592 dors,
683 1540 889 1596 Gregorio
922 1537 1219 1580 archidiacono
1252 1539 1414 1583 nostro,
1447 1533 1672 1575 Willelmo
1707 1533 1760 1574 de
1796 1532 1966 1575 Boscho
2002 1533 2261 1576 cancellario
2297 1534 2459 1576 domini

538 1622 683 1678 Regis,
723 1621 852 1661 Petro
892 1616 1112 1673 capellano
1152 1618 1315 1664 nostro,
1357 1614 1531 1655 Andrea‚
1570 1613 1622 1654 de
1664 1613 1876 1668 Brechyn‚
1929 1611 2174 1668 Mallebryd
2216 1613 2366 1656 Priore
2407 1616 2460 1657 de

538 1702 748 1756 Brechyn‚
771 1697 1016 1740 Alexandro
1037 1696 1088 1737 de
1112 1694 1340 1743 Mouhaut,
1363 1694 1552 1735 Roberto
1584 1692 1674 1735 filio
1706 1691 1868 1747 Edgari
1899 1697 1944 1735 et
1976 1693 2024 1735 T.
2046 1692 2136 1735 filio
2157 1693 2250 1736 eius
2285 1727 2292 1735 .
2328 1695 2460 1750 (A.D.

546 1779 773 1832 1202-180

541 1951 819 1995 Confirmacio
841 1949 1043 2006 Hugonis
1064 1949 1251 2004 episcopi
1274 1947 1589 2003 Brechynensis
1610 1947 1661 1989 de
1683 1947 1866 1990 ecclesia
1885 1947 1938 1988 de
1958 1947 2095 1990 veteri
2116 1949 2301 1991 Munros
2336 1981 2344 1989 .

543 2086 756 2140 Testibus
775 2095 1002 2137 Willelmo
1026 2095 1078 2136 de
1100 2095 1268 2136 Boscho
1296 2093 1552 2136 cancellario
1573 2093 1735 2136 domini
1756 2092 1905 2149 Regis,
1930 2092 2140 2148 Gregorio
2162 2094 2462 2137 archidiacono

542 2181 705 2227 nostro,
730 2175 972 2230 Mallebryd
989 2174 1137 2216 Priore
1160 2173 1451 2215 Keledeorum
1467 2177 1715 2215 nostrorum
1738 2204 1748 2214 .
1770 2172 2020 2215 Alexandro
2036 2172 2090 2214 de
2107 2171 2294 2215 Mohaut
2309 2173 2462 2215 clerico

543 2259 692 2298 nostro
726 2287 735 2296 .
767 2254 981 2310 Magistro
1012 2253 1195 2308 Symone
1225 2253 1278 2294 de
1302 2252 1460 2295 Sancto
1481 2252 1672 2302 Andrea‚
1695 2251 1840 2302 Petro,
1865 2251 2088 2293 Willelmo
2109 2251 2346 2307 capellanis
2366 2267 2466 2295 nos-

541 2336 622 2378 tris
644 2338 688 2376 et
708 2332 896 2389 capitulo
916 2335 1065 2374 nostro
1096 2364 1105 2373 .
1138 2332 1188 2388 (c.
1216 2333 1360 2388 1218.)

545 2507 824 2551 Confirmacio
844 2504 1042 2561 Gregorii
1062 2505 1250 2562 episcopi
1271 2505 1576 2548 Brechinensis
1595 2505 1649 2547 de
1669 2505 1851 2548 ecclesia
1871 2505 1923 2547 de
1944 2505 2080 2548 veteri
2103 2504 2288 2548 Munros
2319 2539 2327 2548 .

546 2643 759 2698 Testibus
793 2654 964 2696 domino
1000 2653 1142 2694 Bricio
1178 2652 1376 2708 episcopo
1410 2651 1695 2703 Morauiensi,
1730 2653 1903 2694 domino
1938 2651 2163 2694 Willelmo
2203 2653 2256 2694 de
2297 2653 2466 2696 Boscho

546 2734 813 2784 cancellario,
848 2733 1064 2775 Malbrido
1095 2733 1243 2774 Priore
1280 2732 1570 2774 Keledeorum
1606 2738 1853 2775 nostrorum
1885 2765 1895 2775 .
1930 2731 2147 2789 Magistro
2184 2732 2374 2775 Henrico
2415 2733 2466 2775 de

546 2812 740 2855 Norbam
761 2811 930 2854 officiali
949 2815 1111 2861 nostro,
1134 2811 1356 2867 Freskyno
1390 2811 1680 2854 Morauiensis
1710 2812 1888 2854 ecclesie
1908 2812 2085 2862 decano,
2107 2812 2324 2868 Magistro
2346 2813 2467 2854 Hen-

547 2894 634 2934 rico
668 2896 712 2934 et
743 2892 928 2947 Hugone
960 2892 1011 2933 de
1045 2891 1267 2946 Duueglas
1298 2891 1463 2933 clericis
1493 2892 1655 2934 domini
1685 2893 1874 2948 episcopi
1909 2892 2215 2942 Morauiensis,
2250 2891 2466 2948 Magistro

549 2970 739 3012 Henrico
760 2970 811 3011 de
837 2970 1013 3012 Monros
1035 2975 1079 3013 et
1097 2970 1321 3012 Willelmo
1343 2970 1578 3026 capellanis
1612 3002 1621 3014 .
1654 2970 1789 3026 (A.D.
1817 2974 1924 3013 1218
1938 2971 2046 3027 -22.)

553 3141 833 3183 Confirmacio
854 3141 1033 3196 Turpini
1053 3142 1240 3198 episcopi
1262 3143 1314 3184 de
1336 3142 1518 3184 ecclesia
1537 3142 1590 3183 de
1612 3142 1810 3198 Kateryn
1843 3175 1852 3184 .

554 3274 783 3342 Turpinus
813 3285 894 3327 Dei
924 3287 1065 3342 gratia
1095 3288 1409 3344 Brechynensis
1441 3288 1679 3344 episcopus,
1712 3288 1927 3330 vniuersis
1948 3291 2096 3331 sancte
2117 3290 2270 3332 matris
2291 3291 2468 3333 ecclesie

553 3365 654 3407 filiis
686 3370 730 3407 et
760 3364 971 3414 fidelibus,
1008 3366 1190 3408 salutem
1211 3371 1462 3423 perpetuam
1496 3367 1541 3408 in
1569 3366 1755 3409 Domino
1787 3399 1796 3408 .
1833 3366 1982 3409 Sciant
2005 3371 2229 3423 presentes
2260 3372 2304 3410 et
2333 3369 2469 3411 futuri

556 3458 633 3486 nos
654 3444 821 3485 dedisse
843 3448 886 3485 et
906 3445 1167 3486 concessisse
1188 3450 1232 3488 et
1252 3445 1483 3502 episcopali
1504 3446 1764 3489 auctoritate
1794 3450 1839 3488 et
1868 3447 1949 3488 hac
1969 3447 2161 3502 presenti
2183 3451 2304 3490 carta
2323 3453 2473 3491 nostra
