3016 3958
226 1402 523 1443 OCXXXVI.

206 3145 527 3188 CCXXXVII.

544 663 655 717 280
1023 665 1339 720 CARTAE
1381 663 2007 719 MISCELLANEAE.

547 841 663 898 Ogill
683 841 889 885 Villelmo
919 841 1031 884 Liell
1061 842 1113 884 de
1145 842 1306 884 Murcll
1328 841 1513 898 Georgio
1545 842 1758 885 Falconer
1789 841 1932 884 Dauid
1964 842 2189 886 Fentoune
2221 849 2266 887 et
2296 843 2490 886 Roberfo

546 921 755 964 Hutoune
802 935 899 963 cum
945 921 1128 964 diversis
1171 920 1270 963 aliis
1306 951 1318 961 .
1353 920 1537 963 Valtero
1583 921 1846 964 Farwedder
1884 922 2126 978 presbitero
2167 922 2491 966 Dunkeldensis

547 1001 792 1045 dioeceseos
812 1001 980 1044 notario
1012 1034 1021 1044 .
1059 1005 1108 1044 15
1131 1001 1330 1044 Januarii
1352 1004 1458 1045 1547
1494 1032 1504 1042 .

548 1174 802 1231 Preceptum
843 1175 987 1217 sasine
1026 1174 1070 1216 in
1109 1174 1304 1217 favorem
1347 1174 1526 1217 Roberti
1571 1174 1746 1218 Cullase
1789 1180 1833 1219 et
1874 1190 1951 1218 sue
1987 1190 2146 1233 sponse
2185 1180 2399 1220 terrarum
2438 1178 2491 1219 de

662 1254 904 1311 Fyndowry
937 1284 947 1295 .

551 1389 707 1444 Dauid
728 1401 927 1444 Fentoun
947 1401 1212 1444 feodatarius
1231 1401 1285 1444 de
1307 1401 1424 1458 Ogill
1454 1401 1624 1444 dilectis
1654 1402 1763 1444 meis
1783 1402 2009 1445 Willelmo
2031 1403 2309 1446 Robertsoun
2331 1403 2360 1446 J
2362 1404 2490 1446 oanni

551 1481 681 1538 Greig
969 1485 1013 1524 et
1026 1485 1218 1524 vestrum
1233 1481 1410 1524 cuilibet
1441 1511 1454 1522 .
1487 1512 1498 1522 .
1532 1513 1542 1523 .
1573 1481 1750 1524 balliuis
1762 1482 1870 1524 meis
1897 1512 1907 1522 .
1938 1514 1947 1524 .
1975 1513 1985 1524 .
2013 1482 2124 1538 Quia
2137 1483 2308 1525 vendidi
2322 1483 2492 1526 dilectis

548 1562 655 1604 meis
674 1561 864 1604 Roberto
886 1560 1061 1604 Cullase
1076 1561 1129 1604 de
1150 1561 1417 1604 Balnamone
1438 1564 1483 1604 et
1503 1557 1752 1605 Eliiabetht
1772 1562 1965 1618 Brouyss
1997 1576 2073 1605 sue
2097 1576 2255 1619 sponse
2277 1566 2321 1605 et
2342 1576 2491 1604 eorum

549 1641 676 1685 alteri
709 1641 872 1684 diutius
907 1640 1073 1683 viuenti
1108 1641 1153 1682 in
1188 1641 1419 1683 coniuncta
1452 1641 1745 1684 infeodatione
1782 1645 1827 1684 et
1866 1641 2100 1685 heredibus
2131 1643 2339 1685 masculis
2380 1643 2494 1684 inter

549 1721 721 1765 eosdem
756 1720 968 1777 legittime
1002 1721 1242 1777 procreatis
1283 1735 1360 1763 seu
1400 1721 1682 1777 procreandis
1721 1722 1878 1777 quibus
1919 1721 2222 1765 deficientibus
2262 1723 2494 1765 heredibus

550 1800 753 1844 masculis
772 1804 818 1843 et
843 1800 1080 1857 assignatis
1100 1800 1239 1856 ipsius
1268 1799 1451 1843 Roberti
1480 1801 1808 1857 quibuscunque
1837 1805 1957 1844 totas
1986 1805 2032 1844 et
2060 1801 2256 1858 integras
2276 1805 2418 1844 terras
2438 1802 2491 1843 de

550 1880 791 1937 Fyndowry
811 1893 908 1922 cum
927 1879 1203 1936 pertinentiis
1223 1894 1338 1922 nunc
1358 1894 1437 1936 per
1468 1879 1704 1937 Georgium
1734 1880 1948 1923 Falconer
1968 1885 2202 1938 occupatas
2231 1911 2243 1923 .
2276 1914 2286 1923 .
2320 1911 2332 1923 .
2361 1885 2491 1937 prout

547 1961 591 2002 in
612 1963 734 2003 carta
752 1973 850 2002 mea.
870 1958 951 2002 sibi
971 1959 1156 2015 desuper
1171 1959 1368 2002 confecta
1387 1959 1558 2016 plenius
1579 1960 1826 2003 continetur
1858 1991 1868 2001 .
1898 1960 2040 2003 Vobis
2070 1960 2206 2018 igitur
2233 1964 2278 2003 et
2297 1965 2490 2004 vestrum

549 2039 724 2083 cuilibet
761 2039 951 2096 precipio
985 2069 996 2080 .
1026 2070 1035 2081 .
1069 2070 1079 2081 .
1112 2042 1328 2094 quatenus
1359 2068 1368 2079 .
1403 2070 1414 2080 .
1445 2070 1455 2081 .
1489 2039 1681 2082 sasinam
1730 2039 2038 2083 hereditariam
2070 2070 2081 2082 .
2116 2071 2128 2082 .
2160 2073 2169 2083 .
2201 2040 2492 2096 predictarum

542 2124 761 2162 terrarum
791 2151 801 2161 .
835 2149 846 2160 .
878 2149 888 2159 .
919 2117 1101 2174 prefatis
1122 2117 1314 2161 Roberto
1335 2122 1380 2162 et
1400 2118 1626 2162 Elizabeth
1651 2133 1728 2161 sue
1750 2133 1907 2175 sponse
1923 2133 2161 2175 eorumque
2184 2119 2313 2162 alteri
2328 2120 2492 2163 diutius

549 2199 713 2241 viuenti
734 2199 779 2240 in
800 2198 1028 2240 coniuncta
1048 2197 1340 2240 infeodatione
1373 2230 1381 2239 .
1416 2229 1426 2238 .
1458 2230 1468 2239 .
1501 2198 1615 2241 iuste
1646 2198 1895 2242 deliberetis
1927 2230 1938 2240 .
1973 2229 1984 2241 .
2014 2230 2025 2242 .
2059 2198 2113 2240 In
2143 2199 2265 2240 cuius
2285 2199 2349 2240 rei
2369 2199 2494 2242 testi-

553 2279 743 2321 monium
765 2278 1039 2334 presentibus
1059 2291 1191 2320 manu
1211 2292 1309 2319 mea
1331 2279 1589 2335 subscriptis
1611 2279 1803 2335 sigillum
1823 2293 1968 2321 meum
1997 2278 2221 2335 proprium
2244 2284 2312 2321 est
2332 2293 2494 2335 appen-

552 2374 646 2401 sum
668 2357 783 2414 apud
804 2357 1070 2399 Balnamone
1090 2356 1158 2398 die
1178 2357 1308 2399 tertio
1329 2358 1492 2400 mensis
1514 2357 1767 2401 Decembris
1784 2373 1897 2401 anno
1920 2357 2096 2417 Domini
2115 2359 2345 2401 millesimo
2367 2360 2492 2414 quin-

550 2440 789 2495 gentesimo
829 2437 1186 2494 quinquagesimo
1223 2441 1378 2479 octauo
1407 2422 1563 2479 'coram
1603 2438 1673 2480 his
1722 2438 1910 2481 testibus
1954 2438 2179 2480 Willelmo
2230 2438 2396 2480 Forbes
2436 2439 2488 2480 de

551 2519 773 2562 Allerdess
804 2518 972 2560 Thoma
1012 2516 1176 2559 Forbes
1218 2530 1296 2558 suo
1339 2517 1551 2559 seruitore
1587 2517 1789 2559 Johanne
1827 2517 2001 2560 Oullase
2036 2517 2201 2560 Jacobo
2234 2517 2373 2574 Cluny
2404 2519 2490 2561 Ro-

551 2600 672 2641 berto
694 2598 846 2654 Lyoun
861 2596 1035 2639 domino
1056 2595 1258 2638 Waltero
1280 2595 1557 2638 Fairwedder
1577 2600 1622 2639 et
1642 2597 1862 2639 Harberto
1896 2596 2158 2654 Gledstanys
2187 2598 2370 2640 notariis
2391 2613 2488 2640 cum

551 2678 734 2720 diuersis
754 2677 852 2719 aliis
885 2708 895 2718 .

1217 2754 1360 2797 Dauid
1383 2755 1607 2798 Fentoune
1625 2756 1752 2799 witht
1770 2771 1842 2813 my
1861 2757 1978 2799 hand
1999 2757 2082 2798 fiar
2096 2757 2145 2799 of
2163 2756 2272 2812 Ogyl
2306 2789 2314 2798 .

554 2930 798 2973 Collatioun
818 2933 863 2972 to
886 2930 1079 2972 Mathew
1110 2930 1325 2986 Hepburn
1353 2930 1401 2972 of
1426 2931 1502 2973 the
1534 2929 1798 2986 Chaiplanry
1829 2930 1877 2972 of
1904 2930 2081 2972 Oaldem
2105 2929 2323 2972 conforme
2344 2934 2390 2971 to
2410 2930 2484 2972 the

668 3008 826 3065 King’s
845 3009 1140 3064 presentation
1159 3010 1213 3051 be
1233 3010 1308 3052 the
1328 3009 1449 3065 vicar
1466 3009 1676 3066 generali,
1698 3009 1798 3052 sede
1819 3013 2001 3052 vacante
2032 3039 2045 3051 .

554 3143 825 3198 Guillelmus
859 3155 1167 3212 Ounynghame
1200 3156 1389 3199 decanus
1423 3155 1604 3198 ecclesie
1634 3155 1941 3198 Brechinensis
1970 3169 2021 3198 ac
2051 3154 2238 3197 vicarius
2268 3155 2485 3211 generalis

551 3234 741 3276 eiusdem
776 3234 874 3276 sede
906 3234 1024 3276 illius
1054 3235 1288 3291 episcopali
1317 3238 1500 3277 vacante
1530 3234 1687 3278 dilecto
1717 3235 1842 3277 nobis
1874 3235 1919 3276 in
1952 3234 2126 3277 Christo
2158 3235 2341 3277 Matheo
2364 3235 2485 3290 Hep-

550 3314 686 3355 burne
707 3313 859 3355 clerico
882 3313 1185 3356 Brechinensis
1205 3314 1388 3357 diocesis
1421 3313 1616 3356 Salutem
1650 3344 1661 3356 .
1693 3346 1703 3356 .
1735 3346 1745 3356 .
1777 3313 1987 3370 capellam
2019 3328 2097 3356 seu
2126 3315 2411 3371 capellaniam
2434 3316 2485 3355 de

552 3392 727 3434 Caldem
750 3397 1040 3448 nuncupatam
1060 3393 1106 3436 in
1126 3394 1308 3437 ecclesia
1328 3394 1608 3436 Brechinensi
1636 3393 1863 3437 fundatam
1896 3425 1906 3435 .
1938 3424 1948 3434 .
1980 3426 1989 3435 .
2022 3398 2247 3437 vacantem
2279 3408 2356 3449 per
2387 3426 2395 3435 .
2429 3426 2438 3435 .
