3016 3958
338 1915 566 1962 XXXII.

574 646 647 701 58
1138 646 1430 702 OARTAE
1475 647 1973 704 ORIGINALES.

579 836 894 900 perlecturam
919 840 969 884 et
992 835 1337 900 publicaturam
1362 838 1577 900 prefatus
1602 837 1819 886 dominus
1843 838 2080 887 Patricius
2102 854 2244 902 super
2265 839 2517 887 earundem

579 926 824 974 tenoribus
846 941 876 973 a
898 941 973 972 me
997 925 1184 973 notario
1207 924 1396 988 publico
1419 925 1685 990 subscripto
1720 926 1810 975 sibi
1834 927 1934 974 fieri
1957 926 2098 990 petiit
2121 943 2264 974 unum
2287 927 2361 976 vel
2383 927 2519 991 plura

581 1014 772 1078 publica
794 1014 1108 1063 instrumenta
1143 1016 1201 1062 de
1236 1014 1477 1079 premissis
1502 1015 1635 1064 Acta
1657 1000 1847 1064 fuerunt
1870 1015 1958 1063 hec
1981 1015 2109 1079 apud
2136 1015 2377 1065 Montross
2399 1016 2522 1064 infra

582 1107 909 1152 tenementum
949 1102 1157 1151 Walteri
1197 1103 1393 1152 Paniter
1430 1105 1516 1153 sub
1555 1120 1680 1152 anno
1722 1104 1799 1152 die
1838 1131 1847 1143 -
1887 1131 1897 1142 ·
1937 1131 1947 1141 ·
1983 1103 2153 1167 quibus
2191 1119 2334 1168 supra
2371 1132 2382 1142 ·
2416 1120 2521 1168 pre-

585 1192 800 1241 sentibus
836 1193 1011 1240 ibidem
1047 1192 1257 1256 prouidis
1294 1196 1343 1240 et
1380 1192 1594 1241 honestis
1628 1192 1742 1241 viris
1779 1191 1978 1240 Andrea
2014 1191 2208 1240 Paniter
2252 1196 2367 1240 tunc
2410 1192 2523 1239 Pre-

586 1282 742 1345 posito
766 1282 882 1330 dicti
907 1281 1040 1345 burgi
1066 1280 1310 1330 Willelmo
1336 1282 1504 1330 Serass
1531 1280 1776 1329 Willelmo
1801 1280 1956 1329 Colini
1995 1307 2005 1318 ·

655 1373 720 1419 Et
758 1388 845 1435 ego
870 1370 1141 1419 Willelmus
1178 1370 1328 1434 Cassy
1365 1370 1566 1419 clericus
1603 1370 1938 1419 Brechinensis
1961 1369 2176 1418 dioecesis
2199 1369 2417 1433 publicus
2439 1386 2522 1418 au·-

586 1461 783 1510 toritate
807 1459 1040 1524 imperiali
1064 1459 1278 1508 notarius
1315 1487 1324 1497 ·
1364 1487 1374 1497 ·
1415 1488 1424 1497 ·

590 1663 963 1711 Instrumentum
990 1676 1136 1725 penes
1173 1659 1483 1724 capellaniam
1510 1661 1568 1708 de
1608 1660 1875 1707 Pettarrow
1898 1662 1989 1707 etc.

590 1758 684 1804 Pro
708 1755 906 1806 seruitio
930 1754 1102 1804 secreti
1126 1753 1360 1818 capellani
1385 1754 1443 1801 de
1469 1753 1598 1801 Both
1625 1751 1835 1816 Breklay
1858 1756 1908 1800 et
1934 1751 2175 1800 Caudham
2217 1781 2228 1790 ·

599 1880 678 1962 In
720 1912 908 1962 nomine
952 1908 1147 1958 Domini
1195 1910 1348 1956 Amen
1387 1937 1397 1947 ·
1437 1937 1447 1946 -
1486 1936 1497 1946 ·
1533 1911 1699 1972 pateat
1745 1908 1992 1956 euidenter
2031 1908 2155 1971 quod
2195 1923 2319 1956 anno
2361 1908 2524 1957 Incar-

591 2002 798 2052 nationis
834 1999 1084 2048 Dominice
1127 1997 1376 2046 millesimo
1417 1996 1878 2061 quadringentesimo
1919 1997 2276 2060 quadragesimo
2315 1999 2523 2046 secundo

591 2096 731 2143 sexto
755 2091 830 2139 die
854 2088 1029 2138 mensis
1051 2087 1084 2134 J
1089 2086 1172 2134 ulii
1195 2086 1453 2134 indictione
1486 2085 1652 2150 quinta
1678 2086 1989 2134 Pontificatus
2026 2113 2036 2123 ·
2077 2114 2087 2123 ·
2126 2113 2136 2123 ·
2175 2086 2376 2150 Eugenii
2412 2114 2423 2125 ·
2462 2116 2472 2125 -
2513 2116 2523 2126 -

593 2184 722 2247 Pape
746 2179 902 2244 quarti
925 2193 1048 2226 anno
1073 2175 1351 2224 duodecimo
1389 2203 1398 2213 ·
1438 2203 1448 2212 ·
1488 2202 1498 2212 ·
1539 2174 1858 2223 Personaliter
1891 2174 1939 2221 in
1974 2174 2184 2238 capitulo
2217 2175 2525 2226 Brechinensi

592 2278 763 2325 Coram
798 2270 1055 2322 venerabili
1089 2270 1190 2318 viro
1223 2269 1448 2332 magistro
1482 2269 1516 2315 J
1520 2268 1704 2316 ohanne
1741 2268 1990 2332 Lychtoun
2015 2267 2213 2316 Decano
2236 2269 2445 2318 eiusdem
2469 2285 2526 2319 ac

593 2364 793 2413 diuersis
816 2359 1056 2410 canonicis
1078 2359 1253 2407 ibidem
1278 2357 1605 2421 capitulariter
1639 2356 1935 2421 congregatis
1969 2356 2232 2420 comparuit
2261 2356 2432 2406 nobilis
2454 2358 2526 2406 vir

593 2453 809 2502 dominus
830 2451 864 2498 J
868 2450 1078 2498 ohannes
1103 2447 1362 2510 Wyschart
1387 2446 1604 2495 dominus
1641 2447 1700 2494 de
1740 2446 2008 2494 Pettarrow
2044 2445 2194 2502 miles,
2233 2447 2300 2494 Et
2336 2463 2527 2510 presen-

591 2543 715 2591 tauit
739 2538 995 2589 venerabili
1018 2538 1119 2586 viro
1140 2536 1365 2599 magistro
1391 2535 1605 2583 Roberto
1642 2535 1700 2582 de
1736 2534 1984 2583 Crannach
2008 2534 2191 2583 cantori
2216 2536 2523 2587 Brechinensi

593 2648 649 2680 ac
674 2629 870 2678 Vicario
892 2625 1101 2691 generali
1138 2653 1149 2663 ·
1188 2653 1198 2663 ·
1237 2652 1249 2663 ·
1287 2624 1514 2688 Episcopi
1538 2623 1885 2680 Brechinensis‚
1911 2624 2026 2687 Ipso
2049 2623 2098 2671 in
2124 2625 2319 2674 remotis
2341 2631 2523 2690 agente,

593 2721 849 2769 discretum
886 2717 1037 2764 virum
1074 2714 1314 2763 dominum
1352 2713 1513 2761 Dauid
1553 2713 1813 2776 Wyschart
1847 2711 2141 2776 capellanum
2178 2714 2239 2761 ad
2272 2714 2524 2763 seruicium

593 2810 756 2857 decem
780 2813 1042 2854 marcarum
1065 2803 1209 2852 annui
1232 2802 1446 2851 redditus
1483 2803 1542 2850 de
1579 2802 1724 2851 certis
1745 2802 1888 2851 terris
1921 2802 2019 2850 suis
2054 2802 2297 2851 annuatim
2321 2803 2524 2852 fideliter

592 2897 900 2946 leuandarum
937 2897 1078 2958 prout
1113 2893 1163 2940 in
1200 2896 1334 2940 carta
1370 2891 1487 2939 dicti
1522 2890 1699 2939 domini
1732 2891 1766 2938 J
1770 2890 1969 2939 ohannis
2003 2889 2156 2953 sigillo
2179 2905 2264 2939 suo
2286 2893 2522 2954 pendente

594 2985 801 3050 sigillata
822 2983 1007 3047 plenius
1029 2981 1218 3046 publice
1243 2980 1514 3029 continetur
1550 3007 1561 3019 ·
1597 2980 1749 3035 Quem
1778 2979 1967 3043 quidem
2001 2978 2294 3042 capellanum
2329 2983 2379 3028 et
2413 2996 2523 3030 suos

594 3088 890 3124 successores
926 3072 1006 3135 qui
1041 3086 1127 3134 pro
1162 3074 1377 3132 tempore
1413 3068 1588 3116 fuerint
1613 3067 1760 3116 voluit
1795 3071 1844 3115 et
1879 3067 2116 3116 ordinauit
2141 3069 2301 3117 diuina
2323 3070 2524 3118 seruicia

596 3166 643 3212 in
685 3163 828 3211 choro
868 3159 1066 3209 ecclesie
1109 3156 1444 3206 Brechinensis
1478 3160 1528 3204 et
1563 3155 1676 3203 alibi
1718 3156 1946 3204 interesse
1987 3159 2037 3204 et
2077 3157 2352 3206 continuare
2397 3159 2522 3207 sicut

595 3253 808 3300 fecerunt
833 3253 882 3297 et
904 3247 1086 3296 faciunt
1110 3246 1191 3295 alii
1216 3244 1448 3310 capellani
1486 3245 1535 3291 in
1570 3244 1700 3292 dicta
1734 3244 1935 3292 ecclesia
1968 3260 2054 3307 pro
2085 3249 2313 3309 perpetuo
2336 3247 2520 3295 fundati

597 3346 647 3390 et
671 3339 894 3404 precipue
917 3340 1058 3400 prout
1080 3335 1260 3383 faciunt
1285 3332 1516 3397 capellani
1548 3332 1607 3380 de
1646 3332 1773 3380 Both
1799 3331 2008 3395 Breklay
2031 3336 2080 3380 et
2105 3332 2392 3383 Camdhame
2418 3352 2526 3384 nec-
