3016 3958
552 633 627 693 '72
1104 635 1401 692 OARTAE
1445 635 1943 693 ORIGINALES.

557 824 607 871 in
629 825 728 874 suis
761 825 914 875 literis
951 827 1190 874 contentis
1216 827 1398 875 fructus
1434 826 1633 875 ecclesie
1658 827 1717 874 (16
1757 825 2080 888 Strathachyn
2118 825 2167 872 in
2204 825 2396 890 scriptis
2419 841 2491 874 se-

559 914 822 977 questrauit
860 942 871 953 ·
908 915 986 962 Ad
1025 931 1220 979 quorum
1246 915 1568 964 testimoninm
1593 915 1718 979 quod
1756 915 1844 962 hec
1866 914 1998 962 facta
2025 917 2135 962 sunt
2159 929 2222 962 ex
2260 929 2492 963 consensu

557 1003 753 1067 capituli
773 1008 822 1052 et
846 1003 1172 1067 capitulariter
1195 1003 1338 1052 Anno
1363 1020 1522 1053 mense
1543 1004 1619 1051 die
1643 1008 1692 1051 et
1709 1002 1815 1051 loco
1841 1002 2117 1067 prescriptis
2141 1002 2343 1066 sigillum
2367 1018 2494 1051 com-

560 1108 700 1140 mune
725 1092 921 1156 capituli
944 1092 1242 1156 presentibus
1266 1097 1338 1141 est
1362 1109 1620 1157 appensum
1647 1093 1788 1156 Apud
1814 1090 2020 1139 Brechin
2046 1090 2230 1138 decimo
2254 1094 2393 1139 sexto
2418 1090 2494 1137 die

562 1181 737 1230 mensis
778 1181 1058 1230 Decembris
1095 1184 1235 1230 Anno
1267 1181 1444 1230 domini
1481 1181 1730 1230 millesimo
1768 1179 2232 1245 quadringentesimo
2255 1178 2496 1228 tricesimo

563 1275 732 1333 quarto
770 1297 781 1308 ·

631 1358 698 1406 Et
734 1375 821 1421 ego
860 1358 893 1404 J
898 1359 1108 1408 ohannes
1148 1359 1302 1423 Steyll
1341 1360 1589 1423 presbyter
1626 1358 1980 1408 Dunkeldensis
2017 1359 2248 1407 Dioecesis
2285 1357 2500 1422 publicus

563 1447 852 1495 auctoritate
870 1447 1103 1511 imperiali
1119 1448 1333 1496 notarius
1351 1449 1462 1512 quia
1475 1448 1688 1512 predicte
1712 1447 1849 1496 litere
1872 1447 2233 1496 translationem
2252 1448 2311 1495 de
2335 1447 2502 1511 papiro

565 1536 613 1583 in
637 1536 727 1583 hoc
744 1551 1077 1599 pergamenum
1095 1552 1239 1584 manu
1256 1553 1364 1585 mea
1386 1537 1611 1600 scriptam
1635 1536 1788 1599 sigillo
1807 1537 2042 1585 communi
2060 1537 2109 1584 in
2128 1537 2336 1599 margine
2360 1537 2503 1584 affixo

565 1625 695 1673 nullo
713 1625 856 1673 verbo
874 1625 1039 1673 addito
1056 1641 1209 1689 neque
1226 1630 1411 1674 remoto
1429 1630 1731 1690 preterquam
1749 1626 1797 1674 in
1814 1625 2079 1689 penultima
2095 1625 2222 1674 linea
2239 1626 2345 1674 loco
2365 1626 2506 1673 huius

567 1715 698 1763 verbi
721 1717 908 1777 affixum
933 1714 982 1762 in
1005 1714 1095 1762 hac
1129 1714 1270 1763 litera
1303 1715 1574 1778 pergameni
1597 1715 1818 1779 apposita
1853 1720 1927 1765 est
1961 1715 2051 1764 hec
2086 1716 2234 1764 dictio
2257 1731 2507 1779 appensum

569 1821 631 1851 ex
654 1803 951 1852 ordinatione
987 1808 1037 1852 et
1072 1803 1201 1852 iussu
1227 1803 1367 1852 Revdi
1402 1803 1450 1851 in
1487 1804 1600 1868 Xpo
1623 1804 1774 1867 patris
1798 1808 1847 1852 et
1871 1804 2048 1852 domini
2074 1804 2251 1853 domini
2273 1805 2307 1852 J
2311 1804 2510 1852 ohannis

571 1893 797 1956 Episcopi
822 1893 1158 1942 Brechinensis
1179 1908 1363 1941 necnon
1397 1892 1732 1941 venerabilium
1757 1893 1962 1941 virorum
1986 1897 2036 1942 et
2060 1893 2390 1957 magistrorum
2424 1894 2458 1940 J
2462 1910 2512 1941 o-

570 1982 740 2030 hannis
775 1983 834 2029 de
871 1982 1109 2030 Lichtoun
1144 1981 1312 2029 decani
1336 1982 1561 2038 eiusdem,
1598 1981 1820 2030 Duncani
1856 1983 1914 2030 de
1958 1982 2194 2031 Lichtoun
2235 1981 2405 2031 decani
2442 1983 2508 2030 vi-

571 2071 700 2126 carii,
741 2072 775 2118 J
779 2071 978 2119 ohannis
1014 2071 1291 2135 Monypeny
1331 2071 1630 2135 prebendarii
1671 2072 1729 2120 de
1764 2071 2035 2135 Buthirgill,
2071 2072 2327 2121 Laurencii
2369 2073 2507 2121 Piote

571 2159 869 2223 pensionarii,
921 2159 1119 2207 Henrici
1173 2159 1316 2222 Rynd
1370 2159 1640 2215 subdecani,
1681 2160 1715 2206 J
1719 2160 1918 2209 ohann1s
1959 2160 2070 2209 Clat
2104 2139 2403 2225 prebendarii
2451 2163 2509 2208 de

575 2248 862 2311 Glenberuy,
904 2248 1102 2296 Ricardi
1140 2249 1198 2296 (16
1237 2248 1421 2297 Guthre
1462 2248 1762 2312 prebendarii
1809 2249 1868 2297 de
1917 2249 2129 2298 Lethnot
2182 2250 2511 2314 capitulariter

575 2342 965 2400 congregatorum
1003 2340 1053 2384 et
1099 2340 1372 2384 vocatorum
1418 2352 1560 2400 super
1606 2337 1807 2386 diuersis
1858 2338 2034 2386 bonum
2071 2339 2269 2403 capituli
2322 2355 2513 2388 concer-

575 2427 796 2474 nentibus
836 2426 898 2473 ad
943 2425 1214 2474 vicesimam
1257 2425 1381 2472 diem
1430 2425 1635 2489 Augusti
1681 2441 1806 2474 anno
1859 2426 2054 2474 Domini
2100 2427 2350 2477 millesimo
2397 2446 2513 2493 qua-

576 2515 942 2578 dringentesimo
966 2514 1324 2579 quadragesimo
1347 2517 1532 2570 octauo,
1550 2530 1640 2578 que
1662 2514 1914 2564 translatio
1932 2520 1981 2564 et
2006 2515 2238 2566 dictorum
2262 2518 2511 2566 verborum

575 2604 864 2668 permutatio
899 2604 1029 2652 facta
1051 2608 1124 2652 est
1159 2605 1220 2650 ad
1256 2606 1525 2666 requestam
1550 2603 1831 2653 venerabilis
1865 2604 1953 2652 viri
1977 2605 2190 2668 magistri
2228 2607 2429 2656 Roberti
2454 2609 2513 2655 de

578 2693 826 2741 Crannach
864 2692 1156 2756 precentoris
1183 2691 1516 2741 Brechinensis
1546 2696 1741 2756 propter
1765 2692 1892 2741 dicte
1916 2693 2055 2742 litere
2078 2695 2272 2759 papiree
2297 2699 2346 2744 et
2371 2696 2513 2759 sigilli

578 2782 840 2831 communis
863 2780 1159 2829 debilitatem
1198 2784 1248 2828 vt
1272 2796 1430 2828 coram
1454 2781 1682 2844 predictis
1713 2781 1762 2828 in
1800 2782 1930 2831 dicto
1968 2782 2178 2847 capitulo
2218 2786 2515 2848 congregatis

578 2887 663 2934 per
687 2871 865 2918 dictum
889 2873 1214 2933 precentorem
1239 2869 1580 2918 ostendebatur
1615 2870 1793 2918 dictam
1831 2870 2019 2919 literam
2058 2872 2300 2936 papiream
2323 2873 2512 2937 publice

579 2959 862 3023 perlegendo
886 2963 935 3006 et
969 2975 1000 3006 a
1022 2974 1098 3006 me
1123 2958 1309 3006 notario
1332 2957 1521 3021 publico
1555 2974 1699 3022 super
1720 2960 1948 3022 predictis
1970 2961 2209 3024 publicum
2234 2962 2516 3011 instrumen-

579 3053 682 3096 tum
723 3048 945 3111 petendo‚
986 3047 1203 3111 predicta
1242 3047 1402 3095 omnia
1440 3051 1490 3095 et
1530 3046 1715 3110 singula
1755 3047 1852 3095 vidi
1892 3052 1942 3097 et
1983 3049 2143 3097 audivi
2183 3054 2234 3098 et
2269 3050 2317 3098 in
2352 3056 2514 3100 notam

581 3136 759 3199 sumpsi
793 3151 851 3183 ac
885 3135 1120 3198 prefatam
1153 3134 1515 3184 translationem
1550 3151 1624 3184 me
1658 3135 1766 3185 aliis
1800 3141 2032 3201 occupato
2066 3154 2153 3202 per
2185 3138 2330 3187 alium
2374 3141 2517 3188 scribi

581 3225 674 3274 feci
698 3228 890 3287 rogatus
913 3227 962 3272 et
986 3223 1241 3287 requisitus
1276 3224 1323 3271 in
1358 3223 1680 3273 testimonium
1716 3225 1931 3274 veritatis
1955 3226 2162 3276 omnium
2186 3228 2518 3291 premissorum

583 3329 709 3362 anno
747 3313 822 3361 die
864 3327 1024 3361 mense
1059 3313 1345 3376 supradictis
1381 3316 1431 3361 et
1467 3312 1727 3362 indictione
1762 3314 2009 3363 vndecima
2043 3331 2118 3364 me
2154 3333 2295 3365 manu
2330 3319 2521 3382 propria
