3016 3958
524 615 634 669 208
1103 610 1400 667 OARTAE
1445 612 1948 669 ORIGINALES.

529 804 751 852 membris
792 802 1072 851 necessariis
1112 802 1318 850 faciendi
1366 803 1559 850 creandi
1606 807 1655 851 et
1703 803 1849 851 iurari
1898 804 2124 852 causandi
2170 822 2254 869 pro
2302 806 2469 869 quibus

530 894 811 957 respondere
836 893 1123 941 tenebuntur
1158 895 1208 939 et
1242 891 1529 955 generaliter
1553 892 1711 940 omnia
1745 892 1840 940 alia
1875 896 1924 940 et
1960 892 2144 956 singula
2166 893 2370 942 faciendi
2393 911 2472 957 ge-

530 983 664 1030 rendi
691 986 739 1030 et
764 981 1016 1030 exercendi
1048 980 1235 1028 dicendi
1262 967 1351 1044 oue
1376 982 1435 1028 ad
1461 981 1665 1029 officium
1701 981 1925 1031 balliatus
1948 982 1996 1030 in
2020 983 2262 1047 premissis
2286 984 2344 1032 de
2369 984 2470 1031 iure

530 1087 615 1119 seu
655 1071 785 1134 regni
827 1069 1169 1118 consuetudine
1202 1069 1512 1118 dinoscuntur
1543 1070 1780 1134 pertinere
1828 1076 1877 1119 et
1925 1087 2016 1135 que
2063 1076 2249 1120 nosmet
2294 1072 2472 1119 faeere-

532 1175 636 1208 mus
677 1175 762 1208 seu
803 1160 959 1207 facere
1002 1174 1253 1222 possumus
1294 1159 1334 1207 si
1376 1159 1691 1223 personaliter
1725 1161 2061 1210 interessemus
2094 1165 2248 1209 ratum
2286 1166 2471 1223 gratum

530 1249 712 1296 firmum
753 1252 896 1311 atque
935 1247 1107 1296 stabile
1148 1248 1383 1297 habentes
1425 1252 1474 1297 et
1517 1249 1727 1297 habituri
1773 1254 1930 1298 totum
1981 1254 2029 1298 et
2080 1250 2306 1314 quicquid
2355 1250 2471 1298 dicti

531 1338 681 1386 nostri
722 1337 885 1385 balliui
927 1337 1027 1385 siue
1067 1337 1285 1400 deputati
1324 1341 1374 1385 et
1413 1337 1626 1385 officiarii
1666 1338 1712 1385 in
1750 1339 1991 1402 premissis
2028 1339 2119 1387 rite
2158 1339 2347 1387 duxerit
2389 1355 2472 1388 seu

533 1427 755 1475 duxerint
779 1426 1048 1474 faciendum
1074 1426 1160 1474 sub
1185 1426 1456 1489 hypotheca
1491 1430 1539 1474 et
1576 1426 1861 1489 obligatione
1887 1427 2092 1475 omnium
2116 1428 2343 1476 bonorum
2368 1445 2475 1477 nos-

531 1521 713 1564 trorum
758 1515 1000 1563 mobilium
1037 1519 1086 1562 et
1121 1514 1428 1563 immobilium
1465 1516 1753 1579 presentium
1801 1520 1850 1564 et
1895 1516 2159 1564 futurorum
2198 1546 2207 1554 -
2246 1518 2471 1565 Preterea

532 1611 697 1653 tenore
735 1604 1024 1668 presentium
1063 1605 1231 1652 damus
1269 1604 1571 1652 concedimus
1601 1604 1890 1667 disponimus
1928 1609 1977 1653 et
2016 1605 2308 1668 assignamus
2333 1606 2471 1655 dictis

531 1695 707 1743 nostris
743 1693 932 1741 balliuis
969 1709 1054 1756 pro
1092 1693 1302 1756 ipsorum
1326 1693 1478 1741 feodis
1516 1693 1565 1739 in
1604 1693 1887 1742 executione
1926 1697 1975 1742 et
2013 1694 2329 1742 deseruitione
2355 1695 2470 1743 dicti

533 1783 673 1831 officii
698 1782 922 1830 balliatus
947 1782 1106 1829 firmas
1131 1785 1180 1829 et
1205 1781 1426 1829 deuorias
1450 1781 1743 1845 subscriptas
1767 1782 1999 1830 dictarum
2017 1786 2249 1830 terrarum
2275 1785 2472 1831 domini-

533 1872 703 1921 calium
742 1873 800 1919 de
840 1870 1081 1919 Farnwell
1120 1874 1168 1918 et
1208 1886 1423 1918 acrarum
1463 1886 1610 1934 prope
1650 1871 1827 1918 dictam
1853 1870 2102 1919 ecclesiam
2138 1873 2196 1919 de
2232 1873 2470 1921 Farnwell

534 1962 777 2010 ann'uatim
802 1977 886 2024 per
910 1960 1064 2008 dictos
1087 1963 1276 2008 nostros
1299 1958 1503 2007 balliuos
1537 1959 1585 2006 in
1610 1959 1708 2007 suis
1731 1959 1933 2022 propriis
1957 1960 2172 2009 manibus
2197 1961 2467 2010 retinendas

534 2055 582 2099 et
604 2050 885 2099 detinendas
903 2064 959 2096 ac
980 2049 1182 2112 desuper
1205 2049 1266 2096 ad
1291 2048 1496 2112 ipsorum
1516 2048 1705 2096 libitum
1725 2048 1985 2097 voluntatis
2003 2050 2318 2113 disponendas
2344 2080 2355 2090 ·
2381 2052 2470 2099 Te-

534 2140 713 2187 nendas
738 2143 787 2187 et
811 2138 1054 2186 habendas
1072 2141 1202 2185 totas
1219 2141 1267 2185 et
1287 2137 1495 2200 integras
1512 2138 1723 2201 prefatas
1739 2142 1893 2186 terras
1919 2165 1929 2176 ·
1959 2166 1969 2176 ·
1997 2167 2007 2176 ·
2032 2155 2214 2187 necnon
2233 2141 2467 2203 prefatum

533 2228 734 2276 officium
754 2226 978 2275 balliatus
1004 2255 1014 2264 ·
1043 2254 1052 2264 ·
1081 2254 1092 2264 ·
1116 2226 1351 2290 prelibato
1375 2226 1521 2274 nobili
1546 2227 1735 2274 domino
1760 2226 2052 2275 Archibaldo
2079 2228 2282 2291 Ergadie
2308 2232 2469 2280 comiti

535 2346 544 2355 ·
574 2346 584 2355 ·
614 2345 623 2355 ·
648 2317 836 2379 suisque
855 2315 1108 2363 heredibus
1123 2315 1344 2363 masculis
1359 2319 1408 2362 et
1424 2315 1678 2378 assignatis
1695 2316 1970 2379 prescriptis
1989 2317 2047 2364 de
2066 2317 2201 2365 nobis
2219 2322 2268 2366 et
2286 2335 2471 2369 succes-

532 2405 716 2454 soribus
754 2404 931 2452 nostris
969 2404 1018 2450 in
1055 2404 1319 2451 feudifirma
1343 2419 1426 2451 seu
1452 2404 1735 2467 emphiteosi
1759 2409 1808 2453 et
1832 2405 2097 2454 hereditate
2126 2407 2468 2471 imperpetuum

537 2523 546 2533 ·
586 2523 596 2532 -
635 2523 646 2532 ·
684 2493 948 2541 Reddendo
986 2492 1095 2539 inde
1133 2492 1378 2539 annuatim
1417 2493 1573 2541 dictus
1613 2492 1786 2541 nobilis
1826 2494 2039 2542 dominus
2074 2495 2238 2559 suique
2273 2497 2470 2548 heredes

533 2583 728 2632 masculi
754 2586 802 2630 et
828 2581 1055 2644 assignati
1080 2581 1332 2644 prescripti
1355 2581 1493 2629 nobis
1529 2585 1578 2629 et
1613 2582 1789 2630 nostris
1823 2583 2172 2632 successoribus
2206 2586 2470 2651 nostrisque

536 2672 807 2721 camerariis
845 2676 893 2719 et
930 2671 1191 2718 factoribus
1229 2687 1314 2733 pro
1351 2670 1550 2733 prefatis
1573 2671 1714 2718 terris
1739 2671 2098 2720 dominicalibus
2136 2673 2193 2720 de
2232 2675 2469 2724 Farnwell

483 2776 490 2786 ·
535 2779 641 2809 cum
680 2789 690 2799 ·
730 2789 739 2798 ·
778 2789 787 2798 ·
823 2759 1123 2823 pertinentiis
1148 2760 1403 2806 earundem
1428 2775 1627 2806 vnacum
1653 2759 1795 2807 dictis
1818 2759 1941 2808 acris
1964 2764 2194 2808 terrarum
2219 2763 2345 2825 apud
2371 2765 2466 2812 dic-

535 2855 632 2898 tam
658 2848 905 2897 ecclesiam
932 2849 989 2895 de
1015 2847 1252 2896 Farnwell
1276 2847 1543 2895 iacentibus
1567 2848 1828 2910 predictam
1865 2863 2095 2895 summam
2131 2849 2467 2914 quinquaginta

537 2956 622 2988 sex
647 2954 906 2986 mercarum
930 2941 1117 2984 monete
1154 2938 1213 2984 ad
1251 2937 1369 2984 duos
1403 2936 1515 2983 anni
1547 2935 1775 2983 terminos
1800 2940 2049 2985 consuetos
2087 2964 2097 2974 ·
2136 2964 2147 2974 ·
2185 2965 2195 2974 ·
2233 2954 2288 2985 ac
2315 2940 2467 2990 dictos

537 3026 781 3075 duodecim
818 3041 1021 3088 capones
1056 3026 1115 3072 ad
1151 3024 1379 3072 terminos
1414 3023 1582 3073 solitos
1616 3028 1666 3071 et
1701 3028 1953 3073 consuetos
1987 3029 2070 3073 aut
2105 3030 2213 3074 octo
2250 3028 2467 3079 denarios

536 3132 620 3179 pro
662 3114 872 3178 qualibet
912 3114 1043 3177 petia
1083 3114 1338 3161 earundem
1380 3113 1427 3160 in
1466 3112 1658 3172 optione
1695 3112 1924 3162 soluentis
1960 3116 2380 3177 tanquam-firmas
2417 3126 2466 3167 et

537 3204 754 3252 deuorias
777 3203 991 3266 perprius
1014 3201 1134 3250 solui
1160 3201 1329 3250 solitas
1363 3205 1413 3248 et
1438 3204 1690 3248 consuetas
1713 3201 1915 3248 acetiam
1939 3217 2166 3250 summam
2192 3203 2355 3266 viginti
2380 3223 2465 3255 sex

535 3293 792 3342 solidorum
829 3295 938 3339 octo
974 3290 1268 3338 denariorum
1307 3289 1353 3337 in
1389 3304 1592 3337 annuam
1624 3289 2054 3352 augmentationem
2090 3293 2239 3341 nostri
2276 3297 2470 3346 rentalis
