3016 3958
1029 638 1320 694 OARTAE
1365 637 1862 693 ORIGINALES.
2381 641 2452 694 61

531 827 589 874 de
614 826 743 874 dicta
766 825 877 874 villa
901 827 959 875 de
986 827 1275 891 Maryntoun
1301 829 1428 893 quod
1446 829 1556 891 jura
1579 845 1737 876 eorum
1759 829 1932 876 ibidem
1954 829 2258 876 ostenderent
2276 832 2464 876 attento

532 916 655 977 quod
694 912 823 964 dicta
861 914 974 963 uilla
1011 920 1211 979 protunc
1249 918 1296 964 in
1336 918 1550 966 manibus
1586 918 1684 967 suis
1721 918 1910 966 vacauit
1947 917 2049 965 sine
2084 932 2354 981 possessore
2382 921 2466 964 aut

531 1008 725 1054 tenente
763 1009 815 1053 ut
853 1009 1041 1054 constat
1078 1022 1163 1070 per
1199 1007 1514 1055 instrumenta
1534 1007 1612 1055 hic
1636 1007 1830 1055 inferius
1864 1007 2043 1055 inserta
2066 1010 2115 1054 et
2139 1006 2471 1070 persequentia

534 1099 583 1142 et
607 1095 695 1142 hec
719 1094 877 1142 omnia
901 1094 1058 1144 dictus
1082 1095 1359 1144 Alexander
1392 1096 1440 1143 in
1455 1158 1459 1162 ᾗ
1475 1096 1598 1144 facie
1622 1096 1751 1144 curie
1775 1096 1996 1160 probauit
2030 1095 2199 1144 fecisse
2236 1099 2284 1143 et
2319 1094 2473 1159 publi-

536 1199 668 1232 casse
706 1187 759 1231 ut
794 1184 1063 1247 predictum
1087 1189 1160 1233 est
1185 1202 1269 1249 per
1308 1186 1426 1234 duos
1461 1186 1686 1234 honestos
1713 1185 1839 1234 viros
1876 1184 2142 1234 Gilbertum
2169 1185 2398 1247 Fermory
2422 1188 2471 1231 et

535 1272 797 1321 Patricium
835 1273 892 1320 de
929 1271 1198 1321 molendino
1233 1274 1421 1337 publice
1457 1291 1599 1338 super
1620 1274 1713 1322 hiis
1737 1290 1896 1322 coram
1920 1274 2136 1322 omnibus
2153 1273 2327 1336 juratis
2351 1274 2475 1321 Con-

535 1362 727 1411 uocauit
752 1361 895 1408 etiam
922 1361 1078 1410 dictus
1114 1362 1389 1410 Alexander
1423 1362 1629 1410 nobilem
1666 1362 1910 1410 mulierem
1944 1363 1978 1410 J
1982 1367 2170 1411 onetam
2209 1363 2267 1410 de
2303 1362 2476 1426 Ogiluy

537 1451 752 1500 relictam
777 1451 1015 1514 quondam
1042 1450 1274 1498 Willelmi
1300 1452 1358 1499 de
1384 1451 1676 1500 Foulartoun
1712 1456 1766 1500 ut
1801 1452 1905 1515 ipsa
1928 1452 2187 1500 ratificaret
2222 1455 2271 1500 et
2306 1468 2476 1516 appro-

536 1543 672 1590 baret
720 1540 1008 1588 concordata
1053 1544 1102 1588 et
1148 1545 1474 1604 appunctuata
1519 1541 1645 1589 inter
1685 1545 2015 1604 procuratores
2056 1557 2166 1590 suos
2206 1545 2255 1589 et
2298 1541 2476 1589 dictum

539 1631 847 1679 reuerendum
883 1633 1066 1693 patrem
1105 1630 1153 1676 in
1191 1630 1325 1678 curia
1362 1630 1479 1678 dicti
1517 1631 1763 1678 reuerendi
1788 1630 1938 1694 patris
1961 1634 2098 1678 tenta
2121 1631 2245 1694 apud
2272 1630 2477 1678 Brechin

540 1737 630 1784 que
669 1719 829 1768 omnia
867 1722 1088 1767 constant
1127 1719 1175 1766 in
1214 1719 1529 1768 instrumento
1567 1721 1772 1784 quodam
1810 1720 1943 1768 cuius
1987 1724 2127 1768 tenor
2164 1720 2358 1769 inferius
2405 1725 2478 1769 est

541 1810 745 1858 insertus
782 1837 792 1846 ·
830 1824 923 1871 qua
956 1807 1186 1856 relatione
1220 1809 1350 1857 facta
1385 1813 1434 1856 et
1469 1809 1672 1873 probata
1706 1813 1755 1858 et
1791 1810 1920 1858 dicta
1952 1810 2136 1858 Joneta
2170 1809 2481 1874 personaliter

542 1913 818 1962 comparens
858 1896 1034 1960 perlegi
1074 1897 1189 1945 fecit
1231 1897 1388 1946 dictus
1422 1899 1709 1947 reuerendus
1743 1903 1880 1962 pater
1915 1901 2152 1963 quoddam
2200 1901 2481 1949 instrumen-

542 1992 645 2036 tum
691 1986 954 2050 predictam
1002 1986 1250 2034 materiam
1295 1991 1495 2050 tangens
1541 1987 1674 2036 cuius
1706 1992 1846 2036 tenor
1892 1989 1950 2036 de
1992 1989 2137 2036 uerbo
2174 1989 2234 2036 ad
2283 1989 2478 2036 uerbum

543 2078 756 2142 sequitur
791 2081 841 2125 et
876 2081 949 2126 est
992 2076 1104 2125 talis
1141 2105 1150 2114 ·
1189 2077 1248 2124 In
1294 2078 1483 2126 nomine
1522 2107 1531 2116 ·
1572 2106 1582 2117 ·
1621 2107 1631 2116 ·
1671 2076 1786 2140 [No.
1833 2080 1925 2144 43]
1978 2108 1988 2117 ·
2039 2107 2048 2116 ·
2099 2107 2109 2117 ·
2159 2079 2264 2134 Quo
2311 2078 2482 2126 instru-

543 2173 705 2216 mento
752 2166 963 2231 perlecto
1017 2171 1067 2214 et
1122 2166 1300 2230 vulgari
1356 2167 1598 2218 declarato
1643 2168 1758 2216 fecit
1805 2169 1962 2217 dictus
2012 2169 2298 2216 reuerendus
2345 2172 2483 2231 pater

545 2257 722 2322 perlegi
756 2257 885 2305 aliud
920 2256 1284 2304 instrumentum
1321 2257 1368 2303 in
1405 2273 1497 2320 quo
1533 2257 1713 2305 inserta
1757 2257 1848 2304 fuit
1887 2257 2028 2305 litera
2074 2257 2246 2304 ibidem
2295 2256 2481 2320 publice

545 2347 757 2411 perlecta
780 2351 830 2394 et
855 2362 960 2394 cum
985 2345 1154 2409 sigillis
1176 2347 1356 2394 notatis
1380 2346 1570 2408 cognita
1606 2346 1752 2394 Cuius
1787 2346 2087 2397 instrumenti
2111 2350 2249 2394 tenor
2272 2346 2485 2408 sequitur

546 2442 597 2485 et
621 2441 694 2485 est
717 2435 829 2485 talis
868 2436 928 2483 In
966 2435 1061 2482 Dei
1098 2435 1287 2482 nomine
1326 2463 1337 2472 ·
1376 2463 1386 2472 ·
1427 2463 1437 2473 ·
1477 2434 1592 2496 [No.
1619 2436 1709 2501 59]
1751 2464 1761 2472 -
1800 2462 1809 2474 ·
1850 2464 1860 2472 -
1898 2436 2003 2490 Quo
2027 2434 2239 2498 perlecto
2264 2439 2313 2482 et
2338 2435 2482 2482 etiam

547 2526 688 2574 litera
711 2525 760 2572 in
785 2523 999 2587 originali
1023 2523 1235 2587 perlecta
1257 2523 1430 2587 petiuit
1456 2523 1612 2572 dictus
1635 2525 1921 2572 reuerendus
1944 2528 2081 2586 pater
2103 2524 2286 2587 prefate
2309 2524 2343 2571 J
2348 2528 2487 2571 onete

548 2632 610 2663 an
633 2613 777 2662 vellet
802 2613 1036 2661 ratificare
1072 2617 1120 2660 et
1155 2612 1417 2676 approbare
1441 2612 1600 2661 omnia
1622 2616 1850 2660 contenta
1885 2613 1934 2659 in
1971 2613 2099 2660 dicto
2122 2611 2289 2660 ultimo
2314 2613 2487 2660 instru-

548 2708 709 2753 mento
747 2708 796 2751 et
835 2703 883 2749 in
920 2701 1061 2750 litera
1097 2701 1146 2748 in
1184 2702 1349 2750 eodem
1388 2701 1567 2750 inserta
1605 2718 1694 2765 que
1731 2702 1912 2749 Joneta
1935 2717 2042 2749 cum
2079 2701 2275 2749 consilio
2299 2701 2485 2749 auisata

550 2793 792 2858 respondit
824 2793 873 2839 in
904 2790 1026 2839 facie
1056 2791 1184 2838 curie
1223 2791 1347 2854 quod
1387 2790 1545 2838 omnia
1583 2790 1631 2836 in
1671 2790 1799 2837 dicto
1823 2790 2138 2838 instrumento
2174 2794 2224 2838 et
2258 2790 2307 2837 in
2343 2789 2484 2837 litera

549 2887 776 2933 contenta
823 2880 1078 2929 ratificauit
1124 2879 1405 2943 approba-uit
1453 2883 1502 2927 et
1549 2878 1844 2927 confirmauit
1891 2878 2199 2942 supplicando
2245 2878 2486 2926 humiliter

551 2974 679 3022 dicto
703 2970 962 3020 reuerendo
998 2968 1124 3032 patri
1162 2972 1395 3031 quatenus
1432 2967 1704 3030 dignaretur
1741 2967 1831 3014 sibi
1869 2968 2089 3016 assedare
2126 2967 2301 3015 dictam
2326 2967 2483 3015 villam

550 3079 635 3126 pro
658 3066 871 3124 tempore
905 3058 1004 3106 uite
1042 3073 1125 3106 sue
1163 3061 1212 3104 et
1249 3072 1335 3120 pro
1372 3057 1505 3104 firma
1542 3059 1770 3104 consueta
1792 3057 1935 3104 etita
1958 3056 2287 3120 supplicabant
2323 3073 2486 3106 omnes

550 3150 734 3200 nobiles
769 3149 944 3197 ibidem
976 3150 1223 3211 presentes
1246 3146 1293 3193 in
1318 3162 1488 3208 magna
1510 3144 1813 3193 multitudine
1850 3146 2120 3208 congregati
2155 3150 2255 3194 tam
2293 3147 2350 3194 de
2387 3147 2486 3194 An-

551 3241 685 3305 gusia
727 3255 867 3303 quam
909 3239 968 3285 de
1008 3236 1058 3299 ly
1100 3236 1297 3298 Mernys
1335 3263 1345 3273 ·
1381 3234 1461 3298 qui
1497 3235 1782 3282 reuerendus
1815 3237 1953 3297 pater
1976 3235 2217 3297 respondit
2241 3236 2302 3282 ad
2327 3251 2486 3284 eorum

553 3327 921 3392 supplicationes
944 3325 1067 3389 quod
1092 3324 1324 3388 prefatam
1351 3323 1510 3371 uillam
1550 3323 1676 3371 dicte
1698 3323 1732 3370 J
1737 3326 1875 3371 onete
1913 3339 2002 3371 nec
2039 3324 2314 3388 cuicumque
2346 3324 2485 3373 alteri
