3016 3958
1075 642 1367 698 OARTAE
1412 641 1912 697 ORIGINALES.
2397 647 2468 701 55

517 835 574 882 de
626 834 884 882 Inchbriok
931 837 1238 898 procuratore
1287 869 1296 878 .
1346 869 1356 879 .
1398 869 1408 879 .
1456 832 1738 880 venerabilis
1784 833 1871 880 viri
1922 833 2143 896 Magistri
2193 833 2351 882 Dauid
2399 837 2456 883 de

517 923 685 987 Ogilvy
707 923 907 972 rectoris
931 923 1131 972 ecclesie
1155 921 1466 986 parrochialis
1491 922 1550 970 de
1577 921 1787 970 Lethnot
1826 959 1835 969 .
1874 959 1884 968 .
1924 959 1933 969 .
1971 922 2032 971 ab
2057 922 2211 971 altera
2246 923 2461 987 partibus

514 1017 740 1077 tanquam
777 1013 824 1060 in
859 1014 1064 1061 termino
1089 1012 1218 1060 dicto
1245 1011 1480 1075 Magistro
1507 1011 1722 1059 Roberto
1757 1012 2054 1075 procuratori
2088 1012 2276 1076 prefato
2314 1013 2461 1075 assig-

514 1107 629 1151 nato
654 1104 713 1150 ad
737 1102 1043 1150 libellandum
1068 1101 1116 1154 in
1141 1116 1285 1150 causa
1307 1100 1426 1149 alias
1447 1116 1534 1164 per
1555 1100 1709 1164 ipsum
1744 1100 1934 1148 nomine
1971 1101 2204 1149 dictorum
2241 1101 2451 1165 episcopi

515 1197 564 1240 et
603 1191 798 1256 capituli
835 1195 967 1239 mota
1001 1195 1168 1238 contra
1192 1190 1370 1238 dictum
1409 1189 1693 1253 Magistrum
1729 1189 1890 1238 Dauid
1926 1190 2249 1254 principalem,
2289 1191 2459 1255 quibus

514 1280 898 1345 procuratoribus
944 1280 1013 1328 sic
1059 1280 1108 1327 in
1155 1279 1330 1327 iudicio
1366 1279 1748 1342 comparentibus
1791 1279 2026 1342 Magister
2063 1280 2306 1329 Robertus
2340 1282 2457 1330 duos

513 1369 699 1418 libellos
723 1369 933 1418 eiusdem
957 1368 1106 1416 forme
1125 1368 1173 1415 in
1198 1367 1372 1415 iudicio
1409 1367 1626 1415 exhibuit
1649 1372 1698 1415 et
1723 1368 1949 1431 produxit
1968 1372 2017 1417 et
2035 1370 2288 1417 terminum
2307 1371 2367 1418 ad
2388 1387 2459 1419 re-

511 1460 837 1524 spondendum
862 1457 1023 1506 libello
1048 1474 1133 1522 per
1156 1457 1358 1505 iudicem
1386 1456 1622 1505 instanter
1644 1457 1873 1520 assignari
1897 1457 2174 1521 postulauit,
2199 1461 2324 1507 unde
2348 1474 2458 1508 con-

514 1553 768 1614 sequenter
806 1549 950 1597 iudex
989 1547 1255 1611 predictum
1295 1546 1580 1609 Magistrum
1622 1546 1656 1592 J
1660 1546 1859 1594 acobum
1908 1551 2262 1610 procuratorem
2306 1549 2458 1613 partis

514 1656 593 1687 ree
628 1639 698 1687 ita
739 1637 976 1687 allocutus
1018 1641 1105 1692 est,
1151 1636 1384 1700 Magister
1424 1636 1458 1683 J
1462 1636 1611 1684 acobe
1652 1636 1693 1684 si
1734 1652 1820 1684 nos
1863 1636 2082 1686 habeatis
2121 1642 2369 1702 suspectos
2410 1639 2458 1686 in

510 1728 777 1777 huiusmodi
824 1742 971 1775 causa
1017 1727 1276 1775 secundum
1324 1720 1450 1790 quod
1496 1726 1699 1774 fortasse
1739 1727 1797 1774 de
1844 1725 1948 1774 iure
1995 1742 2083 1775 nos
2128 1727 2350 1791 poteritis
2374 1729 2454 1775 de-

513 1818 690 1866 clinare
726 1817 882 1881 parati
919 1831 1081 1865 sumus
1121 1814 1267 1863 alium
1294 1815 1400 1863 loco
1437 1816 1588 1864 nostri
1621 1816 1879 1864 secundum
1906 1817 2030 1879 quod
2057 1816 2208 1864 dictat
2245 1817 2367 1865 ratio
2405 1823 2454 1866 et

513 1907 661 1971 exigit
685 1907 801 1955 ordo
818 1905 943 1968 juris
967 1904 1222 1968 subrogare
1247 1920 1304 1952 ac
1328 1904 1619 1953 substituere
1659 1933 1668 1942 ·
1706 1905 1799 1960 Qui
1838 1905 2026 1969 quidem
2054 1906 2286 1969 Magister
2307 1907 2341 1953 J
2345 1923 2452 1955 aco-

511 1997 599 2046 bus
636 1996 761 2044 dixit
797 2011 847 2044 se
885 1998 1088 2059 protunc
1123 1993 1329 2041 iudicem
1364 2009 1422 2041 ac
1458 1993 1640 2042 dictum
1677 1995 1988 2042 reuerendum
2025 1999 2208 2058 patrem
2245 2000 2329 2044 aut
2352 1997 2454 2045 eius

512 2086 735 2135 iudicium
772 2086 820 2133 in
853 2084 1123 2133 huiusmodi
1159 2099 1304 2132 causa
1339 2083 1467 2132 nolle
1505 2083 1745 2131 declinare
1780 2088 1864 2132 aut
1905 2085 2170 2148 approbare
2209 2087 2321 2150 quia
2358 2103 2453 2135 non

510 2176 674 2226 sentiit
709 2192 760 2225 se
795 2191 880 2239 pro
914 2178 1030 2222 tunc
1067 2176 1395 2237 comparatum
1430 2174 1515 2221 sed
1553 2172 1767 2221 libellum
1805 2174 1947 2237 petiit
1972 2190 2078 2222 cum
2104 2191 2198 2238 quo
2235 2191 2287 2223 se
2326 2176 2450 2224 dixit

511 2265 631 2314 velle
655 2265 842 2314 auisare
867 2268 1024 2312 utrum
1061 2261 1205 2310 vellet
1239 2262 1527 2310 contendere
1562 2261 1638 2310 vel
1672 2261 1749 2311 liti
1784 2263 1953 2311 cedere
1991 2297 2002 2309 .
2041 2265 2106 2312 Et
2130 2264 2274 2312 iudex
2299 2265 2448 2328 ipsius

514 2355 736 2419 Magistri
758 2354 932 2402 Jacobi
956 2368 1188 2401 consensu
1212 2351 1562 2399 interueniente
1599 2351 1872 2400 vicesimum
1911 2352 2035 2400 diem
2071 2354 2246 2402 mensis
2283 2354 2450 2402 Martii

514 2446 730 2510 proximo
769 2444 918 2492 futuri
959 2442 1050 2491 sibi
1090 2442 1151 2489 ad
1194 2440 1550 2489 deliberandum
1592 2456 1734 2504 super
1773 2439 1936 2489 libello
1984 2457 2071 2505 per
2118 2447 2450 2506 procuratores

513 2536 664 2600 partis
686 2535 885 2583 aduerse
909 2532 958 2580 in
981 2530 1156 2579 iudicio
1180 2529 1395 2578 exhibito
1419 2534 1469 2577 et
1492 2545 1578 2593 per
1600 2529 1805 2578 iudicem
1829 2529 1981 2578 eidem
2008 2530 2242 2593 Magistro
2264 2532 2299 2579 J
2301 2533 2450 2580 acobo

514 2624 674 2674 oblato
697 2624 758 2672 ad
783 2621 1147 2686 comparendum
1170 2619 1277 2668 loco
1301 2619 1430 2667 dicto
1454 2619 1571 2667 hora
1594 2634 1840 2667 causarum
1859 2634 2017 2667 coram
2042 2619 2171 2668 dicto
2190 2622 2449 2669 reuerendo

513 2719 649 2778 patre
672 2716 756 2761 aut
779 2709 1088 2773 subrogandis
1108 2723 1191 2757 seu
1217 2707 1503 2771 deputandis
1526 2711 1610 2755 aut
1632 2707 1977 2756 substituendis
1999 2707 2106 2756 loco
2130 2709 2278 2772 ipsius
2301 2709 2445 2773 pluri-

512 2805 600 2852 bus
623 2806 706 2851 aut
733 2817 823 2849 uno
846 2798 1073 2847 limitauit
1096 2796 1484 2860 procuratoribus
1505 2795 1751 2859 utriusque
1775 2796 1926 2859 partis
1950 2798 2076 2859 apud
2101 2801 2212 2846 acta
2235 2798 2397 2847 citatis
2435 2828 2445 2836 ·

516 2893 670 2957 Super
692 2891 862 2955 quibus
885 2888 1102 2938 omnibus
1125 2890 1175 2935 et
1199 2885 1395 2949 singulis
1430 2884 1606 2949 prefati
1629 2887 1962 2948 procuratores
1999 2886 2150 2949 partis
2185 2886 2382 2936 alterius
2418 2905 2448 2936 a

515 2998 589 3030 me
606 2981 794 3030 notario
812 2977 1000 3043 publico
1017 2975 1283 3039 subscripto
1301 2974 1390 3023 sibi
1408 2974 1508 3022 fieri
1526 2974 1765 3038 petierunt
1783 2973 2021 3038 publicum
2045 2975 2406 3025 instrumentum
2434 3007 2444 3016 -

517 3073 643 3120 Acta
664 3071 855 3118 fuerunt
878 3068 966 3115 hec
990 3066 1038 3114 in
1062 3064 1271 3129 capitulo
1290 3063 1488 3112 ecclesie
1513 3062 1800 3111 cathedralis
1818 3063 2152 3114 Brechinensis
2174 3081 2298 3114 anno
2334 3092 2348 3106 ·
2386 3095 2396 3104 ·
2435 3096 2445 3105 ·

515 3161 683 3225 quibus
717 3173 859 3223 supra
895 3184 906 3196 ·
945 3154 1252 3204 Presentibus
1287 3152 1505 3201 discretis
1551 3151 1665 3200 viris
1703 3151 1905 3201 dominis
1942 3151 2161 3201 Waltero
2197 3154 2447 3218 Lychtoun

515 3255 698 3298 rectore
722 3249 780 3296 de
805 3245 968 3302 Adzel,
993 3243 1212 3294 Gilberto
1237 3241 1470 3298 Nicholai,
1495 3240 1671 3289 vicario
1696 3241 1754 3289 de
1781 3241 1978 3297 Aufurd,
2004 3245 2054 3290 et
2079 3242 2225 3290 Alex⁰
2248 3244 2445 3292 Roched

516 3338 758 3403 capellano
781 3352 886 3384 cum
910 3333 1073 3383 multis
1095 3332 1203 3381 aliis
1240 3360 1251 3370 -
1290 3358 1301 3370 ·
1339 3358 1351 3370 -
