3016 3958
319 1926 479 1973 LXX.

1029 649 1322 705 CARTAE
1367 646 1869 705 ORIGINALES.
2347 643 2451 697 121

498 839 615 887 libet
652 840 763 887 anni
802 841 930 888 omui
966 840 1086 888 feria
1123 846 1295 904 quarta
1333 857 1472 888 unam
1501 840 1694 889 missam
1732 840 1919 888 secreto
1956 836 2097 884 modo
2136 872 2145 881 .
2184 835 2447 882 Reddendo

498 929 642 977 etiam
669 929 784 977 dieti
810 929 1042 993 capellani
1082 958 1090 967 ·
1131 960 1140 968 ·
1180 958 1190 968 ·
1228 931 1355 978 omni
1391 946 1515 979 anno
1550 933 1659 994 post
1695 928 1877 976 obitum
1902 942 2058 974 meum
2095 925 2143 972 in
2180 924 2256 971 die
2287 924 2445 971 obitus

498 1020 592 1067 mei
617 1019 989 1068 anniuersarium
1028 1035 1133 1067 eum
1173 1019 1373 1084 placebo
1411 1024 1460 1068 et
1497 1019 1645 1082 dirige
1681 1034 1790 1066 eum
1814 1020 1932 1064 nota
1955 1019 2005 1064 et
2029 1015 2219 1063 missam
2245 1013 2447 1076 solemp-

498 1127 604 1157 nem
631 1110 678 1157 in
704 1110 912 1158 crastino
936 1110 1179 1174 campanis
1202 1109 1406 1174 pulsatis
1431 1113 1484 1157 ut
1510 1108 1656 1157 moris
1691 1111 1765 1156 est
1789 1122 1847 1155 ae
1872 1105 2018 1154 etiam
2043 1104 2208 1152 eodem
2234 1107 2448 1166 tempore

498 1216 639 1247 unum
676 1198 930 1262 trigentale
965 1215 1051 1263 pro
1086 1199 1335 1248 animabus
1369 1179 1658 1263 supradictis
1696 1226 1705 1235 ·
1746 1225 1755 1235 ·
1796 1224 1806 1234 ·
1845 1196 1911 1244 Et
1950 1210 2037 1258 ego
2074 1210 2185 1242 vero
2223 1222 2234 1231 -
2274 1222 2283 1231 ·
2324 1222 2334 1230 -
2372 1209 2449 1239 va-

500 1289 836 1337 rantizabimus
875 1316 884 1326 ·
923 1317 933 1327 ·
974 1317 984 1325 ·
1022 1289 1082 1335 In
1108 1289 1242 1337 ouius
1277 1288 1345 1336 rei
1380 1287 1714 1337 testimonium
1738 1285 1943 1349 sigillum
1969 1301 2125 1332 meum
2151 1284 2449 1347 presentibus

500 1383 573 1427 est
613 1394 871 1442 appensum
911 1379 1038 1442 apud
1078 1379 1323 1426 ciuitatem
1356 1377 1728 1426 Breehinensem
1755 1376 1939 1424 decimo
1975 1375 2177 1438 septimo
2213 1374 2288 1421 die
2325 1389 2452 1420 men-

500 1469 565 1516 sis
614 1467 896 1516 Nouembris
938 1483 1062 1515 anno
1110 1467 1306 1515 Domini
1355 1466 1607 1515 millesimo
1655 1465 2118 1530 quadringentesimo
2165 1464 2452 1526 octogesimo

501 1558 665 1621 quinto
704 1586 714 1595 ·

504 1760 691 1808 Saisina
718 1760 918 1807 Roberti
946 1759 1129 1808 Litstar
1167 1786 1176 1798 ι

514 1883 593 1965 In
620 1917 714 1965 Dei
739 1918 926 1965 nomine
953 1918 1107 1963 Amen
1147 1944 1157 1954 ·
1197 1945 1206 1954 ·
1248 1943 1256 1953 =
1297 1919 1462 1980 pateat
1499 1915 1747 1963 euidenter
1782 1915 1907 1978 quod
1943 1930 2067 1963 anno
2104 1913 2452 1962 Inoarnationis

507 2008 756 2055 Dominice
781 2006 1031 2055 millesimo
1056 2006 1521 2070 quadringentesimo
1557 2004 1879 2066 octuagesimo
1915 2004 2118 2067 septimo
2143 2003 2317 2051 mensis
2340 2018 2451 2050 vero

509 2099 681 2146 Marcii
728 2097 951 2146 vicesimo
1007 2112 1131 2144 nono
1178 2095 1449 2143 Indictione
1497 2097 1636 2143 sexta
1688 2093 2000 2141 pontificatus
2038 2121 2047 2130 ·
2087 2121 2096 2129 ·
2137 2121 2145 2130 ·
2185 2092 2454 2140 Innocentii

510 2217 520 2225 ·
560 2217 570 2226 ·
611 2217 620 2226 ·
656 2204 778 2251 pape
819 2187 979 2235 oetaui
1017 2202 1141 2234 anno
1180 2189 1350 2249 quarto
1388 2213 1398 2222 ·
1438 2212 1448 2221 ·
1488 2212 1498 2221 ·
1537 2183 1859 2231 Personaliter
1898 2183 2188 2231 constitutus
2229 2182 2454 2245 prouidus

507 2278 578 2325 vir
620 2277 856 2325 Ricardus
897 2276 1091 2339 Smytht
1134 2275 1252 2323 ciuis
1287 2274 1501 2322 ciuitatis
1537 2272 1874 2321 Breehinensis
1913 2301 1922 2309 -
1963 2300 1973 2309 ·
2013 2300 2022 2309 ·
2061 2287 2203 2319 unum
2247 2287 2452 2319 annuum

508 2367 743 2415 redditum
769 2382 854 2414 sex
878 2365 1134 2414 solidorum
1171 2369 1221 2412 et
1258 2368 1368 2412 oeto
1393 2363 1693 2411 denariorum
1721 2361 1900 2410 usualis
1923 2365 2112 2409 monete
2138 2361 2268 2424 regni
2294 2360 2455 2408 Scotie

508 2456 751 2503 annuatim
777 2456 835 2502 de
859 2454 942 2502 illo
965 2458 1239 2502 tenemento
1267 2452 1499 2501 Willelmi
1537 2454 1757 2500 Fordone
1794 2452 1912 2500 ciuis
1947 2452 2074 2500 dicte
2099 2451 2311 2500 ciuitatis
2334 2451 2457 2498 infra

507 2550 683 2592 terram
726 2544 873 2607 ipsius
915 2544 1111 2591 Ricardi
1153 2543 1476 2592 constituente
1512 2559 1574 2590 ex
1611 2547 1748 2606 parte
1783 2541 2069 2590 occidentali
2092 2546 2267 2589 terram
2295 2540 2454 2587 Dauid

512 2635 628 2681 Rait
666 2649 730 2680 ex-
765 2637 901 2696 parte
940 2631 1161 2680 orientali
1197 2637 1373 2680 terram
1410 2631 1528 2678 dieti
1566 2631 1762 2678 Ricardi
1788 2630 1982 2693 Smytht
2018 2645 2080 2677 ex
2114 2635 2251 2693 parte
2276 2628 2453 2677 boreali

509 2729 558 2772 et
583 2738 878 2771 communem
903 2722 1056 2769 vicum
1082 2721 1209 2769 dicte
1234 2720 1447 2768 ciuitatis
1471 2736 1533 2767 ex
1558 2724 1694 2783 parte
1719 2718 1918 2767 australi
1949 2719 2142 2780 jacente
2166 2719 2213 2765 in
2239 2718 2454 2766 manibus

510 2812 703 2861 discreti
728 2811 814 2858 viri
837 2811 871 2858 J
875 2810 1074 2859 ohannis
1099 2810 1214 2858 Seot
1250 2809 1387 2857 vuius
1420 2807 1704 2856 ballium-um
1731 2808 1858 2856 dicte
1882 2808 2095 2856 ciuitatis
2121 2808 2454 2856 Breehinensis

509 2919 592 2967 per
618 2901 798 2950 denarii
824 2900 1131 2948 traditionem
1155 2915 1338 2948 sursum
1363 2897 1562 2946 tradidit
1587 2913 1795 2961 pureque
1820 2901 1869 2944 et
1894 2896 2172 2960 simpliciter
2197 2897 2452 2959 resignauit

513 3022 522 3031 ·
562 3021 572 3030 ·
612 3020 621 3030 -
660 2992 767 3046 Qua
802 2990 1118 3052 resignatione
1152 2989 1282 3036 faeta
1317 2988 1454 3035 Idem
1489 2986 1695 3034 balliuus
1729 2986 1915 3034 cuidam
1940 2986 2204 3034 honorabili
2228 2987 2327 3034 viro
2354 2986 2454 3033 Ro-

509 3083 646 3130 berto
672 3081 856 3129 Litstar
879 3079 972 3127 ciui
998 3079 1124 3126 dicte
1149 3077 1361 3126 ciuitatis
1398 3105 1408 3114 -
1449 3105 1458 3114 ·
1498 3105 1508 3114 ·
1543 3076 1796 3124 heredibus
1833 3075 1930 3124 suis
1966 3079 2016 3123 et
2053 3075 2304 3137 assignatis
2343 3103 2352 3112 ·
2392 3103 2402 3111 ·
2443 3103 2451 3111 -

511 3171 732 3220 saisinam
774 3198 782 3207 ·
823 3198 832 3207 ·
873 3197 883 3206 ·
921 3169 1036 3216 dieti
1084 3168 1226 3216 annui
1275 3166 1489 3214 redditus
1527 3195 1536 3204 ·
1577 3194 1586 3203 -
1627 3195 1636 3203 ·
1678 3165 1878 3213 tradidit
1921 3193 1932 3203 ·
1977 3193 1987 3202 ·
2033 3193 2042 3204 ·
2087 3165 2239 3229 Super
2285 3165 2452 3227 quibus

515 3290 524 3298 -
564 3289 573 3297 ·
615 3289 624 3298 ·
660 3260 872 3323 prefatus
915 3258 1158 3306 Robertus
1202 3257 1383 3304 Litstar
1417 3271 1447 3302 a
1481 3271 1556 3301 me
1591 3254 1778 3302 notario
1818 3282 1827 3291 ·
1867 3283 1877 3292 ·
1917 3282 1926 3291 ·
1963 3253 2064 3300 fieri
2098 3253 2239 3317 petiit
2281 3254 2453 3301 instru-

513 3353 722 3396 mentum
762 3377 770 3385 -
811 3377 820 3385 -
862 3377 869 3385 ·
907 3348 1034 3394 Aeta
1072 3350 1207 3394 erant
1244 3346 1332 3392 hee
1370 3345 1458 3393 sub
1495 3343 1782 3408 appensione
1819 3342 1958 3406 sigilli
1984 3342 2099 3390 dicti
2125 3342 2285 3389 balliui
2312 3358 2451 3404 super

1470 3450 1497 3491 <7
