<?xml version="1.0" encoding="UTF-8"?>
<!DOCTYPE html PUBLIC "-//W3C//DTD XHTML 1.0 Transitional//EN"
    "http://www.w3.org/TR/xhtml1/DTD/xhtml1-transitional.dtd">
<html xmlns="http://www.w3.org/1999/xhtml" xml:lang="en" lang="en">
 <head>
  <title>
</title>
<meta http-equiv="Content-Type" content="text/html;charset=utf-8" />
  <meta name='ocr-system' content='tesseract 3.04.00' />
  <meta name='ocr-capabilities' content='ocr_page ocr_carea ocr_par ocr_line ocrx_word'/>
</head>
<body>
  <div class='ocr_page' id='page_1' title='image "./registrumepiscop02brecuoft_0149.png"; bbox 0 0 3016 3958; ppageno 0'>
   <div class='ocr_carea' id='block_1_1' title="bbox 1072 593 2474 649">
    <p class='ocr_par' dir='ltr' id='par_1_1' title="bbox 1072 593 2474 649">
     <span class='ocr_line' id='line_1_1' title="bbox 1072 593 2474 649; baseline -0.002 0"><span class='ocrx_word' id='word_1_1' title='bbox 1072 594 1364 649; x_wconf 82' lang='lat' dir='ltr'><strong>GARTAE</strong></span> <span class='ocrx_word' id='word_1_2' title='bbox 1409 593 1908 649; x_wconf 80' lang='lat' dir='ltr'><strong>ORIGINALES.</strong></span> <span class='ocrx_word' id='word_1_3' title='bbox 2368 594 2474 647; x_wconf 84' lang='lat'><strong>135</strong></span> 
     </span>
    </p>
   </div>
   <div class='ocr_carea' id='block_1_2' title="bbox 522 784 2481 1831">
    <p class='ocr_par' dir='ltr' id='par_1_2' title="bbox 522 784 2481 1831">
     <span class='ocr_line' id='line_1_2' title="bbox 522 784 2467 847; baseline -0.001 -16"><span class='ocrx_word' id='word_1_4' title='bbox 522 784 666 832; x_wconf 87' lang='lat' dir='ltr'><strong>tolice</strong></span> <span class='ocrx_word' id='word_1_5' title='bbox 684 785 924 847; x_wconf 87' lang='lat' dir='ltr'><strong>judicibus</strong></span> <span class='ocrx_word' id='word_1_6' title='bbox 959 790 1008 832; x_wconf 90' lang='lat' dir='ltr'><strong>et</strong></span> <span class='ocrx_word' id='word_1_7' title='bbox 1043 786 1342 834; x_wconf 77' lang='lat' dir='ltr'><strong>auditoribus</strong></span> <span class='ocrx_word' id='word_1_8' title='bbox 1377 789 1426 832; x_wconf 90' lang='lat' dir='ltr'><strong>et</strong></span> <span class='ocrx_word' id='word_1_9' title='bbox 1461 784 1568 833; x_wconf 90' lang='lat' dir='ltr'><strong>aliis</strong></span> <span class='ocrx_word' id='word_1_10' title='bbox 1592 784 1709 832; x_wconf 89' lang='lat' dir='ltr'><strong>locis</strong></span> <span class='ocrx_word' id='word_1_11' title='bbox 1733 785 1855 831; x_wconf 84' lang='lat' dir='ltr'><strong>infra</strong></span> <span class='ocrx_word' id='word_1_12' title='bbox 1880 784 2071 831; x_wconf 88' lang='lat' dir='ltr'><strong>Curiam</strong></span> <span class='ocrx_word' id='word_1_13' title='bbox 2098 784 2364 831; x_wconf 80' lang='lat' dir='ltr'><strong>Romanam</strong></span> <span class='ocrx_word' id='word_1_14' title='bbox 2389 784 2467 830; x_wconf 90' lang='lat' dir='ltr'><strong>ubi</strong></span> 
     </span>
     <span class='ocr_line' id='line_1_3' title="bbox 524 872 2469 939; baseline -0.002 -17"><span class='ocrx_word' id='word_1_15' title='bbox 524 891 641 938; x_wconf 89' lang='lat' dir='ltr'><strong>opus</strong></span> <span class='ocrx_word' id='word_1_16' title='bbox 663 875 806 923; x_wconf 87' lang='lat' dir='ltr'><strong>fuerit</strong></span> <span class='ocrx_word' id='word_1_17' title='bbox 831 876 1195 939; x_wconf 86' lang='lat' dir='ltr'><strong>comparendum</strong></span> <span class='ocrx_word' id='word_1_18' title='bbox 1233 879 1281 922; x_wconf 89' lang='lat' dir='ltr'><strong>et</strong></span> <span class='ocrx_word' id='word_1_19' title='bbox 1317 874 1482 922; x_wconf 87' lang='lat' dir='ltr'><strong>limina</strong></span> <span class='ocrx_word' id='word_1_20' title='bbox 1504 872 1860 938; x_wconf 91' lang='lat' dir='ltr'><strong>appostolorum</strong></span> <span class='ocrx_word' id='word_1_21' title='bbox 1897 878 1947 921; x_wconf 87' lang='lat' dir='ltr'><strong>et</strong></span> <span class='ocrx_word' id='word_1_22' title='bbox 1983 888 2219 920; x_wconf 89' lang='lat' dir='ltr'><strong>cameram</strong></span> <span class='ocrx_word' id='word_1_23' title='bbox 2244 872 2469 935; x_wconf 87' lang='lat' dir='ltr'><strong>apostoli-</strong></span> 
     </span>
     <span class='ocr_line' id='line_1_4' title="bbox 523 960 2469 1025; baseline -0.003 -13"><span class='ocrx_word' id='word_1_24' title='bbox 523 981 626 1013; x_wconf 90' lang='lat' dir='ltr'><strong>cam</strong></span> <span class='ocrx_word' id='word_1_25' title='bbox 664 965 853 1013; x_wconf 91' lang='lat' dir='ltr'><strong>nomine</strong></span> <span class='ocrx_word' id='word_1_26' title='bbox 894 981 979 1014; x_wconf 88' lang='lat' dir='ltr'><strong>suo</strong></span> <span class='ocrx_word' id='word_1_27' title='bbox 1017 965 1303 1013; x_wconf 89' lang='lat' dir='ltr'><strong>visitandum</strong></span> <span class='ocrx_word' id='word_1_28' title='bbox 1344 968 1393 1012; x_wconf 88' lang='lat' dir='ltr'><strong>et</strong></span> <span class='ocrx_word' id='word_1_29' title='bbox 1431 979 1480 1012; x_wconf 90' lang='lat' dir='ltr'><strong>se</strong></span> <span class='ocrx_word' id='word_1_30' title='bbox 1514 963 1629 1010; x_wconf 93' lang='lat' dir='ltr'><strong>inibi</strong></span> <span class='ocrx_word' id='word_1_31' title='bbox 1661 963 1808 1024; x_wconf 86' lang='lat' dir='ltr'><strong>juxta</strong></span> <span class='ocrx_word' id='word_1_32' title='bbox 1845 962 2021 1010; x_wconf 89' lang='lat' dir='ltr'><strong>bullam</strong></span> <span class='ocrx_word' id='word_1_33' title='bbox 2046 960 2356 1025; x_wconf 90' lang='lat' dir='ltr'><strong>apostolicam</strong></span> <span class='ocrx_word' id='word_1_34' title='bbox 2381 962 2469 1009; x_wconf 91' lang='lat' dir='ltr'><strong>sibi</strong></span> 
     </span>
     <span class='ocr_line' id='line_1_5' title="bbox 522 1051 2469 1117; baseline -0.002 -15"><span class='ocrx_word' id='word_1_35' title='bbox 522 1055 848 1103; x_wconf 81' lang='lat' dir='ltr'><strong>transmissam</strong></span> <span class='ocrx_word' id='word_1_36' title='bbox 888 1054 1077 1103; x_wconf 89' lang='lat' dir='ltr'><strong>nomine</strong></span> <span class='ocrx_word' id='word_1_37' title='bbox 1119 1070 1204 1102; x_wconf 89' lang='lat' dir='ltr'><strong>suo</strong></span> <span class='ocrx_word' id='word_1_38' title='bbox 1245 1053 1613 1117; x_wconf 76' lang='lat' dir='ltr'><strong>presentandum</strong></span> <span class='ocrx_word' id='word_1_39' title='bbox 1653 1057 1702 1100; x_wconf 89' lang='lat' dir='ltr'><strong>et</strong></span> <span class='ocrx_word' id='word_1_40' title='bbox 1744 1068 1802 1100; x_wconf 88' lang='lat' dir='ltr'><strong>ea</strong></span> <span class='ocrx_word' id='word_1_41' title='bbox 1845 1053 1906 1099; x_wconf 90' lang='lat' dir='ltr'><strong>ad</strong></span> <span class='ocrx_word' id='word_1_42' title='bbox 1950 1069 2040 1116; x_wconf 90' lang='lat' dir='ltr'><strong>que</strong></span> <span class='ocrx_word' id='word_1_43' title='bbox 2083 1051 2382 1114; x_wconf 82' lang='lat' dir='ltr'><strong>restringitur</strong></span> <span class='ocrx_word' id='word_1_44' title='bbox 2423 1051 2469 1098; x_wconf 91' lang='lat' dir='ltr'><strong>in</strong></span> 
     </span>
     <span class='ocr_line' id='line_1_6' title="bbox 523 1140 2470 1207; baseline -0.002 -16"><span class='ocrx_word' id='word_1_45' title='bbox 523 1144 789 1192; x_wconf 89' lang='lat' dir='ltr'><strong>huiusmodi</strong></span> <span class='ocrx_word' id='word_1_46' title='bbox 832 1143 962 1192; x_wconf 89' lang='lat' dir='ltr'><strong>bulla</strong></span> <span class='ocrx_word' id='word_1_47' title='bbox 999 1142 1374 1207; x_wconf 89' lang='lat' dir='ltr'><strong>perimplendum</strong></span> <span class='ocrx_word' id='word_1_48' title='bbox 1416 1146 1466 1190; x_wconf 88' lang='lat' dir='ltr'><strong>et</strong></span> <span class='ocrx_word' id='word_1_49' title='bbox 1508 1143 1825 1190; x_wconf 85' lang='lat' dir='ltr'><strong>exercendum</strong></span> <span class='ocrx_word' id='word_1_50' title='bbox 1869 1140 2123 1205; x_wconf 80' lang='lat' dir='ltr'><strong>ceteraque</strong></span> <span class='ocrx_word' id='word_1_51' title='bbox 2161 1140 2257 1189; x_wconf 88' lang='lat' dir='ltr'><strong>alia</strong></span> <span class='ocrx_word' id='word_1_52' title='bbox 2295 1158 2384 1204; x_wconf 91' lang='lat' dir='ltr'><strong>que</strong></span> <span class='ocrx_word' id='word_1_53' title='bbox 2423 1142 2470 1188; x_wconf 92' lang='lat' dir='ltr'><strong>in</strong></span> 
     </span>
     <span class='ocr_line' id='line_1_7' title="bbox 525 1230 2471 1298; baseline -0.002 -17"><span class='ocrx_word' id='word_1_54' title='bbox 525 1233 766 1298; x_wconf 82' lang='lat' dir='ltr'><strong>premissis</strong></span> <span class='ocrx_word' id='word_1_55' title='bbox 802 1237 852 1281; x_wconf 91' lang='lat' dir='ltr'><strong>et</strong></span> <span class='ocrx_word' id='word_1_56' title='bbox 890 1233 1017 1280; x_wconf 88' lang='lat' dir='ltr'><strong>circa</strong></span> <span class='ocrx_word' id='word_1_57' title='bbox 1054 1249 1112 1280; x_wconf 90' lang='lat' dir='ltr'><strong>ea</strong></span> <span class='ocrx_word' id='word_1_58' title='bbox 1148 1231 1418 1280; x_wconf 88' lang='lat' dir='ltr'><strong>necessaria</strong></span> <span class='ocrx_word' id='word_1_59' title='bbox 1453 1230 1630 1278; x_wconf 86' lang='lat' dir='ltr'><strong>fuerint</strong></span> <span class='ocrx_word' id='word_1_60' title='bbox 1667 1247 1752 1279; x_wconf 89' lang='lat' dir='ltr'><strong>seu</strong></span> <span class='ocrx_word' id='word_1_61' title='bbox 1790 1235 2026 1294; x_wconf 88' lang='lat' dir='ltr'><strong>oportuna</strong></span> <span class='ocrx_word' id='word_1_62' title='bbox 2054 1231 2320 1278; x_wconf 90' lang='lat' dir='ltr'><strong>faciendum</strong></span> <span class='ocrx_word' id='word_1_63' title='bbox 2362 1259 2371 1267; x_wconf 89' lang='lat'><strong>·</strong></span> <span class='ocrx_word' id='word_1_64' title='bbox 2411 1259 2420 1267; x_wconf 88' lang='lat'><strong>·</strong></span> <span class='ocrx_word' id='word_1_65' title='bbox 2462 1259 2471 1267; x_wconf 91' lang='lat'><em>·</em></span> 
     </span>
     <span class='ocr_line' id='line_1_8' title="bbox 528 1319 2476 1386; baseline -0.002 -16"><span class='ocrx_word' id='word_1_66' title='bbox 528 1323 751 1371; x_wconf 85' lang='lat' dir='ltr'><strong>Promisit</strong></span> <span class='ocrx_word' id='word_1_67' title='bbox 787 1323 978 1386; x_wconf 89' lang='lat' dir='ltr'><strong>insuper</strong></span> <span class='ocrx_word' id='word_1_68' title='bbox 1013 1322 1168 1369; x_wconf 89' lang='lat' dir='ltr'><strong>dictus</strong></span> <span class='ocrx_word' id='word_1_69' title='bbox 1203 1321 1491 1368; x_wconf 91' lang='lat' dir='ltr'><strong>reuerendus</strong></span> <span class='ocrx_word' id='word_1_70' title='bbox 1526 1323 1665 1383; x_wconf 90' lang='lat' dir='ltr'><strong>pater</strong></span> <span class='ocrx_word' id='word_1_71' title='bbox 1698 1319 1842 1368; x_wconf 90' lang='lat' dir='ltr'><strong>michi</strong></span> <span class='ocrx_word' id='word_1_72' title='bbox 1877 1320 2064 1367; x_wconf 89' lang='lat' dir='ltr'><strong>notario</strong></span> <span class='ocrx_word' id='word_1_73' title='bbox 2099 1319 2288 1382; x_wconf 91' lang='lat' dir='ltr'><strong>publico</strong></span> <span class='ocrx_word' id='word_1_74' title='bbox 2326 1320 2476 1383; x_wconf 87' lang='lat' dir='ltr'><strong>stipu-</strong></span> 
     </span>
     <span class='ocr_line' id='line_1_9' title="bbox 526 1408 2473 1473; baseline -0.002 -13"><span class='ocrx_word' id='word_1_75' title='bbox 526 1412 645 1460; x_wconf 87' lang='lat' dir='ltr'><strong>lanti</strong></span> <span class='ocrx_word' id='word_1_76' title='bbox 669 1427 726 1460; x_wconf 87' lang='lat' dir='ltr'><strong>ac</strong></span> <span class='ocrx_word' id='word_1_77' title='bbox 749 1412 850 1459; x_wconf 87' lang='lat' dir='ltr'><strong>vice</strong></span> <span class='ocrx_word' id='word_1_78' title='bbox 876 1415 926 1459; x_wconf 91' lang='lat' dir='ltr'><strong>et</strong></span> <span class='ocrx_word' id='word_1_79' title='bbox 949 1411 1137 1458; x_wconf 87' lang='lat' dir='ltr'><strong>nomine</strong></span> <span class='ocrx_word' id='word_1_80' title='bbox 1163 1410 1370 1457; x_wconf 89' lang='lat' dir='ltr'><strong>omnium</strong></span> <span class='ocrx_word' id='word_1_81' title='bbox 1395 1414 1444 1456; x_wconf 87' lang='lat' dir='ltr'><strong>et</strong></span> <span class='ocrx_word' id='word_1_82' title='bbox 1468 1408 1758 1472; x_wconf 89' lang='lat' dir='ltr'><strong>singulorum</strong></span> <span class='ocrx_word' id='word_1_83' title='bbox 1784 1409 2119 1473; x_wconf 84' lang='lat' dir='ltr'><strong>premissorum</strong></span> <span class='ocrx_word' id='word_1_84' title='bbox 2144 1409 2473 1472; x_wconf 85' lang='lat' dir='ltr'><strong>recipientium</strong></span> 
     </span>
     <span class='ocr_line' id='line_1_10' title="bbox 526 1498 2480 1562; baseline -0.002 -13"><span class='ocrx_word' id='word_1_85' title='bbox 526 1518 576 1549; x_wconf 87' lang='lat' dir='ltr'><strong>se</strong></span> <span class='ocrx_word' id='word_1_86' title='bbox 602 1505 758 1549; x_wconf 87' lang='lat' dir='ltr'><strong>ratum</strong></span> <span class='ocrx_word' id='word_1_87' title='bbox 800 1528 807 1536; x_wconf 92' lang='lat'><strong>·</strong></span> <span class='ocrx_word' id='word_1_88' title='bbox 847 1529 857 1538; x_wconf 90' lang='lat'><strong>·</strong></span> <span class='ocrx_word' id='word_1_89' title='bbox 897 1529 907 1537; x_wconf 89' lang='lat'><strong>·</strong></span> <span class='ocrx_word' id='word_1_90' title='bbox 944 1504 1089 1562; x_wconf 88' lang='lat' dir='ltr'><strong>atque</strong></span> <span class='ocrx_word' id='word_1_91' title='bbox 1114 1498 1286 1547; x_wconf 88' lang='lat' dir='ltr'><strong>stabile</strong></span> <span class='ocrx_word' id='word_1_92' title='bbox 1324 1527 1335 1536; x_wconf 90' lang='lat'><strong>·</strong></span> <span class='ocrx_word' id='word_1_93' title='bbox 1375 1527 1384 1535; x_wconf 94' lang='lat'>-</span> <span class='ocrx_word' id='word_1_94' title='bbox 1424 1527 1435 1536; x_wconf 89' lang='lat'><strong>·</strong></span> <span class='ocrx_word' id='word_1_95' title='bbox 1471 1498 1743 1546; x_wconf 89' lang='lat' dir='ltr'><strong>habiturum</strong></span> <span class='ocrx_word' id='word_1_96' title='bbox 1768 1502 1922 1547; x_wconf 90' lang='lat' dir='ltr'><strong>totum</strong></span> <span class='ocrx_word' id='word_1_97' title='bbox 1949 1502 1998 1546; x_wconf 90' lang='lat' dir='ltr'><strong>et</strong></span> <span class='ocrx_word' id='word_1_98' title='bbox 2022 1499 2249 1562; x_wconf 90' lang='lat' dir='ltr'><strong>quidquid</strong></span> <span class='ocrx_word' id='word_1_99' title='bbox 2275 1515 2359 1562; x_wconf 90' lang='lat' dir='ltr'><strong>per</strong></span> <span class='ocrx_word' id='word_1_100' title='bbox 2383 1499 2480 1546; x_wconf 91' lang='lat' dir='ltr'><strong>dic-</strong></span> 
     </span>
     <span class='ocr_line' id='line_1_11' title="bbox 526 1588 2479 1653; baseline -0.001 -15"><span class='ocrx_word' id='word_1_101' title='bbox 526 1596 603 1639; x_wconf 88' lang='lat' dir='ltr'><strong>tos</strong></span> <span class='ocrx_word' id='word_1_102' title='bbox 639 1606 748 1639; x_wconf 88' lang='lat' dir='ltr'><strong>suos</strong></span> <span class='ocrx_word' id='word_1_103' title='bbox 783 1593 1115 1653; x_wconf 81' lang='lat' dir='ltr'><strong>procuratores</strong></span> <span class='ocrx_word' id='word_1_104' title='bbox 1153 1618 1162 1626; x_wconf 87' lang='lat'><strong>·</strong></span> <span class='ocrx_word' id='word_1_105' title='bbox 1203 1617 1212 1626; x_wconf 90' lang='lat'><strong>·</strong></span> <span class='ocrx_word' id='word_1_106' title='bbox 1253 1617 1262 1626; x_wconf 91' lang='lat'><strong>·</strong></span> <span class='ocrx_word' id='word_1_107' title='bbox 1298 1592 1481 1651; x_wconf 86' lang='lat' dir='ltr'><strong>gestum</strong></span> <span class='ocrx_word' id='word_1_108' title='bbox 1518 1588 1662 1636; x_wconf 89' lang='lat' dir='ltr'><strong>fuerit</strong></span> <span class='ocrx_word' id='word_1_109' title='bbox 1700 1617 1710 1626; x_wconf 91' lang='lat'><strong>·</strong></span> <span class='ocrx_word' id='word_1_110' title='bbox 1750 1617 1760 1626; x_wconf 91' lang='lat'><strong>·</strong></span> <span class='ocrx_word' id='word_1_111' title='bbox 1800 1617 1810 1626; x_wconf 90' lang='lat'><strong>·</strong></span> <span class='ocrx_word' id='word_1_112' title='bbox 1847 1588 1933 1636; x_wconf 90' lang='lat' dir='ltr'><strong>sub</strong></span> <span class='ocrx_word' id='word_1_113' title='bbox 1958 1589 2196 1652; x_wconf 87' lang='lat' dir='ltr'><strong>ypotheca</strong></span> <span class='ocrx_word' id='word_1_114' title='bbox 2234 1617 2242 1626; x_wconf 89' lang='lat'><em>·</em></span> <span class='ocrx_word' id='word_1_115' title='bbox 2284 1617 2292 1625; x_wconf 94' lang='lat'><strong>·</strong></span> <span class='ocrx_word' id='word_1_116' title='bbox 2333 1618 2342 1626; x_wconf 90' lang='lat'><strong>·</strong></span> <span class='ocrx_word' id='word_1_117' title='bbox 2380 1606 2479 1636; x_wconf 90' lang='lat' dir='ltr'><strong>om-</strong></span> 
     </span>
     <span class='ocr_line' id='line_1_12' title="bbox 527 1677 2481 1741; baseline -0.001 -13"><span class='ocrx_word' id='word_1_118' title='bbox 527 1681 656 1728; x_wconf 90' lang='lat' dir='ltr'><strong>nium</strong></span> <span class='ocrx_word' id='word_1_119' title='bbox 681 1681 911 1728; x_wconf 87' lang='lat' dir='ltr'><strong>bonorum</strong></span> <span class='ocrx_word' id='word_1_120' title='bbox 937 1695 1125 1727; x_wconf 89' lang='lat' dir='ltr'><strong>suorum</strong></span> <span class='ocrx_word' id='word_1_121' title='bbox 1166 1706 1175 1716; x_wconf 91' lang='lat'><em>·</em></span> <span class='ocrx_word' id='word_1_122' title='bbox 1215 1706 1225 1715; x_wconf 91' lang='lat'><strong>·</strong></span> <span class='ocrx_word' id='word_1_123' title='bbox 1266 1707 1274 1715; x_wconf 92' lang='lat'><em>·</em></span> <span class='ocrx_word' id='word_1_124' title='bbox 1314 1679 1466 1740; x_wconf 84' lang='lat' dir='ltr'><strong>Super</strong></span> <span class='ocrx_word' id='word_1_125' title='bbox 1489 1677 1661 1740; x_wconf 90' lang='lat' dir='ltr'><strong>quibus</strong></span> <span class='ocrx_word' id='word_1_126' title='bbox 1699 1706 1709 1715; x_wconf 92' lang='lat'><strong>·</strong></span> <span class='ocrx_word' id='word_1_127' title='bbox 1750 1706 1759 1715; x_wconf 93' lang='lat'><strong>·</strong></span> <span class='ocrx_word' id='word_1_128' title='bbox 1799 1706 1808 1715; x_wconf 92' lang='lat'><strong>·</strong></span> <span class='ocrx_word' id='word_1_129' title='bbox 1846 1679 2059 1741; x_wconf 83' lang='lat' dir='ltr'><strong>prefatus</strong></span> <span class='ocrx_word' id='word_1_130' title='bbox 2086 1679 2376 1726; x_wconf 88' lang='lat' dir='ltr'><strong>reuerendus</strong></span> <span class='ocrx_word' id='word_1_131' title='bbox 2399 1696 2481 1741; x_wconf 86' lang='lat' dir='ltr'><strong>pa-</strong></span> 
     </span>
     <span class='ocr_line' id='line_1_13' title="bbox 526 1767 2478 1831; baseline -0.001 -14"><span class='ocrx_word' id='word_1_132' title='bbox 526 1776 603 1818; x_wconf 88' lang='lat' dir='ltr'><strong>ter</strong></span> <span class='ocrx_word' id='word_1_133' title='bbox 639 1786 670 1817; x_wconf 88' lang='lat' dir='ltr'><strong>a</strong></span> <span class='ocrx_word' id='word_1_134' title='bbox 706 1785 781 1816; x_wconf 89' lang='lat' dir='ltr'><strong>me</strong></span> <span class='ocrx_word' id='word_1_135' title='bbox 819 1768 1005 1815; x_wconf 89' lang='lat' dir='ltr'><strong>notario</strong></span> <span class='ocrx_word' id='word_1_136' title='bbox 1043 1795 1052 1805; x_wconf 60' lang='lat' dir='ltr'><em>e</em></span> <span class='ocrx_word' id='word_1_137' title='bbox 1094 1797 1103 1804; x_wconf 92' lang='lat'>-</span> <span class='ocrx_word' id='word_1_138' title='bbox 1143 1795 1152 1806; x_wconf 70' lang='lat'>=</span> <span class='ocrx_word' id='word_1_139' title='bbox 1197 1767 1285 1815; x_wconf 88' lang='lat' dir='ltr'><strong>sibi</strong></span> <span class='ocrx_word' id='word_1_140' title='bbox 1324 1767 1423 1814; x_wconf 85' lang='lat' dir='ltr'><strong>fieri</strong></span> <span class='ocrx_word' id='word_1_141' title='bbox 1463 1767 1604 1831; x_wconf 90' lang='lat' dir='ltr'><strong>petiit</strong></span> <span class='ocrx_word' id='word_1_142' title='bbox 1641 1767 2005 1815; x_wconf 81' lang='lat' dir='ltr'><strong>instrumentum</strong></span> <span class='ocrx_word' id='word_1_143' title='bbox 2045 1796 2054 1805; x_wconf 90' lang='lat'><strong>·</strong></span> <span class='ocrx_word' id='word_1_144' title='bbox 2096 1797 2105 1806; x_wconf 91' lang='lat'>-</span> <span class='ocrx_word' id='word_1_145' title='bbox 2144 1795 2154 1805; x_wconf 80' lang='lat'><strong>·</strong></span> <span class='ocrx_word' id='word_1_146' title='bbox 2193 1769 2320 1814; x_wconf 89' lang='lat' dir='ltr'><strong>Acta</strong></span> <span class='ocrx_word' id='word_1_147' title='bbox 2344 1772 2478 1815; x_wconf 89' lang='lat' dir='ltr'><strong>erant</strong></span> 
     </span>
    </p>
   </div>
   <div class='ocr_carea' id='block_1_3' title="bbox 797 1834 2424 1861">
    <p class='ocr_par' dir='ltr' id='par_1_3' title="bbox 797 1834 2424 1861">
     <span class='ocr_line' id='line_1_14' title="bbox 797 1834 2424 1861; baseline -0.001 -1"><span class='ocrx_word' id='word_1_148' title='bbox 797 1835 940 1861; x_wconf 72' lang='lat' dir='ltr'><strong>ciuitatem</strong></span> <span class='ocrx_word' id='word_1_149' title='bbox 954 1834 1170 1861; x_wconf 69' lang='lat' dir='ltr'><strong>Brechinensem</strong></span> <span class='ocrx_word' id='word_1_150' title='bbox 2318 1835 2424 1860; x_wconf 77' lang='lat' dir='ltr'><strong>decima</strong></span> 
     </span>
    </p>
   </div>
   <div class='ocr_carea' id='block_1_4' title="bbox 527 1866 2476 1963">
    <p class='ocr_par' dir='ltr' id='par_1_4' title="bbox 527 1866 2476 1963">
     <span class='ocr_line' id='line_1_15' title="bbox 527 1866 2476 1963; baseline -0.001 -46"><span class='ocrx_word' id='word_1_151' title='bbox 527 1872 616 1963; x_wconf 56' lang='lat' dir='ltr'><strong>beec</strong></span> <span class='ocrx_word' id='word_1_152' title='bbox 639 1870 764 1934; x_wconf 91' lang='lat' dir='ltr'><strong>apud</strong></span> <span class='ocrx_word' id='word_1_153' title='bbox 792 1869 1047 1917; x_wconf 55' lang='lat' dir='ltr'><strong>ffl-a-se-issem</strong></span> <span class='ocrx_word' id='word_1_154' title='bbox 1077 1870 1140 1916; x_wconf 71' lang='lat' dir='ltr'><strong>de</strong></span> <span class='ocrx_word' id='word_1_155' title='bbox 1169 1866 1389 1917; x_wconf 47' lang='lat' dir='ltr'><strong>Feffiwsl</strong></span> <span class='ocrx_word' id='word_1_156' title='bbox 1418 1868 1534 1916; x_wconf 88' lang='lat' dir='ltr'><strong>dicti</strong></span> <span class='ocrx_word' id='word_1_157' title='bbox 1559 1869 1805 1916; x_wconf 90' lang='lat' dir='ltr'><strong>reuerendi</strong></span> <span class='ocrx_word' id='word_1_158' title='bbox 1841 1869 1992 1932; x_wconf 85' lang='lat' dir='ltr'><strong>patris</strong></span> <span class='ocrx_word' id='word_1_159' title='bbox 2023 1869 2139 1915; x_wconf 86' lang='lat' dir='ltr'><strong>hora</strong></span> <span class='ocrx_word' id='word_1_160' title='bbox 2165 1868 2298 1931; x_wconf 85' lang='lat' dir='ltr'><strong>quasi</strong></span> <span class='ocrx_word' id='word_1_161' title='bbox 2325 1868 2476 1916; x_wconf 57' lang='lat' dir='ltr'><strong>tersia</strong></span> 
     </span>
    </p>
   </div>
   <div class='ocr_carea' id='block_1_5' title="bbox 531 1969 2477 2036">
    <p class='ocr_par' dir='ltr' id='par_1_5' title="bbox 531 1969 2477 2036">
     <span class='ocr_line' id='line_1_16' title="bbox 531 1969 2477 2036; baseline -0.001 -18"><span class='ocrx_word' id='word_1_162' title='bbox 531 1975 640 2036; x_wconf 74' lang='lat' dir='ltr'><strong>pest</strong></span> <span class='ocrx_word' id='word_1_163' title='bbox 666 1970 911 2018; x_wconf 82' lang='lat' dir='ltr'><strong>meridiem</strong></span> <span class='ocrx_word' id='word_1_164' title='bbox 952 1998 960 2006; x_wconf 92' lang='lat'><strong>·</strong></span> <span class='ocrx_word' id='word_1_165' title='bbox 1001 1998 1010 2007; x_wconf 89' lang='lat'><strong>·</strong></span> <span class='ocrx_word' id='word_1_166' title='bbox 1051 1998 1060 2007; x_wconf 92' lang='lat'><strong>·</strong></span> <span class='ocrx_word' id='word_1_167' title='bbox 1098 1987 1222 2018; x_wconf 86' lang='lat' dir='ltr'><strong>anno</strong></span> <span class='ocrx_word' id='word_1_168' title='bbox 1246 1986 1406 2017; x_wconf 87' lang='lat' dir='ltr'><strong>mense</strong></span> <span class='ocrx_word' id='word_1_169' title='bbox 1447 1998 1455 2006; x_wconf 93' lang='lat'>·</span> <span class='ocrx_word' id='word_1_170' title='bbox 1497 1998 1506 2006; x_wconf 91' lang='lat'><strong>·</strong></span> <span class='ocrx_word' id='word_1_171' title='bbox 1547 1998 1555 2006; x_wconf 92' lang='lat'><strong>·</strong></span> <span class='ocrx_word' id='word_1_172' title='bbox 1594 1969 1764 2033; x_wconf 88' lang='lat' dir='ltr'><strong>quibus</strong></span> <span class='ocrx_word' id='word_1_173' title='bbox 1788 1986 1932 2033; x_wconf 88' lang='lat' dir='ltr'><strong>supra</strong></span> <span class='ocrx_word' id='word_1_174' title='bbox 1965 1969 2271 2018; x_wconf 87' lang='lat' dir='ltr'><strong>Presentibus</strong></span> <span class='ocrx_word' id='word_1_175' title='bbox 2304 1970 2477 2016; x_wconf 89' lang='lat' dir='ltr'><strong>ibidem</strong></span> 
     </span>
    </p>
   </div>
   <div class='ocr_carea' id='block_1_6' title="bbox 1726 2036 2177 2067">
    <p class='ocr_par' dir='ltr' id='par_1_6' title="bbox 1726 2036 2177 2067">
     <span class='ocr_line' id='line_1_17' title="bbox 1726 2036 2177 2067; baseline 0.002 -6"><span class='ocrx_word' id='word_1_176' title='bbox 1726 2036 1848 2062; x_wconf 79' lang='lat' dir='ltr'><strong>Henrico</strong></span> <span class='ocrx_word' id='word_1_177' title='bbox 1864 2036 2002 2063; x_wconf 82' lang='lat' dir='ltr'><strong>Meldrum</strong></span> <span class='ocrx_word' id='word_1_178' title='bbox 2016 2041 2177 2067; x_wconf 78' lang='lat' dir='ltr'><strong>precentore</strong></span> 
     </span>
    </p>
   </div>
   <div class='ocr_carea' id='block_1_7' title="bbox 531 2069 2479 2210">
    <p class='ocr_par' dir='ltr' id='par_1_7' title="bbox 531 2069 2479 2210">
     <span class='ocr_line' id='line_1_18' title="bbox 531 2069 2477 2133; baseline -0.001 -14"><span class='ocrx_word' id='word_1_179' title='bbox 531 2071 877 2121; x_wconf 87' lang='lat' dir='ltr'><strong>venerabilibus</strong></span> <span class='ocrx_word' id='word_1_180' title='bbox 915 2076 964 2119; x_wconf 88' lang='lat' dir='ltr'><strong>et</strong></span> <span class='ocrx_word' id='word_1_181' title='bbox 1003 2071 1221 2119; x_wconf 88' lang='lat' dir='ltr'><strong>discretis</strong></span> <span class='ocrx_word' id='word_1_182' title='bbox 1261 2071 1373 2118; x_wconf 81' lang='lat' dir='ltr'><strong>viris</strong></span> <span class='ocrx_word' id='word_1_183' title='bbox 1411 2071 1635 2133; x_wconf 86' lang='lat' dir='ltr'><strong>magistro</strong></span> <span class='ocrx_word' id='word_1_184' title='bbox 1690 2071 1879 2118; x_wconf 62' lang='lat' dir='ltr'><strong>J—aeebe</strong></span> <span class='ocrx_word' id='word_1_185' title='bbox 1939 2070 2137 2119; x_wconf 48' lang='lat' dir='ltr'><strong>Bel—faur</strong></span> <span class='ocrx_word' id='word_1_186' title='bbox 2191 2069 2477 2119; x_wconf 49' lang='lat' dir='ltr'><strong>ea-sefflare</strong></span> 
     </span>
     <span class='ocr_line' id='line_1_19' title="bbox 533 2159 2479 2210; baseline -0.002 -1"><span class='ocrx_word' id='word_1_187' title='bbox 533 2162 722 2210; x_wconf 92' lang='lat' dir='ltr'><strong>domino</strong></span> <span class='ocrx_word' id='word_1_188' title='bbox 760 2161 946 2208; x_wconf 88' lang='lat' dir='ltr'><strong>Jacobo</strong></span> <span class='ocrx_word' id='word_1_189' title='bbox 991 2159 1229 2208; x_wconf 89' lang='lat' dir='ltr'><strong>Meldrum</strong></span> <span class='ocrx_word' id='word_1_190' title='bbox 1271 2160 1540 2208; x_wconf 88' lang='lat' dir='ltr'><strong>subdecano</strong></span> <span class='ocrx_word' id='word_1_191' title='bbox 1583 2164 1744 2208; x_wconf 89' lang='lat' dir='ltr'><strong>nostre</strong></span> <span class='ocrx_word' id='word_1_192' title='bbox 1791 2159 1992 2208; x_wconf 88' lang='lat' dir='ltr'><strong>ecclesie</strong></span> <span class='ocrx_word' id='word_1_193' title='bbox 2035 2159 2322 2208; x_wconf 88' lang='lat' dir='ltr'><strong>cathedralis</strong></span> <span class='ocrx_word' id='word_1_194' title='bbox 2365 2161 2479 2206; x_wconf 83' lang='lat' dir='ltr'><strong>Bre-</strong></span> 
     </span>
    </p>
   </div>
   <div class='ocr_carea' id='block_1_8' title="bbox 537 2227 2479 2324">
    <p class='ocr_par' dir='ltr' id='par_1_8' title="bbox 537 2227 2479 2324">
     <span class='ocr_line' id='line_1_20' title="bbox 537 2227 2479 2324; baseline -0.002 -13"><span class='ocrx_word' id='word_1_195' title='bbox 537 2263 773 2311; x_wconf 88' lang='lat' dir='ltr'><strong>chinensis</strong></span> <span class='ocrx_word' id='word_1_196' title='bbox 810 2262 1000 2310; x_wconf 88' lang='lat' dir='ltr'><strong>domino</strong></span> <span class='ocrx_word' id='word_1_197' title='bbox 1040 2261 1198 2309; x_wconf 89' lang='lat' dir='ltr'><strong>Dauid</strong></span> <span class='ocrx_word' id='word_1_198' title='bbox 1237 2260 1560 2324; x_wconf 85' lang='lat' dir='ltr'><strong>Ouchterlony</strong></span> <span class='ocrx_word' id='word_1_199' title='bbox 1597 2260 1842 2324; x_wconf 89' lang='lat' dir='ltr'><strong>capellano</strong></span> <span class='ocrx_word' id='word_1_200' title='bbox 1885 2261 1943 2307; x_wconf 86' lang='lat' dir='ltr'><strong>de</strong></span> <span class='ocrx_word' id='word_1_201' title='bbox 1982 2260 2268 2324; x_wconf 78' lang='lat' dir='ltr'><strong>Drumlethy</strong></span> <span class='ocrx_word' id='word_1_202' title='bbox 2307 2227 2479 2323; x_wconf 46' lang='lat' dir='ltr'><em>Q</em></span> 
     </span>
    </p>
   </div>
   <div class='ocr_carea' id='block_1_9' title="bbox 541 2330 679 2355">
    <p class='ocr_par' dir='ltr' id='par_1_9' title="bbox 541 2330 679 2355">
     <span class='ocr_line' id='line_1_21' title="bbox 541 2330 679 2355; baseline 0 0"><span class='ocrx_word' id='word_1_203' title='bbox 541 2330 628 2355; x_wconf 76' lang='lat' dir='ltr'><strong>Meldr</strong></span> <span class='ocrx_word' id='word_1_204' title='bbox 633 2336 679 2355; x_wconf 85' lang='lat' dir='ltr'><strong>um</strong></span> 
     </span>
    </p>
   </div>
   <div class='ocr_carea' id='block_1_10' title="bbox 539 2361 2479 2604">
    <p class='ocr_par' dir='ltr' id='par_1_10' title="bbox 539 2361 2479 2604">
     <span class='ocr_line' id='line_1_22' title="bbox 543 2361 2370 2426; baseline -0.001 -14"><span class='ocrx_word' id='word_1_205' title='bbox 543 2363 841 2412; x_wconf 48' lang='lat' dir='ltr'><strong>Seber-sssed</strong></span> <span class='ocrx_word' id='word_1_206' title='bbox 874 2363 1086 2410; x_wconf 89' lang='lat' dir='ltr'><strong>Henrico</strong></span> <span class='ocrx_word' id='word_1_207' title='bbox 1113 2361 1351 2409; x_wconf 88' lang='lat' dir='ltr'><strong>Meldrum</strong></span> <span class='ocrx_word' id='word_1_208' title='bbox 1381 2362 1579 2409; x_wconf 91' lang='lat' dir='ltr'><strong>Andrea</strong></span> <span class='ocrx_word' id='word_1_209' title='bbox 1603 2361 1733 2426; x_wconf 83' lang='lat' dir='ltr'><strong>Vyly</strong></span> <span class='ocrx_word' id='word_1_210' title='bbox 1758 2377 1865 2409; x_wconf 90' lang='lat' dir='ltr'><strong>cum</strong></span> <span class='ocrx_word' id='word_1_211' title='bbox 1892 2361 2093 2410; x_wconf 89' lang='lat' dir='ltr'><strong>diuersis</strong></span> <span class='ocrx_word' id='word_1_212' title='bbox 2117 2362 2223 2410; x_wconf 89' lang='lat' dir='ltr'><strong>aliis</strong></span> <span class='ocrx_word' id='word_1_213' title='bbox 2262 2391 2270 2398; x_wconf 92' lang='lat'><strong>·</strong></span> <span class='ocrx_word' id='word_1_214' title='bbox 2314 2391 2321 2398; x_wconf 91' lang='lat'><strong>·</strong></span> <span class='ocrx_word' id='word_1_215' title='bbox 2363 2392 2370 2399; x_wconf 92' lang='lat'><em>·</em></span> 
     </span>
     <span class='ocr_line' id='line_1_23' title="bbox 609 2451 2479 2515; baseline -0.001 -15"><span class='ocrx_word' id='word_1_216' title='bbox 609 2455 673 2501; x_wconf 85' lang='lat' dir='ltr'><strong>Et</strong></span> <span class='ocrx_word' id='word_1_217' title='bbox 699 2453 801 2515; x_wconf 89' lang='lat' dir='ltr'><strong>Ego</strong></span> <span class='ocrx_word' id='word_1_218' title='bbox 826 2452 1051 2500; x_wconf 91' lang='lat' dir='ltr'><strong>Valterus</strong></span> <span class='ocrx_word' id='word_1_219' title='bbox 1077 2451 1220 2499; x_wconf 87' lang='lat' dir='ltr'><strong>Clerk</strong></span> <span class='ocrx_word' id='word_1_220' title='bbox 1256 2451 1490 2514; x_wconf 87' lang='lat' dir='ltr'><strong>presbiter</strong></span> <span class='ocrx_word' id='word_1_221' title='bbox 1527 2451 1861 2498; x_wconf 87' lang='lat' dir='ltr'><strong>Brechinensis</strong></span> <span class='ocrx_word' id='word_1_222' title='bbox 1887 2451 2102 2498; x_wconf 85' lang='lat' dir='ltr'><strong>dioecesis</strong></span> <span class='ocrx_word' id='word_1_223' title='bbox 2130 2451 2345 2514; x_wconf 89' lang='lat' dir='ltr'><strong>publicus</strong></span> <span class='ocrx_word' id='word_1_224' title='bbox 2369 2468 2479 2498; x_wconf 83' lang='lat' dir='ltr'><strong>auo-</strong></span> 
     </span>
     <span class='ocr_line' id='line_1_24' title="bbox 539 2538 1572 2604; baseline -0.003 -14"><span class='ocrx_word' id='word_1_225' title='bbox 539 2541 815 2590; x_wconf 87' lang='lat' dir='ltr'><strong>toritatibus</strong></span> <span class='ocrx_word' id='word_1_226' title='bbox 838 2540 1102 2604; x_wconf 88' lang='lat' dir='ltr'><strong>apostolica</strong></span> <span class='ocrx_word' id='word_1_227' title='bbox 1125 2544 1174 2588; x_wconf 91' lang='lat' dir='ltr'><strong>et</strong></span> <span class='ocrx_word' id='word_1_228' title='bbox 1202 2538 1368 2601; x_wconf 81' lang='lat' dir='ltr'><strong>Regali</strong></span> <span class='ocrx_word' id='word_1_229' title='bbox 1401 2539 1524 2594; x_wconf 83' lang='lat' dir='ltr'><strong>Quia</strong></span> <span class='ocrx_word' id='word_1_230' title='bbox 1561 2567 1572 2576; x_wconf 89' lang='lat'><strong>·</strong></span> 
     </span>
    </p>
   </div>
   <div class='ocr_carea' id='block_1_11' title="bbox 543 2741 2333 2806">
    <p class='ocr_par' dir='ltr' id='par_1_11' title="bbox 543 2741 2333 2806">
     <span class='ocr_line' id='line_1_25' title="bbox 543 2741 2333 2806; baseline -0.001 -15"><span class='ocrx_word' id='word_1_231' title='bbox 543 2746 917 2793; x_wconf 86' lang='lat' dir='ltr'><strong>Instrumentum</strong></span> <span class='ocrx_word' id='word_1_232' title='bbox 943 2759 1083 2806; x_wconf 88' lang='lat' dir='ltr'><strong>super</strong></span> <span class='ocrx_word' id='word_1_233' title='bbox 1108 2742 1421 2804; x_wconf 84' lang='lat' dir='ltr'><strong>resignatione</strong></span> <span class='ocrx_word' id='word_1_234' title='bbox 1446 2741 1705 2789; x_wconf 89' lang='lat' dir='ltr'><strong>tenementi</strong></span> <span class='ocrx_word' id='word_1_235' title='bbox 1731 2741 1778 2788; x_wconf 90' lang='lat' dir='ltr'><strong>in</strong></span> <span class='ocrx_word' id='word_1_236' title='bbox 1806 2742 1951 2803; x_wconf 89' lang='lat' dir='ltr'><strong>burgo</strong></span> <span class='ocrx_word' id='word_1_237' title='bbox 1978 2743 2035 2788; x_wconf 92' lang='lat' dir='ltr'><strong>de</strong></span> <span class='ocrx_word' id='word_1_238' title='bbox 2064 2743 2283 2790; x_wconf 76' lang='lat' dir='ltr'><strong>Montros</strong></span> <span class='ocrx_word' id='word_1_239' title='bbox 2325 2772 2333 2779; x_wconf 89' lang='lat'><strong>·</strong></span> 
     </span>
    </p>
   </div>
   <div class='ocr_carea' id='block_1_12' title="bbox 308 2874 2485 3410">
    <p class='ocr_par' dir='ltr' id='par_1_12' title="bbox 308 2874 2485 3410">
     <span class='ocr_line' id='line_1_26' title="bbox 308 2874 2485 2963; baseline -0.003 -9"><span class='ocrx_word' id='word_1_240' title='bbox 308 2907 515 2954; x_wconf 90' lang='lat' dir='ltr'><strong>LXXV.</strong></span> <span class='ocrx_word' id='word_1_241' title='bbox 552 2874 630 2951; x_wconf 84' lang='lat' dir='ltr'><strong>In</strong></span> <span class='ocrx_word' id='word_1_242' title='bbox 676 2902 865 2951; x_wconf 91' lang='lat' dir='ltr'><strong>nomine</strong></span> <span class='ocrx_word' id='word_1_243' title='bbox 913 2900 1107 2949; x_wconf 91' lang='lat' dir='ltr'><strong>Domini</strong></span> <span class='ocrx_word' id='word_1_244' title='bbox 1147 2929 1155 2938; x_wconf 91' lang='lat'><em>-</em></span> <span class='ocrx_word' id='word_1_245' title='bbox 1196 2928 1205 2937; x_wconf 92' lang='lat'><strong>·</strong></span> <span class='ocrx_word' id='word_1_246' title='bbox 1246 2928 1256 2937; x_wconf 90' lang='lat'><strong>·</strong></span> <span class='ocrx_word' id='word_1_247' title='bbox 1292 2903 1457 2963; x_wconf 88' lang='lat' dir='ltr'><strong>pateat</strong></span> <span class='ocrx_word' id='word_1_248' title='bbox 1505 2899 1750 2947; x_wconf 88' lang='lat' dir='ltr'><strong>euidenter</strong></span> <span class='ocrx_word' id='word_1_249' title='bbox 1797 2900 1921 2962; x_wconf 92' lang='lat' dir='ltr'><strong>quod</strong></span> <span class='ocrx_word' id='word_1_250' title='bbox 1970 2915 2092 2946; x_wconf 89' lang='lat' dir='ltr'><strong>anno</strong></span> <span class='ocrx_word' id='word_1_251' title='bbox 2136 2900 2485 2949; x_wconf 87' lang='lat' dir='ltr'><strong>Incarnationis</strong></span> 
     </span>
     <span class='ocr_line' id='line_1_27' title="bbox 543 2988 2484 3053; baseline -0.001 -13"><span class='ocrx_word' id='word_1_252' title='bbox 543 2992 793 3040; x_wconf 87' lang='lat' dir='ltr'><strong>Dominice</strong></span> <span class='ocrx_word' id='word_1_253' title='bbox 818 2989 1066 3038; x_wconf 86' lang='lat' dir='ltr'><strong>millesimo</strong></span> <span class='ocrx_word' id='word_1_254' title='bbox 1091 2988 1552 3053; x_wconf 87' lang='lat' dir='ltr'><strong>quadringentesimo</strong></span> <span class='ocrx_word' id='word_1_255' title='bbox 1576 2988 1879 3051; x_wconf 87' lang='lat' dir='ltr'><strong>nonagesimo</strong></span> <span class='ocrx_word' id='word_1_256' title='bbox 1904 2989 2078 3036; x_wconf 89' lang='lat' dir='ltr'><strong>mensis</strong></span> <span class='ocrx_word' id='word_1_257' title='bbox 2114 3006 2227 3036; x_wconf 90' lang='lat' dir='ltr'><strong>uero</strong></span> <span class='ocrx_word' id='word_1_258' title='bbox 2263 2990 2484 3039; x_wconf 84' lang='lat' dir='ltr'><strong>Octobris</strong></span> 
     </span>
     <span class='ocr_line' id='line_1_28' title="bbox 543 3077 2483 3130; baseline -0.002 0"><span class='ocrx_word' id='word_1_259' title='bbox 543 3083 619 3130; x_wconf 90' lang='lat' dir='ltr'><strong>die</strong></span> <span class='ocrx_word' id='word_1_260' title='bbox 667 3081 850 3128; x_wconf 88' lang='lat' dir='ltr'><strong>decimo</strong></span> <span class='ocrx_word' id='word_1_261' title='bbox 896 3095 1020 3127; x_wconf 89' lang='lat' dir='ltr'><strong>nono</strong></span> <span class='ocrx_word' id='word_1_262' title='bbox 1069 3077 1338 3126; x_wconf 89' lang='lat' dir='ltr'><strong>Indictione</strong></span> <span class='ocrx_word' id='word_1_263' title='bbox 1391 3094 1515 3125; x_wconf 90' lang='lat' dir='ltr'><strong>nona</strong></span> <span class='ocrx_word' id='word_1_264' title='bbox 1568 3077 1879 3126; x_wconf 89' lang='lat' dir='ltr'><strong>Pontificatus</strong></span> <span class='ocrx_word' id='word_1_265' title='bbox 1918 3106 1927 3115; x_wconf 89' lang='lat'><strong>·</strong></span> <span class='ocrx_word' id='word_1_266' title='bbox 1968 3106 1977 3115; x_wconf 74' lang='lat'><em>›</em></span> <span class='ocrx_word' id='word_1_267' title='bbox 2019 3106 2026 3115; x_wconf 84' lang='lat'><strong>·</strong></span> <span class='ocrx_word' id='word_1_268' title='bbox 2067 3077 2338 3128; x_wconf 90' lang='lat' dir='ltr'><strong>Innocentii</strong></span> <span class='ocrx_word' id='word_1_269' title='bbox 2375 3109 2384 3117; x_wconf 94' lang='lat'><em>-</em></span> <span class='ocrx_word' id='word_1_270' title='bbox 2426 3110 2433 3117; x_wconf 92' lang='lat'><em>·</em></span> <span class='ocrx_word' id='word_1_271' title='bbox 2475 3110 2483 3117; x_wconf 90' lang='lat'><strong>·</strong></span> 
     </span>
     <span class='ocr_line' id='line_1_29' title="bbox 543 3166 2483 3236; baseline -0.002 -16"><span class='ocrx_word' id='word_1_272' title='bbox 543 3188 664 3236; x_wconf 87' lang='lat' dir='ltr'><strong>pape</strong></span> <span class='ocrx_word' id='word_1_273' title='bbox 703 3168 862 3217; x_wconf 89' lang='lat' dir='ltr'><strong>octaui</strong></span> <span class='ocrx_word' id='word_1_274' title='bbox 900 3184 1024 3216; x_wconf 88' lang='lat' dir='ltr'><strong>anno</strong></span> <span class='ocrx_word' id='word_1_275' title='bbox 1061 3167 1264 3231; x_wconf 89' lang='lat' dir='ltr'><strong>septimo</strong></span> <span class='ocrx_word' id='word_1_276' title='bbox 1303 3195 1312 3204; x_wconf 92' lang='lat'><em>-</em></span> <span class='ocrx_word' id='word_1_277' title='bbox 1353 3195 1362 3204; x_wconf 88' lang='lat'><strong>·</strong></span> <span class='ocrx_word' id='word_1_278' title='bbox 1403 3195 1412 3204; x_wconf 91' lang='lat'><strong>·</strong></span> <span class='ocrx_word' id='word_1_279' title='bbox 1448 3166 1762 3230; x_wconf 88' lang='lat' dir='ltr'><strong>personaliter</strong></span> <span class='ocrx_word' id='word_1_280' title='bbox 1787 3167 2077 3216; x_wconf 85' lang='lat' dir='ltr'><strong>constitutus</strong></span> <span class='ocrx_word' id='word_1_281' title='bbox 2111 3168 2159 3214; x_wconf 88' lang='lat' dir='ltr'><strong>in</strong></span> <span class='ocrx_word' id='word_1_282' title='bbox 2196 3169 2329 3215; x_wconf 89' lang='lat' dir='ltr'><strong>curia</strong></span> <span class='ocrx_word' id='word_1_283' title='bbox 2351 3170 2483 3232; x_wconf 86' lang='lat' dir='ltr'><strong>burgi</strong></span> 
     </span>
     <span class='ocr_line' id='line_1_30' title="bbox 546 3237 2482 3320; baseline -0.002 -12"><span class='ocrx_word' id='word_1_284' title='bbox 546 3263 604 3308; x_wconf 89' lang='lat' dir='ltr'><strong>de</strong></span> <span class='ocrx_word' id='word_1_285' title='bbox 631 3261 850 3307; x_wconf 90' lang='lat' dir='ltr'><strong>Montros</strong></span> <span class='ocrx_word' id='word_1_286' title='bbox 871 3261 1008 3306; x_wconf 89' lang='lat' dir='ltr'><strong>tenta</strong></span> <span class='ocrx_word' id='word_1_287' title='bbox 1045 3257 1092 3304; x_wconf 91' lang='lat' dir='ltr'><strong>in</strong></span> <span class='ocrx_word' id='word_1_288' title='bbox 1130 3257 1338 3320; x_wconf 91' lang='lat' dir='ltr'><strong>pretorio</strong></span> <span class='ocrx_word' id='word_1_289' title='bbox 1374 3256 1584 3304; x_wconf 89' lang='lat' dir='ltr'><strong>eiusdem</strong></span> <span class='ocrx_word' id='word_1_290' title='bbox 1610 3255 1835 3319; x_wconf 89' lang='lat' dir='ltr'><strong>prouidus</strong></span> <span class='ocrx_word' id='word_1_291' title='bbox 1873 3256 1943 3303; x_wconf 90' lang='lat' dir='ltr'><strong>vir</strong></span> <span class='ocrx_word' id='word_1_292' title='bbox 1981 3237 2141 3304; x_wconf 72' lang='lat' dir='ltr'><strong>Dauid</strong></span> <span class='ocrx_word' id='word_1_293' title='bbox 2169 3257 2401 3305; x_wconf 85' lang='lat' dir='ltr'><strong>Falconer</strong></span> <span class='ocrx_word' id='word_1_294' title='bbox 2425 3260 2482 3305; x_wconf 88' lang='lat' dir='ltr'><strong>de</strong></span> 
     </span>
     <span class='ocr_line' id='line_1_31' title="bbox 549 3344 2478 3410; baseline -0.002 -13"><span class='ocrx_word' id='word_1_295' title='bbox 549 3349 833 3398; x_wconf 83' lang='lat' dir='ltr'><strong>Balandrow</strong></span> <span class='ocrx_word' id='word_1_296' title='bbox 865 3351 914 3394; x_wconf 85' lang='lat' dir='ltr'><strong>et</strong></span> <span class='ocrx_word' id='word_1_297' title='bbox 947 3345 1133 3410; x_wconf 87' lang='lat' dir='ltr'><strong>publice</strong></span> <span class='ocrx_word' id='word_1_298' title='bbox 1165 3346 1406 3394; x_wconf 86' lang='lat' dir='ltr'><strong>fatebatur</strong></span> <span class='ocrx_word' id='word_1_299' title='bbox 1439 3346 1561 3407; x_wconf 90' lang='lat' dir='ltr'><strong>quod</strong></span> <span class='ocrx_word' id='word_1_300' title='bbox 1600 3361 1742 3407; x_wconf 91' lang='lat' dir='ltr'><strong>quum</strong></span> <span class='ocrx_word' id='word_1_301' title='bbox 1780 3344 1880 3407; x_wconf 87' lang='lat' dir='ltr'><strong>ipse</strong></span> <span class='ocrx_word' id='word_1_302' title='bbox 1905 3345 2134 3394; x_wconf 89' lang='lat' dir='ltr'><strong>alienauit</strong></span> <span class='ocrx_word' id='word_1_303' title='bbox 2158 3351 2478 3395; x_wconf 85' lang='lat' dir='ltr'><strong>tenementum</strong></span> 
     </span>
    </p>
   </div>
  </div>
 </body>
</html>
