3016 3958
232 1176 440 1224 CXXX.

457 628 565 682 196
1006 625 1300 681 CARTAE
1345 624 1852 681 ORIGINALES.

463 907 841 955 Instrumentum
882 905 939 953 de
979 904 1278 953 recusatione
1319 903 1548 968 Episcopi
1588 903 1927 953 Brechinensis
1963 911 2104 967 magm
2151 904 2407 967 Georgium

464 995 698 1059 Hepburn
722 994 770 1041 in
795 993 1129 1042 cancellariam
1155 994 1366 1042 eiusdem
1391 1010 1477 1057 per
1500 992 1806 1042 collationem
1831 993 2119 1042 ordinariam
2144 993 2362 1057 accipere
2399 1028 2409 1039 .

476 1143 556 1221 In
603 1171 698 1220 Dei
755 1172 942 1220 nomine
981 1199 991 1210 -
1032 1200 1041 1209 ·
1083 1200 1092 1209 -
1130 1172 1318 1220 cunctis
1363 1175 1530 1235 pateat
1568 1200 1578 1210 ·
1617 1199 1627 1209 ·
1667 1199 1677 1210 ·
1715 1172 1841 1235 quod
1886 1186 2013 1220 anno
2060 1171 2415 1219 Incarnationis

470 1261 721 1310 Dominice
763 1260 1014 1310 millesimo
1055 1260 1432 1324 quingentesimo
1475 1261 1836 1324 quadragesimo
1878 1264 2052 1308 octauo
2089 1260 2265 1309 mensis
2306 1276 2417 1308 vero

470 1351 694 1400 Octobris
719 1351 794 1398 die
821 1351 1006 1398 decimo
1036 1354 1176 1399 sexto
1215 1378 1225 1388 ·
1265 1379 1274 1388 ·
1314 1378 1324 1387 ·
1363 1349 1686 1399 Personaliter
1722 1350 2011 1398 constitutus
2033 1348 2325 1398 honorabilis
2347 1348 2419 1395 vir

470 1441 686 1489 dominus
729 1440 967 1489 Patricius
1011 1440 1242 1503 Hepburn
1284 1440 1343 1486 de
1388 1439 1728 1487 Wauchthoun
1768 1438 1904 1487 miles
1945 1443 2225 1502 procurator
2265 1442 2314 1486 et
2362 1455 2419 1486 eo

468 1530 656 1578 nomine
681 1529 895 1592 magistri
922 1529 1115 1591 Georgii
1141 1528 1373 1592 Hepburn
1398 1527 1598 1577 rectoris
1633 1529 1691 1576 de
1730 1528 1925 1576 Haucht
1961 1544 2018 1575 ac
2052 1528 2136 1575 filii
2171 1528 2243 1577 sui
2283 1532 2420 1575 natu-

467 1619 580 1668 ralis
617 1647 627 1657 ·
668 1647 677 1657 -
718 1646 727 1656 ·
765 1619 826 1666 ad
867 1617 1163 1681 personalem
1205 1617 1494 1681 presentiam
1536 1617 1785 1664 reuerendi
1830 1617 1878 1664 in
1914 1616 2107 1665 Christo
2147 1617 2299 1680 patris
2332 1618 2420 1664 Jo-

469 1709 641 1756 hannis
679 1736 689 1746 ·
729 1735 740 1746 -
779 1736 789 1745 ·
828 1706 1165 1755 Brechinensis
1212 1706 1423 1770 episcopi
1469 1706 1674 1755 accessit
1723 1707 1789 1754 Et
1836 1706 1927 1755 sibi
1974 1707 2236 1754 reuerendo
2293 1706 2419 1769 patri

468 1798 713 1846 antedicto
732 1795 1139 1860 presentationem
1158 1811 1376 1858 supreme
1396 1794 1602 1842 Domine
1622 1798 1784 1843 nostre
1807 1794 1989 1858 Regine
2006 1796 2066 1842 ad
2087 1795 2419 1843 cancellariam

470 1889 528 1935 de
572 1886 779 1934 Brechin
821 1885 944 1932 infra
986 1885 1197 1933 diocesin
1238 1884 1450 1932 eiusdem
1488 1887 1737 1931 vacantem
1776 1900 1861 1947 per
1900 1884 2147 1933 decessum
2183 1886 2422 1948 quondam

473 1975 685 2039 magistri
710 1974 975 2022 Alexandri
1001 1975 1193 2037 Turyng
1216 1973 1371 2022 ultimi
1396 1972 1668 2021 cancellarii
1693 1977 1742 2021 et
1766 1973 2053 2036 possessoris
2077 1973 2287 2022 eiusdem
2313 1990 2422 2023 con-

473 2081 654 2114 cessam
693 2092 703 2102 ·
743 2092 753 2102 ·
793 2091 803 2101 ·
842 2063 971 2111 dicto
1018 2065 1246 2126 magistro
1300 2062 1506 2125 Georgio
1553 2062 1788 2126 Hepburn
1835 2079 1941 2111 cum
1980 2091 1990 2101 ·
2030 2090 2040 2101 ·
2079 2091 2090 2101 ·
2126 2064 2422 2114 auisamento

472 2154 622 2203 nostri
667 2152 997 2216 gubernatoris
1034 2151 1210 2199 Jacobi
1253 2152 1455 2199 Arranie
1503 2151 1692 2199 comitis
1734 2152 1912 2200 domini
1955 2152 2299 2216 Hammyltoun
2334 2155 2422 2202 sub

474 2242 628 2306 sigillo
675 2245 861 2290 secreto
901 2270 910 2278 ·
950 2270 959 2278 ·
1000 2269 1009 2278 ·
1048 2241 1105 2288 de
1153 2242 1269 2289 data
1308 2241 1434 2304 apud
1478 2240 1776 2290 Leuinstoun
1824 2242 2074 2290 undecimo
2121 2242 2198 2290 die
2246 2243 2423 2291 mensis

477 2331 699 2379 Octobris
736 2347 861 2379 anno
900 2330 1096 2378 Domini
1138 2347 1198 2378 m.
1225 2337 1271 2378 νο
1294 2329 1345 2376 xl
1369 2333 1543 2378 octauo
1578 2330 1873 2393 presentauit
1898 2334 1947 2378 et
1972 2330 2275 2379 collationem
2300 2332 2424 2379 ordi-

475 2421 656 2468 nariam
685 2420 802 2468 dicti
837 2419 1086 2467 reuerendi
1122 2419 1272 2483 patris
1309 2420 1511 2482 desuper
1547 2419 1676 2467 dicto
1708 2419 1936 2483 magistro
1961 2420 2166 2483 Georgio
2191 2420 2423 2484 Hepburn

475 2510 616 2574 petiit
680 2509 965 2572 Quiquidem
1025 2506 1184 2557 dictus
1237 2509 1525 2556 reuerendus
1578 2512 1716 2572 pater
1761 2525 1848 2572 pro
1894 2524 1980 2557 suo
2026 2525 2251 2572 responso
2300 2510 2423 2558 dixit

476 2615 527 2648 se
562 2598 731 2646 fecisse
769 2597 993 2661 quicquid
1030 2597 1296 2645 ordinarius
1331 2612 1477 2660 penes
1511 2597 1781 2645 huiusmodi
1816 2597 2093 2646 beneficium
2142 2598 2423 2648 cancellarie

478 2688 637 2735 facere
672 2686 914 2734 debuisset
951 2686 1070 2734 Ideo
1107 2686 1237 2734 dicto
1272 2685 1462 2734 domino
1500 2686 1710 2734 Patricio
1734 2686 1966 2751 Hepburn
1989 2689 2316 2751 procuratorio
2340 2705 2423 2737 no-

480 2777 604 2824 mine
640 2792 732 2839 quo
767 2792 911 2840 supra
946 2775 1249 2824 collationem
1281 2791 1415 2824 suam
1441 2774 1893 2845 ordinariam-super
1916 2776 2046 2824 dicta
2068 2777 2422 2840 presentatione

482 2865 572 2914 sibi
613 2869 889 2928 presentata
931 2864 1120 2913 omnino
1162 2864 1401 2913 recusauit
1444 2864 1707 2927 Propterea
1742 2865 1898 2913 dictus
1932 2866 2148 2914 dominus
2184 2866 2423 2915 Patricius

483 2958 761 3018 procurator
784 2954 971 3002 nomine
1008 2970 1100 3018 quo
1136 2970 1278 3018 supra
1301 2956 1598 3017 protestatus
1633 2957 1706 3001 est
1741 2969 1827 3016 pro
1850 2953 2059 3002 remedio
2087 2953 2210 3015 juris
2244 2953 2349 3003 loco
2374 2960 2422 3002 et

483 3048 698 3106 tempore
734 3042 979 3105 oportunis
1013 3043 1167 3106 Super
1203 3042 1372 3106 quibus
1408 3041 1626 3089 omnibus
1661 3041 1902 3103 sepefatus
1934 3042 2150 3090 dominus
2186 3043 2424 3092 Patricius

488 3132 720 3195 Hepburn
762 3131 820 3178 de
863 3131 1128 3178 Vauchoun
1169 3130 1306 3179 miles
1346 3129 1675 3194 procuratorio
1714 3129 1904 3177 nomine
1945 3146 2038 3193 quo
2083 3128 2227 3195 supra
2271 3148 2301 3179 a
2347 3149 2421 3180 me

487 3219 673 3268 notario
696 3218 884 3283 publico
908 3220 1176 3283 subscripto
1199 3219 1289 3268 sibi
1312 3219 1413 3266 fieri
1448 3218 1590 3282 petiit
1624 3218 1987 3267 instrumentum
2013 3237 2156 3268 unum
2181 3237 2263 3269 seu
2288 3221 2424 3286 plura

490 3308 728 3374 publicum
755 3324 808 3356 ve
832 3308 1023 3371 publica
1046 3309 1364 3358 instrumenta
1393 3307 1522 3357 Acta
1547 3311 1682 3356 erant
1707 3307 1794 3356 hec
1819 3308 1867 3356 in
1892 3324 2081 3358 camera
2116 3310 2231 3359 dicti
2267 3328 2424 3360 reuer-
