3016 3958
1058 653 1353 708 CARTAE
1398 655 1900 711 ORIGINALES.
2360 658 2466 711 123

509 838 642 886 vnius
666 840 774 902 equi
801 841 873 889 Ac
897 842 1178 905 qualitatem
1204 847 1597 909 et-quantitatem
1622 847 1831 896 eiusdem
1858 847 2001 895 dictis
2026 846 2216 894 balliuis
2251 850 2300 894 et
2331 862 2458 893 com-

508 927 732 976 munitati
756 931 1056 994 presentibus
1079 937 1128 981 et
1151 934 1322 984 futuris
1359 936 1417 983 de
1452 936 1589 984 nobis
1625 941 1674 984 et
1710 937 2063 985 successoribus
2086 935 2263 984 nostris
2287 935 2459 999 imper-

506 1023 701 1082 petuum
728 1020 838 1069 Vna
860 1037 966 1070 cum
991 1026 1232 1086 potestate
1256 1025 1341 1073 sub
1367 1026 1436 1074 eis
1461 1026 1776 1074 substituendi
1818 1030 1867 1074 et
1906 1025 2166 1089 deputandi
2193 1041 2331 1072 vnum
2372 1041 2456 1073 seu

505 1107 666 1171 plures
688 1110 965 1159 officiarium
1005 1127 1089 1160 seu
1127 1113 1378 1162 officiarios
1415 1115 1476 1162 ad
1510 1114 1768 1162 leuandum
1804 1119 1854 1163 et
1890 1115 2242 1178 suscipiendum
2274 1114 2452 1162 dictum

505 1198 663 1247 oblum
689 1201 748 1248 de
773 1216 1052 1265 vnaquaque
1084 1202 1267 1251 sarsina
1301 1203 1402 1251 siue
1437 1205 1646 1268 pondere
1672 1204 1844 1268 equino
1879 1208 1930 1252 vt
1966 1203 2203 1268 prefertur
2240 1203 2317 1250 Ac
2361 1204 2458 1250 dic-

503 1294 604 1337 tum
630 1289 789 1339 oblum
814 1291 873 1338 de
897 1289 1093 1354 singulis
1116 1291 1257 1341 rebus
1279 1293 1557 1356 prescriptis
1592 1294 1652 1340 ad
1689 1309 1986 1341 communem
2011 1309 2142 1340 vsum
2181 1297 2231 1340 et
2268 1292 2447 1340 vtilita-

502 1384 599 1427 tem
627 1380 744 1428 dicti
769 1380 902 1443 burgi
937 1385 988 1428 et
1024 1380 1251 1430 Ciuitatis
1275 1383 1617 1446 disponendum
1645 1383 1842 1431 Necnon
1866 1398 1972 1430 cum
2001 1386 2242 1446 potestate
2268 1386 2457 1430 contra-

503 1470 710 1519 dictores
733 1474 782 1518 et
807 1469 1134 1519 inobedientes
1156 1486 1214 1519 ac
1238 1487 1400 1520 eorum
1424 1472 1549 1520 bona
1571 1488 1658 1535 pro
1682 1473 1862 1520 eisdem
1886 1473 2117 1521 custumis
2141 1472 2453 1535 distringendi

503 1562 699 1610 Necnon
724 1561 883 1609 omnia
905 1559 1002 1609 alia
1025 1564 1074 1608 et
1098 1560 1283 1624 singula
1307 1577 1398 1625 que
1433 1563 1495 1609 ad
1532 1561 1855 1626 receptionem
1880 1561 2008 1610 dicte
2033 1565 2248 1610 custume
2274 1561 2453 1609 incum-

500 1652 618 1699 bunt
658 1650 865 1699 faciendi
907 1650 1020 1698 Sine
1061 1649 1223 1714 aliqua
1271 1650 1602 1699 Reuocatione
1640 1655 1725 1699 aut
1767 1651 2146 1700 contradictione
2187 1651 2338 1700 nostri
2382 1651 2456 1698 vel

499 1755 823 1789 successorum
847 1743 1116 1788 nostrorum
1152 1740 1263 1788 inde
1298 1741 1530 1789 faciendis
1564 1740 1613 1788 in
1647 1741 1858 1789 futurum
1898 1770 1908 1779 ·
1946 1742 2104 1796 Quare
2131 1740 2379 1788 Vniuersis
2404 1744 2453 1788 et

499 1834 695 1898 singulis
718 1849 913 1897 quorum
939 1834 1139 1883 interest
1164 1835 1238 1883 vel
1261 1836 1494 1885 interesse
1518 1837 1696 1900 poterit
1721 1836 1900 1885 Stricte
1936 1835 2224 1900 precipimus
2247 1839 2296 1883 et
2321 1851 2453 1882 man-

501 1925 666 1972 damus
690 1928 925 1987 quatenus
949 1925 1094 1974 dictis
1117 1925 1307 1974 balliuis
1345 1930 1394 1974 et
1418 1926 1750 1975 communitati
1785 1927 2086 1990 presentibus
2120 1929 2170 1974 et
2205 1925 2377 1973 futuris
2402 1925 2449 1971 in

499 2013 715 2061 omnibus
753 2017 801 2060 et
840 2013 1035 2076 singulis
1070 2014 1247 2063 dictam
1283 2019 1551 2064 custumam
1588 2017 1981 2065 concernentibus
2016 2021 2234 2080 prompte
2259 2031 2451 2078 respon-

499 2104 642 2150 deant
665 2107 865 2166 pareant
901 2107 951 2151 et
986 2104 1238 2152 intendant
1274 2105 1372 2152 Sub
1405 2105 1531 2153 omni
1558 2122 1682 2169 pena
1705 2122 1847 2170 quam
1873 2122 1984 2169 erga
2007 2109 2219 2154 nostram
2247 2105 2449 2168 Regiam

497 2193 735 2240 incurrere
781 2193 991 2256 poterint
1038 2194 1339 2242 maiestatem
1377 2223 1387 2232 ·
1427 2194 1488 2242 In
1529 2195 1663 2243 cuius
1713 2195 1805 2243 Rei
1851 2195 2176 2244 testimonium
2228 2194 2446 2242 Presenti

498 2286 629 2330 carte
671 2286 831 2331 nostre
873 2299 1092 2346 magnum
1136 2283 1353 2347 Sigillum
1394 2289 1610 2333 nostrum
1658 2285 1833 2349 apponi
1879 2271 2177 2349 precepimus
2225 2283 2447 2332 Testibus

500 2373 796 2422 Reuerendis
820 2373 868 2420 in
895 2373 1008 2438 Χῇο
1031 2373 1248 2437 patribus
1275 2373 1520 2422 Willelmo
1541 2374 1781 2438 Episcopo
1804 2373 2138 2422 Abredonensi
2163 2372 2447 2420 cancellario

498 2465 663 2510 nostro
687 2462 882 2509 Andrea
922 2462 1162 2525 Episcopo
1202 2462 1499 2511 Morauiensi
1537 2464 1733 2512 Andrea
1758 2463 1998 2527 Episcopo
2023 2462 2334 2511 Orehadiensi
2361 2462 2447 2508 Di-

498 2549 636 2598 lectis
660 2550 1019 2613 consanguineis
1050 2550 1226 2599 nostris
1262 2551 1423 2598 Dauid
1460 2551 1649 2600 Comite
1686 2552 1967 2600 Craufurdie
1992 2551 2181 2600 domino
2209 2551 2447 2613 Lindesay

498 2657 667 2705 magno
693 2640 966 2688 Camerario
999 2643 1162 2688 nostro
1199 2640 1404 2702 Georgio
1429 2639 1616 2688 Comite
1653 2642 1711 2688 de
1750 2640 1938 2704 Huntly
1972 2640 2163 2689 domino
2188 2640 2444 2688 Gordoune

500 2731 744 2779 Willelmo
770 2729 957 2778 Comite
997 2730 1055 2777 de
1094 2728 1229 2777 Eroll
1254 2729 1444 2776 domino
1479 2728 1524 2777 le
1561 2729 1674 2792 Hay
1711 2729 2063 2778 constabulario
2100 2728 2255 2792 Regni
2293 2730 2444 2777 nostri

501 2820 745 2869 Willelmo
782 2819 968 2868 Comite
1006 2817 1268 2867 Mariscalli
1305 2818 1495 2866 domino
1533 2818 1685 2866 Keith
1725 2818 1912 2866 Jacobo
1959 2817 2147 2866 Comite
2195 2817 2442 2865 Buchanie

498 2911 687 2960 domino
723 2912 781 2958 de
819 2909 1146 2958 Vchterhouss
1180 2908 1402 2956 Johanne
1438 2908 1628 2956 domino
1665 2907 1911 2971 Glammys
1947 2906 2224 2955 Alexandro
2254 2907 2444 2955 domino

498 3001 679 3049 Forbes
703 3000 886 3048 Thoma
909 2998 1099 3047 domino
1135 2997 1430 3045 Inuermeith
1467 3001 1516 3045 et
1554 2996 1800 3045 Willelmo
1826 2997 2016 3045 domino
2042 2997 2211 3045 Ruven
2250 3024 2260 3034 ·
2297 2998 2440 3060 Apud

498 3089 703 3138 Brechin
741 3088 982 3137 Vicesimo
1017 3091 1190 3136 octauo
1225 3086 1301 3134 die
1338 3086 1513 3135 mensis
1549 3085 1729 3150 Aprilis
1776 3102 1900 3134 anno
1948 3085 2144 3135 Domini
2190 3084 2440 3135 millesimo

496 3178 961 3242 quadringentesimo
1006 3176 1327 3240 octuagesimo
1374 3179 1546 3224 octauo
1587 3179 1636 3223 et
1685 3175 1839 3238 Regni
1881 3175 2031 3223 nostri
2074 3174 2315 3224 Vicesimo
2363 3190 2439 3222 oc-

494 3271 608 3315 tauo
648 3296 657 3304 -
