3016 3958
1058 588 1493 646 LITERAE
1559 590 2019 647 PAPALES.
2397 596 2504 649 411

560 772 605 811 et
639 768 969 826 qualiacumque
1003 769 1180 820 fuerint,
1217 783 1452 827 eorumque
1487 771 1705 814 fructuum
1737 803 1747 813 .
1781 802 1792 812 .
1822 802 1833 815 .
1865 785 1992 814 veros
2029 770 2200 813 valores
2234 784 2418 823 annuos,
2455 788 2505 815 ac

555 849 804 904 hujusmodi
833 849 1206 906 dispensationum
1228 853 1402 893 tenores
1425 850 1702 906 presentibus
1731 865 1811 907 pro
1841 850 2060 907 expressis
2090 850 2315 901 habent-es,
2345 852 2505 908 ipsam-

557 943 641 984 que
674 943 850 973 causam
882 929 1130 973 earumdem
1161 930 1428 986 presentium
1466 930 1577 973 serie
1613 930 1669 972 ad
1703 944 1785 973 nos
1806 930 2097 981 advocantes,
2128 933 2174 973 et
2202 930 2324 973 litem
2356 931 2505 987 hujus-

556 1009 673 1053 modi
693 1010 870 1066 penitus
890 989 1208 1067 exffnguentes,
1231 1023 1282 1052 ac
1302 1009 1466 1052 dictum
1486 1009 1722 1052 Ricardum
1742 1023 1770 1052 a
1789 1009 2132 1066 quibuscumque
2158 1042 2167 1052 .
2198 1041 2208 1052 .
2242 1041 2249 1052 .
2276 1012 2505 1054 sententiis

645 1124 654 1132 .
686 1090 935 1133 absolutum
969 1090 1063 1132 fore
1097 1093 1325 1132 censentes
1356 1121 1367 1131 .
1403 1121 1412 1131 .
1443 1119 1454 1131 .
1486 1089 1737 1132 discretioni
1771 1092 1918 1132 vestre
1952 1103 2031 1146 per
2066 1089 2309 1147 apostolica
2340 1091 2503 1147 scripta

557 1170 831 1220 mandamus,
866 1169 1073 1226 quatinus
1107 1182 1187 1212 vos
1222 1168 1293 1212 vel
1324 1169 1411 1211 duo
1445 1171 1524 1212 aut
1555 1182 1669 1211 unus
1704 1172 1899 1212 vestrum
1931 1184 2010 1226 per
2041 1183 2121 1213 vos
2155 1170 2227 1213 vel
2259 1169 2393 1213 alium
2428 1185 2505 1213 seu

556 1250 668 1292 alios
688 1249 1084 1292 archidiaconatum
1112 1248 1356 1304 predictum
1385 1279 1395 1290 .
1428 1279 1438 1291 .
1470 1280 1480 1290 .
1512 1248 1569 1291 ad
1598 1261 1727 1304 quem
1757 1249 1856 1304 quis
1874 1263 1963 1305 >per
1980 1248 2249 1292 velectionem
2270 1264 2357 1293 non
2381 1264 2506 1294 assu-

559 1331 709 1381 mitur,
744 1329 954 1385 cujusque
987 1327 1158 1370 fructus
1189 1359 1199 1370 .
1232 1358 1242 1371 .
1275 1357 1287 1370 .
1317 1327 1475 1383 viginti
1514 1326 1725 1369 librarum
1764 1327 2083 1384 Sterlingorum
2121 1329 2357 1372 secundum
2393 1344 2506 1372 com-

560 1407 1296 1452 munem·extimationem'valorem
1315 1420 1524 1457 annuum,
1541 1410 1592 1449 ut
1606 1406 1720 1449 idem
1738 1407 1955 1449 Ricardus
1975 1408 2147 1459 asserit,
2169 1423 2256 1451 non
2277 1410 2504 1459 excedunt,

563 1491 654 1532 sive
684 1503 763 1546 per
782 1488 887 1531 dicti
909 1487 1099 1530 Gilberti
1123 1485 1427 1544 privationem,
1450 1489 1530 1529 aut
1547 1486 1666 1529 illius
1687 1500 1765 1529 seu
1789 1487 2008 1542 quondam
2029 1486 2172 1531 David
2193 1488 2325 1545 Yduy
2346 1490 2505 1539 obitus,
2566 1519 2573 1546 3

562 1569 653 1611 sive
683 1568 794 1611 alias
824 1566 1121 1623 quovismodo,
1150 1569 1232 1609 aut
1260 1581 1316 1608 ex
1345 1565 1527 1609 alterius
1558 1566 1867 1622 cujuscumque
1897 1580 2098 1623 persona,
2133 1581 2210 1610 seu
2230 1582 2308 1624 per
2327 1568 2509 1611 liberam

560 1648 901 1706 resignationem
936 1646 1123 1702 alicujus
1156 1646 1210 1688 de
1243 1646 1320 1688 illo
1356 1649 1482 1688 extra
1514 1645 1755 1702 predictam
1790 1646 1955 1689 curiam
1992 1647 2124 1689 etiam
2155 1661 2302 1690 coram
2339 1650 2508 1691 notario

562 1728 735 1784 publico
774 1731 820 1771 et
857 1727 1046 1770 testibus
1091 1729 1246 1783 sponte
1289 1726 1466 1776 factam,
1506 1729 1585 1769 aut
1624 1726 1978 1769 constitutionem
2019 1726 2155 1770 felicis
2196 1728 2509 1771 recordationis

562 1809 779 1852 2Iohannis
807 1808 926 1865 Pape
957 1807 1114 1849 XXII.
1145 1806 1279 1850 etiam
1309 1805 1627 1862 predecessoris
1657 1806 1811 1856 nostri,
1849 1819 1933 1861 que
1954 1806 2108 1862 incipit
2146 1811 2174 1833 “
2195 1806 2507 1857 Execrabilis‚'’

559 1893 699 1940 vacet,
720 1888 852 1931 etiam
884 1888 922 1930 si
950 1890 1075 1930 tanto
1106 1889 1301 1942 tempore
1322 1885 1542 1928 vacaverit
1562 1885 1676 1940 quod
1707 1885 1802 1940 ejus
1833 1884 2008 1928 collatio
2034 1885 2165 1939 juxta
2194 1885 2508 1929 Lateranensis

563 1973 732 2013 statuta
752 1967 921 2011 concilii
941 1967 997 2009 ad
1018 1967 1163 2009 sedem
1183 1965 1422 2022 predictam
1452 1965 1666 2021 legittime
1691 1964 1910 2015 devoluta,
1934 1965 2111 2021 ipseque
2133 1966 2510 2010 archidiaconatus

566 2048 826 2106 specialiter,
858 2047 928 2089 vel
957 2060 1035 2103 per
1058 2045 1226 2088 obitum
1249 2044 1434 2087 Gilberti
1454 2044 1704 2099 hujusmodi
1723 2048 1802 2088 aut
1830 2059 1884 2087 ex
1904 2045 2091 2100 eoquod
2111 2046 2204 2102 ipse
2225 2060 2322 2088 cum
2343 2048 2510 2090 viveret

565 2129 750 2172 acolitus
782 2130 932 2170 noster
962 2125 1122 2176 extitit,
1159 2123 1422 2181 generaliter
1461 2123 1736 2179 dispositioni
1771 2123 2007 2179 apostolice
2042 2129 2292 2168 reservatus
2333 2127 2508 2177 existat,

652 2242 662 2252 .
694 2222 792 2251 cum
812 2206 1010 2250 omnibus
1036 2205 1210 2261 juribus
1229 2207 1275 2247 et
1293 2203 1569 2261 pertinentiis
1597 2203 1688 2246 suis
1709 2203 1847 2245 eidem
1868 2203 2055 2246 Ricardo
2076 2206 2337 2249 auctoritate
2358 2212 2509 2250 nostra

566 2289 762 2333 conferre
795 2290 841 2331 et
875 2286 1102 2343 assignare
1138 2284 1299 2327 curetis
1335 2315 1345 2327 .
1383 2292 1393 2326 ’.
1425 2315 1438 2326 ,.
1474 2283 1688 2326 facientes
1727 2283 1963 2325 Ricardum
2000 2283 2071 2325 vel
2105 2299 2184 2340 pro
2220 2300 2271 2328 eo
2305 2301 2509 2342 procura-

566 2375 705 2413 torem
735 2367 977 2426 predictum
1006 2366 1062 2408 ad
1091 2364 1490 2408 archidiaconatum
1519 2362 1767 2419 hujusmodi
1796 2367 1847 2405 ut
1876 2366 1945 2406 est
1964 2363 2098 2406 moris
2122 2364 2308 2416 admitti,
2340 2366 2506 2422 sibique

568 2451 621 2492 de
659 2449 779 2491 illius
817 2446 1031 2489 fructibus
1072 2476 1081 2486 .
1116 2477 1126 2487 .
1166 2476 1176 2486 .
1211 2443 1428 2486 universis
1466 2442 1930 2498 integre-responderi
1965 2474 1974 2485 .
2014 2475 2024 2484 .
2063 2473 2075 2485 .
2109 2457 2198 2486 non
2226 2444 2509 2489 <obstantibus

567 2531 638 2586 pie
685 2527 891 2570 memorie
939 2524 1153 2568 Bonifacii
1192 2523 1310 2581 Pape
1349 2522 1499 2573 VIII„
1542 2522 1753 2565 similiterv
1785 2522 2102 2578 predecessoris
2145 2524 2286 2567 nostri
2326 2529 2376 2568 et·
2410 2526 2509 2568 aliis

569 2607 822 2666 apostolicis
850 2603 1249 2660 constitutionibus,
1283 2617 1452 2645 necnon
1488 2602 1600 2644 dicte
1637 2601 1816 2644 ecclesie
1843 2601 2094 2656 juramento
2125 2634 2134 2645 .
2168 2635 2178 2644 .
2210 2634 2220 2645 .
2253 2605 2431 2648 statutis
2464 2613 2509 2647 et

569 2685 953 2731 consuetudinibus
990 2683 1221 2726 contrariis
1261 2683 1617 2738 quibuscumque.
1652 2685 1731 2724 aut
1771 2682 1808 2723 si
1848 2681 1983 2737 aliqui
2021 2696 2151 2738 super
2189 2683 2509 2738 provisionibus

570 2768 653 2812 sibi
693 2765 902 2809 faciendis
945 2764 998 2806 de
1041 2761 1328 2819 dignitatibus
1371 2762 1510 2818 ipsius
1550 2760 1730 2803 ecclesie
1775 2760 1984 2816 speciales
2015 2761 2099 2803 vvel
2142 2761 2240 2804 aliis
2287 2764 2507 2807 beneficiis

568 2845 874 2890 ecclesiasticis
901 2843 948 2885 in
976 2842 1065 2885 illis
1095 2841 1292 2898 partibus
1321 2840 1548 2898 generales
1569 2840 1681 2882 dicte
1704 2840 1817 2882 sedis
1847 2840 1917 2882 vel
1947 2840 2211 2897 Legatorum
2243 2843 2336 2897 ejus
2358 2844 2508 2888 literas

567 2926 856 2984 impetrarint,
889 2923 1022 2966 etiam
1052 2921 1090 2964 si
1119 2935 1198 2977 per
1225 2933 1301 2963 eas
1331 2919 1386 2963 ad
1415 2919 1715 2962 inhibitionem
1745 2919 2084 2962 reservationem
2115 2924 2160 2963 et
2188 2921 2408 2966 decretum
2438 2927 2508 2967 vel

567 3009 679 3053 alias
700 3004 1022 3062 quomodolibet
1043 3002 1368 3058 sit‘processum
1384 3015 1395 3050 ;
1418 3000 1574 3056 quibus
1595 2999 1792 3042 omnibus
1815 2999 2033 3056 prefatum
2054 3000 2288 3044 Ricardum
2318 3003 2364 3045 in
2390 3018 2507 3047 asse-

570 3089 742 3131 cutione
762 3085 867 3127 dicti
896 3082 1271 3126 archidiaconatus
1299 3079 1500 3122 volumus
1530 3078 1764 3128 anteferri;
1796 3079 1871 3121 sed
1890 3079 2059 3121 nullum
2083 3094 2161 3136 per
2181 3081 2262 3123 hoc
2282 3083 2345 3125 eis
2366 3087 2509 3139 quoad

571 3165 887 3210 assecutionem
916 3162 1179 3219 dignitatum
1207 3163 1286 3202 aut
1314 3158 1618 3201 beneficiorum
1639 3158 1824 3200 aliorum
1854 3159 2396 3216 prejudiciumgenerarh
2431 3178 2507 3207 seu

572 3248 610 3289 si
640 3243 877 3288 venerabili
906 3241 1033 3284 fratri
1062 3242 1213 3283 nostro
1247 3238 1447 3294 episcopo
1480 3241 1525 3280 et
1555 3237 1726 3280 dilectis
1758 3237 1861 3280 filiis
1893 3238 2083 3294 capitulo
2119 3239 2401 3284 Brechinensi
2437 3219 2505 3285 vel

572 3325 803 3383 quibusvis.
816 3323 915 3366 aliis
934 3320 1219 3365 communiter
1237 3319 1307 3362 vel
1330 3318 1503 3361 divisim
1533 3332 1560 3360 a
1589 3318 1704 3360 dicta
1736 3318 1794 3361 sit
1825 3319 1924 3361 sede
1954 3318 2183 3371 indultum,
2210 3322 2324 3377 quod
2355 3323 2409 3364 ad
2439 3338 2506 3367 re-
