3016 3958
541 622 650 677 130
1102 615 1394 672 CARTAE
1439 614 1937 670 ORIGINALES.

540 815 642 860 tum
682 814 730 858 et
768 810 952 857 firmum
990 810 1220 871 perpetuo
1256 805 1524 852 habiturum
1557 815 1568 848 Ι
1603 803 1775 851 Totum
1800 804 1848 850 id
1873 809 1922 851 et
1947 803 2165 867 quicquid
2206 819 2289 867 per
2324 805 2477 852 dictos

543 902 873 962 procuratores
910 911 1020 944 suos
1057 899 1105 942 et
1144 909 1305 941 eorum
1344 891 1601 955 quemlibet
1633 906 1644 937 s
1678 893 1853 939 Actum
1890 892 2067 940 dictum
2090 893 2268 941 factum
2293 898 2478 956 gestum

543 1005 598 1036 ve
613 988 756 1035 fuerit
777 987 823 1033 in
843 983 1083 1050 premissis
1101 999 1184 1031 seu
1202 981 1320 1030 alias
1339 980 1691 1044 quomodolibet
1709 984 2011 1044 procuratum
2045 997 2056 1030 l
2088 980 2300 1030 relevans
2315 981 2481 1030 nichil-

544 1078 729 1143 ominus*
766 1079 813 1122 et
853 1074 1086 1121 relevatos
1123 1087 1226 1119 esse
1265 1069 1424 1118 volens
1456 1086 1468 1119 l
1500 1070 1689 1118 eosdem
1725 1074 2055 1133 procuratores
2090 1086 2200 1119 suos
2236 1075 2286 1118 et
2323 1087 2482 1135 quem-

543 1166 661 1213 libet
686 1166 892 1228 ipsorum
927 1175 937 1206 s
970 1162 1029 1209 ab
1054 1160 1180 1208 omni
1205 1174 1345 1207 onere
1369 1158 1632 1208 satisdandi
1662 1159 1934 1222 judicioque
1969 1160 2073 1209 sisti
2106 1168 2118 1201 1
2149 1163 2199 1207 et
2216 1160 2481 1222 judicatum

546 1255 662 1303 solvi
696 1268 706 1296 ι
739 1269 844 1301 cum
871 1251 967 1300 suis
992 1248 1215 1297 clausulis
1238 1252 1287 1296 et
1311 1247 1534 1311 capitulis
1556 1248 1836 1297 necessariis
1871 1253 1920 1297 et
1955 1250 2203 1313 oportunis
2234 1268 2244 1300 s
2278 1250 2377 1298 Sub
2401 1267 2484 1298 ex-

547 1358 709 1407 pressa
731 1341 968 1405 ypotheca
991 1343 1040 1387 et
1065 1337 1351 1401 obligatione
1375 1337 1581 1385 omnium
1607 1341 1657 1386 et
1681 1337 1968 1401 singulorum
1994 1338 2221 1386 bonorum
2261 1367 2270 1376 -
2308 1338 2436 1400 (Sec.)
2474 1367 2484 1377 -

549 1449 605 1480 ac
645 1448 749 1479 cum
790 1430 915 1478 omni
948 1428 1070 1490 juris
1107 1431 1156 1475 et
1194 1427 1311 1475 facti
1340 1426 1692 1474 renuntiatione
1728 1427 1788 1474 ad
1824 1427 1914 1475 hoc
1948 1428 2212 1476 necessaria
2237 1428 2417 1491 pariter
2439 1432 2488 1476 et

551 1521 741 1569 cautela
778 1535 847 1570 sss
883 1520 947 1565 Et
986 1516 1217 1582 premissa
1253 1516 1410 1564 omnia
1447 1520 1496 1563 et
1534 1515 1717 1578 singula
1741 1516 1788 1562 in
1813 1516 2021 1579 presenti
2045 1516 2358 1566 instrumento
2381 1533 2490 1565 con-

550 1615 686 1659 tenta
719 1628 730 1661 t
762 1614 926 1657 tenere
962 1607 1211 1655 attendere
1247 1604 1483 1668 complere
1519 1608 1569 1652 et
1604 1604 1938 1653 inviolabiliter
1984 1606 2232 1654 observare
2264 1618 2276 1652 Ι
2307 1611 2494 1654 contra-

553 1716 643 1764 que
668 1698 826 1746 omnia
849 1701 898 1745 et
923 1712 1084 1744 eorum
1108 1693 1291 1757 singula
1314 1710 1408 1743 non
1431 1693 1588 1741 facere
1613 1693 1770 1742 dicere
1803 1706 1813 1739 t
1845 1693 1919 1741 vel
1954 1695 2113 1742 venire
2145 1717 2157 1751 1
2189 1696 2247 1742 de
2275 1695 2384 1758 jure
2421 1696 2495 1744 vel

555 1791 612 1836 de
636 1789 764 1836 facto
797 1806 808 1838 s
841 1785 1005 1849 quovis
1029 1783 1216 1848 quesito
1240 1782 1397 1830 colore
1429 1808 1440 1835 ι
1473 1783 1720 1846 dictosque
1745 1788 2073 1846 procuratores
2091 1800 2200 1832 suos
2225 1789 2277 1832 ut
2302 1785 2496 1848 premit-

554 1880 674 1928 titur
697 1876 984 1927 constitutos
1015 1891 1026 1919 t
1057 1877 1141 1921 aut
1166 1888 1326 1922 eorum
1364 1871 1571 1935 aliquem
1606 1885 1616 1918 Ι
1650 1887 1891 1936 quousque
1923 1887 1935 1920 l
1966 1872 2152 1936 prefato
2177 1873 2413 1936 Guaspari
2437 1874 2496 1920 de

559 1967 774 2016 omnibus
820 1969 869 2012 et
917 1961 1111 2026 singulis
1158 1960 1398 2024 premissis
1441 1979 1452 2010 l
1497 1960 1690 2009 realiter
1735 1961 1943 2025 plenarie
1987 1977 1997 2006 t
2043 1966 2091 2010 et
2132 1962 2314 2025 integre
2359 1963 2499 2011 satis-

558 2057 769 2106 fecerit!
802 2058 851 2102 et
888 2052 1119 2117 premissa
1156 2051 1314 2098 omnia
1350 2054 1399 2098 et
1437 2049 1620 2113 singula
1654 2051 1973 2099 observaverit
2005 2073 2016 2107 Ι
2048 2055 2098 2099 et
2121 2051 2448 2115 adimpleverit
2479 2061 2492 2095 Ι

555 2159 898 2198 'nonrevocare
922 2158 1005 2191 seu
1030 2141 1240 2189 revocari
1262 2141 1418 2188 facere
1443 2140 1657 2203 promisit
1693 2144 1742 2187 et
1778 2140 1997 2188 convenit
2029 2154 2070 2189 st
2100 2139 2178 2188 Ac
2201 2141 2262 2188 ad
2287 2144 2336 2188 et
2359 2156 2500 2204 supra

562 2234 714 2285 sancti
754 2233 846 2280 Dei
885 2229 1128 2294 evangelia
1164 2229 1410 2292 scripturis
1446 2229 1762 2278 sacrosanctis
1784 2245 1870 2292 per
1892 2232 1997 2276 eum
2036 2230 2181 2278 tactis
2211 2230 2390 2292 juravit
2422 2251 2492 2284 stt

563 2324 639 2371 De
664 2327 713 2370 et
738 2337 877 2384 super
901 2319 1069 2383 quibus
1093 2318 1310 2367 omnibus
1333 2322 1381 2366 et
1406 2317 1600 2381 singulis
1619 2318 1859 2381 premissis
1890 2331 1901 2363 Ι
1933 2318 2106 2382 prefati
2125 2319 2340 2368 dominus
2366 2318 2500 2366 Wal-

562 2392 735 2461 terus's
767 2413 816 2457 et
842 2410 1061 2471 Guaspar
1091 2420 1103 2452 1
1135 2407 1225 2456 sibi
1250 2406 1446 2460 cuilibet
1472 2417 1486 2447 s
1515 2423 1602 2470 per
1634 2423 1709 2454 me
1744 2407 1980 2455 notarium
2005 2406 2244 2470 publicum
2268 2408 2501 2472 subscrip-

561 2507 663 2550 tum
692 2511 706 2541 s
736 2498 1079 2562 requisiverunt
1103 2512 1187 2544 seu
1211 2495 1455 2559 requisivit
1483 2505 1498 2536 Ι
1527 2495 1627 2543 fieri
1665 2500 1715 2543 et
1751 2496 1878 2544 tradi
1915 2512 2060 2544 unum
2083 2495 2159 2544 vel
2181 2496 2317 2560 plura
2350 2497 2502 2562 publi-

565 2606 669 2638 cum
706 2587 780 2635 vel
818 2585 1009 2649 publica
1036 2595 1051 2626 s
1080 2584 1219 2633 unius
1255 2585 1436 2633 tenoris
1472 2584 1837 2633 instrumentum
1875 2584 1948 2633 vel
1989 2585 2303 2634 instrumenta
2330 2602 2345 2633 s
2379 2589 2502 2636 Acta

562 2680 751 2726 fuerunt
789 2677 876 2723 hec
913 2675 961 2722 in
999 2674 1214 2738 predicto
1251 2672 1425 2738 oppido
1463 2674 1827 2738 Andwerpiensi
1866 2674 1924 2722 In
1963 2675 2169 2738 hospitio
2206 2675 2336 2724 dicto
2371 2674 2503 2723 Alla-

565 2783 735 2815 manno
759 2765 933 2812 ibidem
957 2763 1136 2813 situato
1172 2763 1221 2811 in
1258 2763 1361 2811 vico
1400 2762 1705 2827 Anglicorum
1735 2792 1750 2823 s
1781 2765 1922 2812 Anno
1958 2763 2214 2812 indictione
2239 2764 2316 2811 die
2339 2780 2499 2813 mense

564 2862 613 2905 et
651 2855 928 2919 pontificatu
966 2852 1207 2915 premissis
1235 2863 1249 2893 s
1281 2852 1586 2901 Presentibus
1622 2853 1796 2900 ibidem
1834 2852 2185 2903 honorabilibus
2208 2857 2257 2901 et
2281 2853 2499 2902 discretis

567 2946 675 2993 viris
717 2958 730 2989 s
773 2943 805 2990 J
810 2943 959 2992 acobo
1001 2943 1059 2990 de
1101 2941 1298 3005 Loyano
1339 2942 1627 2990 Bononiensi
1668 2946 1717 2990 et
1761 2941 2040 2990 Alexandro
2087 2943 2146 2989 de
2195 2942 2500 2991 Pertuciariis

566 3032 842 3084 Florentino
884 3031 1222 3080 mercatoribus
1250 3038 1265 3069 l
1305 3030 1509 3079 testibus
1548 3031 1610 3078 ad
1651 3030 1879 3093 premissa
1918 3030 2100 3079 vocatis
2140 3030 2410 3094 specialiter
2450 3036 2500 3079 et

564 3122 740 3186 rogatis
778 3149 786 3158 ·

636 3213 736 3273 Ego
761 3208 1060 3256 Donatianus
1096 3207 1227 3256 Heer
1261 3207 1472 3256 Clericus
1508 3207 1819 3256 Tornacensis
1845 3207 2080 3270 Dyocesis
2105 3209 2296 3256 Artium
2322 3209 2498 3271 Magis-

564 3307 639 3350 ter
662 3303 711 3347 et
735 3298 887 3360 legum
914 3295 1294 3345 Bacchalaureus
1319 3295 1541 3344 Publicus
1575 3311 1711 3345 sacra
1735 3295 1977 3360 Imperiali
2001 3298 2286 3345 auctoritate
2311 3313 2493 3346 necnon
