3016 3958
550 622 661 679 292
796 703 801 706 ᾖ
1030 620 1346 679 CARTAE
1382 620 2013 678 MISOELLANEAE.

556 804 745 860 episcopi
765 802 926 845 domini
948 803 1014 845 sui
1035 802 1284 858 superioris,
1300 802 1381 844 sub
1401 803 1648 844 reversione
1671 807 1716 845 et
1735 802 2055 858 provisionibus
2076 802 2121 844 in
2141 807 2366 845 contractu
2383 802 2489 846 inito

556 885 671 926 inter
703 884 846 939 ipsum
876 897 973 925 cum
1006 897 1218 925 consensu
1247 883 1387 925 dictae
1420 897 1534 925 suae·
1557 897 1742 939 sponsae
1777 887 1822 926 et
1857 883 2068 925 Jacobum
2100 882 2334 939 Dempster
2367 899 2492 926 suum

557 964 735 1006 fratrem
755 977 1010 1020 germanum
1035 967 1080 1005 et
1111 964 1327 1019 Agnetem
1349 963 1528 1005 Painter
1547 963 1643 1018 ejus
1670 977 1888 1019 sponsam,
1913 962 2041 1005 dictis
2073 962 2237 1006 Jacobo
2259 963 2493 1020 Dempster

558 1047 602 1085 et
634 1043 796 1098 Agneti
831 1042 1008 1085 Painter
1042 1056 1276 1098 eorumque
1311 1042 1438 1085 alteri
1470 1043 1632 1085 diutius
1666 1043 1827 1085 viventi
1862 1043 1908 1084 in
1940 1044 2172 1099 conjuncta
2201 1044 2493 1087 infeodatione

557 1123 896 1177 haeredibusque
917 1122 1032 1164 inter
1050 1122 1168 1177 ipsos
1190 1122 1381 1178 legitime
1410 1124 1647 1177 procreatis
1679 1137 1755 1165 seu
1782 1124 2061 1179 procreandis
2082 1125 2239 1180 quibus
2258 1123 2494 1167 deficienti-

556 1202 638 1244 bus
671 1202 928 1244 haeredibus
962 1201 1065 1243 dicti
1102 1201 1254 1243 Jacobi
1290 1204 1335 1244 et
1367 1202 1603 1258 assignatis
1635 1203 1962 1259 quibuscunque
1995 1204 2112 1246 illius
2143 1205 2382 1248 tenementi
2402 1210 2495 1247 tam

556 1285 657 1323 ante
678 1295 807 1337 quam
828 1285 944 1323 retro
967 1282 1120 1324 subtus
1141 1296 1270 1337 quam
1295 1296 1426 1337 supra
1446 1297 1543 1324 cum
1564 1283 1689 1325 horto
1713 1284 1867 1326 horreo
1888 1284 2021 1326 bovili
2043 1289 2087 1327 et
2109 1285 2199 1327 suis
2219 1284 2495 1341 pertinentiis

555 1365 646 1403 tam
677 1362 862 1417 desuper
891 1362 1131 1404 aedificatis
1161 1375 1290 1418 quam
1311 1362 1587 1405 aedificandis
1604 1363 1794 1419 jacentis
1826 1379 1879 1406 ex
1915 1369 2039 1421 parte
2061 1365 2261 1408 orientali
2290 1366 2495 1408 Civitatis

557 1440 861 1484 Brechinensis
894 1442 1008 1484 inter
1042 1446 1183 1484 terras
1220 1441 1363 1483 David
1400 1441 1634 1498 Dempster
1669 1443 1894 1499 pellatoris
1929 1449 1974 1487 et
2007 1446 2242 1487 haeredum
2275 1446 2492 1500 quondam

556 1520 758 1564 Richardi
782 1521 1016 1577 Dempster
1036 1522 1091 1563 ad
1112 1523 1287 1564 boream
1308 1535 1532 1563 commune
1553 1526 1729 1565 antrum
1750 1523 2017 1567 descendens
2048 1539 2101 1566 ex
2134 1526 2334 1567 orientali
2358 1525 2494 1567 latere

554 1601 694 1643 dictae
731 1600 934 1644 Civitatis
964 1615 1116 1643 versus
1149 1601 1396 1643 inferiorem
1431 1605 1604 1657 portam
1639 1602 1834 1657 ejusdem
1867 1603 1923 1645 ad
1955 1604 2099 1646 oriens
2132 1608 2177 1647 et
2212 1609 2411 1647 austrum
2450 1609 2495 1648 et

498 1690 502 1694 '
554 1695 822 1722 communem
856 1681 971 1723 viam
1004 1681 1171 1737 regiam
1205 1681 1344 1723 dictae
1380 1681 1582 1724 Civitatis
1615 1682 1669 1724 ad
1702 1683 1900 1725 occidens
1933 1698 2030 1726 cum
2065 1685 2156 1727 suis
2189 1686 2493 1740 pertinentiis3

326 2792 529 2837 CCLIII.

554 1760 727 1802 tenendi
747 1760 799 1801 de
820 1760 936 1802 dicto
956 1761 1156 1816 episcopo
1178 1761 1460 1802 Brechinensi
1488 1764 1533 1803 et
1561 1761 1651 1803 suis
1674 1763 1996 1805 successoribus
2017 1767 2094 1806 aut
2114 1764 2212 1806 aliis
2233 1766 2494 1820 quibuscun-

553 1855 634 1895 que
650 1840 725 1895 jus
747 1841 1064 1896 superioritatis
1087 1840 1319 1882 eorundem
1346 1855 1424 1895 pro
1454 1843 1648 1896 tempore
1673 1841 1933 1884 habentibus
1961 1842 2007 1884 in
2036 1843 2282 1886 feudifirma
2302 1845 2497 1887 haeredi·

552 1919 662 1960 tarie
698 1903 1012 1975 imperpetuum
1044 1951 1054 1961 .
1087 1919 1320 1962 Reddendo
1355 1919 1454 1960 inde
1489 1920 1715 1962 annuatim
1751 1921 1866 1963 dicto
1899 1921 2180 1966 Brechinensi
2218 1924 2419 1980 episcopo
2453 1929 2497 1967 et

554 2000 644 2040 suis
677 1999 999 2042 successoribus
1022 2013 1235 2042 summam
1271 1999 1427 2055 viginti
1463 2000 1699 2042 solidorum
1732 2030 1742 2041 .
1775 2032 1785 2044 .
1818 2031 1827 2043 .
1859 2006 2058 2044 monetae
2096 2002 2266 2046 Scotiae
2302 2005 2358 2045 ad
2388 2004 2496 2047 duos

553 2077 654 2119 anni
676 2079 883 2120 terminos
905 2082 1135 2121 consuetos
1166 2110 1175 2121 .
1209 2078 1331 2120 Haec
1360 2083 1483 2122 carta
1502 2080 1668 2122 habens
1688 2080 1734 2121 in
1755 2094 1801 2122 se
1822 2086 2102 2138 praeceptum
2124 2083 2311 2126 saisinae
2333 2083 2362 2125 J
2365 2085 2494 2127 oanni

553 2156 703 2213 Noray
723 2158 993 2214 praeceptori
1023 2158 1176 2200 domus
1209 2157 1292 2199 Dei
1324 2158 1369 2199 in
1407 2159 1593 2201 Brechin
1624 2158 1784 2202 ballivo
1817 2160 1920 2202 data
1950 2165 2020 2203 est
2049 2176 2194 2204 coram
2216 2162 2284 2205 his
2310 2165 2494 2206 testibus

550 2237 762 2292 magistro
782 2237 810 2279 J
814 2251 952 2279 oanne
979 2237 1213 2280 Merschell
1245 2238 1444 2280 ministro
1475 2238 1592 2294 apud
1622 2237 1809 2282 Brechin
1843 2238 1984 2282 David
2017 2240 2252 2298 Dempster
2281 2243 2491 2298 pellatore

551 2316 708 2358 ibidem
728 2316 935 2359 Villelmo
957 2317 1096 2359 Bruce
1117 2320 1285 2359 textore
1307 2317 1464 2359 ibidem
1486 2317 1676 2360 Patricio
1698 2319 1902 2375 Bwyerss
1933 2319 1962 2362 J
1964 2335 2103 2363 oanne
2126 2322 2378 2365 Thomsoun
2399 2325 2491 2366 cive

550 2396 706 2438 ibidem
728 2396 842 2439 dicto
864 2397 892 2439 J
896 2411 1034 2439 oanne
1056 2396 1207 2453 Noray
1229 2401 1273 2439 et
1297 2396 1483 2453 Georgio
1504 2397 1684 2440 Wricht
1703 2399 1899 2450 notariis,
1922 2402 1976 2441 23
2000 2400 2154 2443 Martii
2181 2403 2288 2445 1603
2323 2434 2331 2445 .

553 2569 818 2625 Transumpt
850 2569 898 2612 of
925 2568 1099 2612 charter
1129 2570 1184 2626 by
1218 2569 1387 2626 George
1413 2568 1641 2615 Wischart
1671 2573 1817 2615 senior
1848 2573 1897 2615 of
1925 2570 2132 2630 Drymme
2167 2579 2213 2618 to
2245 2575 2493 2619 Alexander

669 2649 831 2705 Bishop
853 2649 901 2691 of
918 2649 1104 2691 Brechin
1125 2650 1211 2692 and
1230 2649 1300 2692 his
1321 2664 1490 2706 spouse.

553 2781 630 2836 To
651 2793 711 2836 all
731 2795 815 2837 and
837 2795 1010 2838 sundrie
1042 2796 1226 2851 quhome
1247 2795 1410 2839 affeiris
1442 2828 1452 2839 .
1485 2827 1494 2840 .
1528 2827 1537 2840 .
1570 2796 1712 2841 Johne
1734 2798 1925 2856 Ramsay
1946 2801 2201 2845 commissar
2231 2803 2280 2845 of
2305 2804 2489 2846 Brechin

553 2874 743 2930 greiting
774 2905 783 2917 .
817 2907 826 2917 .
860 2906 869 2917 .
902 2875 1000 2918 Wit
1014 2890 1123 2931 your
1139 2876 1416 2919 uniuersities
1431 2878 1529 2920 that
1545 2882 1592 2920 at
1606 2878 1680 2920 the
1697 2879 1893 2922 instance
1923 2911 1932 2922 .
1957 2910 1966 2922 .
1990 2913 1999 2923 .
2023 2882 2088 2923 off
2113 2913 2122 2924 .
2157 2913 2167 2924 .
2200 2912 2210 2923 .
2241 2882 2491 2926 Alexander

554 2954 738 3009 Bischop
790 2953 837 2995 of
883 2954 1082 3006 Brechin,
1128 2955 1150 2996 I
1190 2956 1331 2998 causit
1373 2957 1526 2999 dewlie
1559 2987 1571 2999 .
1602 2988 1611 2999 .
1645 2988 1655 3000 .
1688 2960 1914 3001 summond
1947 2992 1956 3001 .
1990 2990 1999 3002 .
2033 2992 2042 3002 .
2074 2960 2135 3002 all
2183 2962 2268 3004 and
2316 2964 2490 3006 sundrie

552 3034 736 3088 quhome
758 3033 832 3074 the
853 3033 1166 3076 undervreittin
1188 3035 1364 3077 chartor
1385 3037 1608 3079 concernis
1640 3068 1649 3079 .
1685 3069 1693 3079 .
1726 3066 1736 3079 0
1767 3039 1820 3080 be
1841 3039 1972 3094 oppin
1993 3040 2335 3095 proclamatioun
2351 3047 2399 3085 at
2414 3045 2489 3087 the

551 3117 714 3155 mercat
743 3126 864 3154 croce
898 3113 946 3153 of
974 3113 1159 3155 Brechin
1190 3115 1234 3156 in
1266 3116 1476 3171 genemll,
1508 3117 1594 3158 and
1626 3117 1671 3158 in
1705 3118 1882 3173 speciall
1915 3118 2084 3176 George
2118 3119 2358 3173 Wischart,
2390 3138 2487 3167 now

551 3192 669 3235 elder
700 3191 749 3234 of
778 3190 998 3247 Drymme,
1035 3207 1138 3235 sone
1171 3193 1257 3235 and
1291 3194 1358 3236 air
1391 3198 1437 3237 to
1472 3195 1684 3251 umquhill
1724 3195 1891 3253 George
1926 3196 2166 3249 Wischart,
2201 3206 2415 3258 sumtyme
2443 3204 2492 3245 of

551 3272 772 3328 Drymme,
814 3270 963 3312 maker
994 3303 1003 3312 .
1036 3304 1045 3313 .
1079 3302 1088 3313 .
1120 3273 1168 3314 of
1207 3273 1281 3315 the
1322 3273 1497 3316 chartor
1536 3275 1862 3318 undervreitten
1894 3308 1903 3318 .
1936 3307 1946 3319 .
1980 3309 1990 3320 .
2021 3281 2067 3320 ‘to
2109 3279 2221 3321 haue
2262 3282 2487 3337 compeirit

550 3352 688 3395 befoir
706 3364 775 3392 me
807 3381 817 3392 .
850 3383 859 3392 .
893 3381 903 3392 .
936 3351 1087 3393 within
1119 3352 1197 3394 the
1227 3353 1466 3395 cathedrall
1486 3353 1582 3395 kirk
1616 3354 1664 3395 of
1693 3354 1878 3396 Brechin
1898 3356 1943 3397 in
1963 3357 2039 3399 the
2066 3357 2263 3412 judiciall
2293 3361 2416 3417 place
2443 3363 2491 3404 of
