3022 3964
1103 662 1396 717 CARTAE
1440 663 1937 719 ORIGINALES.
2431 669 2498 723 11

549 865 789 899 cessorum
814 866 1022 898 meorum
1049 856 1098 900 et
1122 852 1396 916 specialiter
1411 869 1498 916 pro
1511 852 1763 902 animabus
1780 868 1942 901 eorum
1962 869 2160 917 quorum
2184 853 2344 918 aliqua
2368 856 2491 904 bona

548 940 690 988 habui
716 940 763 987 in
787 940 877 988 hac
900 940 1000 988 vita
1023 944 1071 989 et
1095 940 1283 1004 plenam
1307 942 1683 991 satisfactionem
1709 941 1818 990 inde
1843 957 1936 990 non
1961 942 2053 990 feci
2092 970 2103 980 ·
2139 946 2188 991 et
2213 959 2298 1007 pro
2316 944 2496 992 anima-

548 1030 635 1078 bus
670 1029 874 1076 omnium
910 1028 1117 1077 fidelium
1154 1030 1483 1079 defunctorum
1519 1030 1706 1080 dedisse
1742 1031 2032 1080 con-cessisse
2070 1035 2120 1079 et
2155 1032 2246 1080 hac
2283 1034 2492 1096 presenti

547 1123 682 1166 carta
716 1134 822 1166 mea
857 1118 1158 1167 confirmasse
1193 1119 1301 1168 Deo
1341 1124 1391 1168 et
1422 1120 1562 1168 beate
1589 1119 1744 1168 Marie
1773 1120 1959 1183 Virgini
1982 1121 2211 1183 genetrici
2237 1121 2444 1170 eiusdem
2483 1157 2493 1167 .

547 1224 603 1256 ac
650 1208 726 1256 vni
772 1206 1017 1271 capellano
1065 1207 1228 1256 diuina
1273 1207 1533 1276 celebranti
1573 1237 1584 1246 ·
1620 1213 1670 1257 et
1717 1209 2063 1273 imperpetuum
2099 1209 2398 1259 celebraturo
2441 1211 2489 1258 in

547 1289 749 1344 ecclesia
784 1295 1068 1359 parrochiali
1102 1296 1315 1345 eiusdem
1353 1297 1494 1346 beate
1536 1297 1691 1346 Marie
1730 1299 1788 1346 de
1828 1298 2003 1346 Dunde
2037 1315 2124 1362 pro
2157 1298 2311 1349 salute
2334 1300 2489 1348 anime

545 1401 648 1432 mee
669 1400 728 1432 ac
751 1384 958 1432 omnium
982 1384 1244 1433 animarum
1281 1386 1602 1450 predictarum
1637 1386 1883 1435 duodecim
1910 1403 2095 1438 marcas
2119 1388 2335 1438 annualis
2361 1390 2490 1437 Red-

544 1473 672 1521 ditus
695 1472 940 1521 annuatim
963 1472 1192 1522 leuandas
1228 1475 1287 1522 de
1325 1474 1468 1523 terris
1491 1475 1610 1524 meis
1642 1476 1705 1523 de
1745 1476 2039 1540 Abirbothry
2067 1478 2343 1539 jacentibus
2367 1478 2490 1529 infra

543 1562 925 1611 vicecomitatum
965 1563 1024 1610 de
1056 1562 1212 1634 ‘Perth
1250 1564 1311 1611 ad
1350 1564 1470 1613 duos
1506 1564 1619 1612 anni
1649 1565 1878 1614 terminos
1901 1571 2154 1614 consuetos
2179 1567 2489 1616 Pentecostes

543 1652 765 1700 videlicet
803 1655 853 1700 et
891 1651 1057 1700 Sancti
1094 1652 1295 1700 Martini
1333 1652 1382 1700 in
1418 1669 1555 1716 yeme
1579 1669 1665 1717 per
1687 1653 1935 1717 porciones
1954 1654 2151 1718 equales
2189 1683 2199 1693 ·
2238 1656 2486 1706 Tenendas

543 1746 592 1789 et
615 1741 858 1789 habendas
879 1740 1034 1788 dictas
1057 1740 1305 1789 duodecim
1328 1757 1514 1790 marcas
1536 1741 1754 1791 annualis
1777 1743 1991 1792 redditus
2008 1743 2224 1806 predicto
2243 1744 2487 1808 capellano

543 1830 623 1894 qui
647 1845 733 1893 pro
755 1833 971 1893 tempore
995 1828 1140 1876 fuerit
1163 1829 1212 1876 in
1235 1829 1434 1877 liberam
1469 1846 1634 1894 puram
1671 1835 1720 1878 et
1754 1835 2031 1895 perpetuam
2062 1832 2353 1883 elimosinam
2381 1849 2485 1882 cum

543 1919 758 1967 omnibus
779 1918 1081 1966 libertatibus
1102 1918 1520 1968 commoditatibus
1555 1923 1605 1967 et
1639 1920 1948 1982 aysiamentis
1980 1922 2042 1969 ad
2076 1921 2257 1972 dictum
2282 1939 2486 1970 annuum

544 2009 779 2057 redditum
815 2007 1143 2072 spectantibus
1176 2023 1260 2056 seu
1295 2012 1512 2071 spectare
1553 2007 1820 2058 valentibus
1867 2010 1915 2059 in
1957 2010 2131 2066 futuro,
2167 2012 2287 2060 adeo
2334 2011 2481 2060 libere

544 2099 702 2162 quiete
742 2098 922 2159 integre
959 2095 1214 2144 honorifice
1253 2096 1372 2144 bene
1409 2100 1460 2144 et
1500 2097 1548 2144 in
1589 2113 1707 2160 pace
1744 2097 1868 2146 sicut
1906 2098 2067 2162 aliqua
2091 2098 2338 2149 elimosina
2361 2101 2483 2150 infra

545 2189 763 2250 Regnum
788 2185 954 2234 Scocie
977 2200 1063 2248 per
1085 2183 1290 2248 aliquem
1315 2185 1512 2233 concedi
1546 2186 1724 2248 poterit
1759 2185 1860 2234 siue
1898 2187 1999 2235 dari
2038 2215 2048 2226 -
2086 2188 2209 2236 Volo
2246 2189 2395 2241 eciam
2432 2195 2481 2238 et

545 2277 752 2325 concedo
777 2275 901 2338 quod
925 2273 1336 2337 quocienscunque
1371 2276 1421 2321 et
1456 2274 1830 2338 quandocunque
1862 2274 2046 2324 dictum
2082 2276 2376 2340 capellanum
2401 2279 2481 2342 qui

544 2382 630 2430 pro
670 2369 884 2427 tempore
924 2361 1068 2410 fuerit
1110 2362 1338 2409 decedere
1376 2377 1460 2411 seu
1498 2378 1560 2410 ex
1597 2361 1757 2426 aliqua
1795 2378 1938 2412 causa
1975 2364 2251 2412 racionabili
2289 2383 2319 2413 a
2358 2367 2487 2418 dicta

546 2452 810 2517 capellania
845 2450 1055 2499 amoueri
1092 2449 1343 2513 contigerit
1373 2485 1391 2498 ..
1428 2467 1490 2498 ex
1526 2454 1643 2498 tunc
1680 2451 1877 2500 heredes
1900 2453 1994 2501 mei
2030 2453 2110 2516 qui
2145 2470 2230 2517 pro
2266 2459 2479 2519 tempore

545 2543 720 2590 fuerint
760 2541 884 2588 infra
922 2554 1131 2587 mensem
1171 2554 1202 2586 a
1235 2543 1448 2601 tempore
1484 2538 1751 2588 vacacionis
1786 2540 1994 2590 eiusdem
2019 2540 2164 2590 alium
2190 2543 2485 2607 capellanum

546 2632 781 2694 ydoneum
816 2627 1006 2676 domino
1042 2626 1280 2690 Episcopo
1316 2627 1624 2676 Brechinensi
1663 2627 1739 2675 vel
1782 2628 1978 2676 Decano
2020 2634 2069 2677 et
2111 2618 2334 2694 Capitulo
2368 2634 2486 2681 sede

548 2723 747 2768 vacante
771 2718 1044 2781 presentent
1075 2714 1422 2762 admittendum
1458 2731 1544 2777 pro
1580 2714 1735 2763 salute
1773 2716 1979 2764 omnium
2017 2717 2277 2769 animarum
2302 2721 2485 2783 predic-

549 2814 704 2857 tarum
727 2807 776 2853 in
801 2803 1002 2852 ecclesia
1024 2803 1164 2850 beate
1189 2802 1343 2849 Marie
1367 2801 1584 2864 predicta
1606 2807 1836 2866 perpetuo
1871 2803 2167 2854 celebraturo
2207 2834 2216 2844 ·
2253 2823 2357 2855 cum
2394 2810 2482 2857 hoc

550 2898 700 2946 eciam
740 2894 928 2942 adiecto
964 2891 1088 2955 quod
1126 2890 1282 2938 dictus
1316 2888 1588 2953 capellanus
1623 2891 1703 2955 qui
1737 2907 1823 2954 pro
1858 2895 2071 2956 tempore
2106 2894 2248 2942 fuerit
2273 2897 2483 2959 quotidie

549 2985 737 3034 intersit
761 2980 955 3044 singulis
976 2979 1105 3027 horis
1129 2978 1301 3026 diuinis
1337 2978 1386 3024 in
1422 2978 1552 3025 dicta
1575 2977 1777 3027 ecclesia
1801 2979 1976 3027 Sancte
2020 2981 2175 3028 Marie
2213 2984 2271 3030 de
2314 2984 2485 3032 Dunde

552 3077 635 3123 viz.
671 3070 930 3126 matutinis,
968 3067 1137 3122 missis,
1173 3066 1380 3130 vesperis
1415 3069 1464 3113 et
1500 3065 1607 3115 aliis
1630 3066 1759 3115 horis
1793 3067 1834 3119 si
1869 3084 1960 3131 que
1993 3069 2093 3119 siut
2130 3075 2290 3133 presto
2311 3072 2484 3122 ibidem

553 3163 857 3212 coadiuturus
892 3158 942 3206 in
977 3155 1152 3205 diui-nis
1186 3155 1435 3202 cantandis
1469 3158 1520 3202 et
1553 3154 1763 3217 legendis
1788 3171 1891 3205 cum
1917 3161 2033 3206 nota
2070 3186 2079 3195 -
2119 3159 2284 3211 Eciam
2310 3161 2414 3210 volo
2439 3168 2488 3210 et

552 3269 637 3317 per
658 3224 904 3315 presentes
926 3245 1104 3300 ordino,
1124 3245 1253 3308 quod
1279 3244 1435 3292 dictus
1462 3242 1736 3307 capellanus
1761 3244 1840 3307 qui
1865 3260 1951 3307 pro
1975 3249 2186 3309 tempore
2209 3248 2351 3298 fuerit
2375 3267 2488 3313 quo-

553 3342 670 3389 libet
694 3339 769 3386 die
792 3334 946 3384 feriali
969 3333 1157 3382 intersit
1194 3332 1274 3379 uni
1307 3331 1448 3381 misse
1479 3332 1542 3379 de
1581 3331 1808 3394 Requiem
1844 3333 1909 3382 ad
1943 3333 2095 3382 altare
2132 3335 2258 3386 beati
2297 3337 2487 3400 Georgii
