<?xml version="1.0" encoding="UTF-8"?>
<!DOCTYPE html PUBLIC "-//W3C//DTD XHTML 1.0 Transitional//EN"
    "http://www.w3.org/TR/xhtml1/DTD/xhtml1-transitional.dtd">
<html xmlns="http://www.w3.org/1999/xhtml" xml:lang="en" lang="en">
 <head>
  <title>
</title>
<meta http-equiv="Content-Type" content="text/html;charset=utf-8" />
  <meta name='ocr-system' content='tesseract 3.04.00' />
  <meta name='ocr-capabilities' content='ocr_page ocr_carea ocr_par ocr_line ocrx_word'/>
</head>
<body>
  <div class='ocr_page' id='page_1' title='image "./registrumepiscop02brecuoft_0342.png"; bbox 0 0 3016 3958; ppageno 0'>
   <div class='ocr_carea' id='block_1_1' title="bbox 222 1448 557 1491">
    <p class='ocr_par' dir='ltr' id='par_1_1' title="bbox 222 1448 557 1491">
     <span class='ocr_line' id='line_1_1' title="bbox 222 1448 557 1491; baseline 0 0"><span class='ocrx_word' id='word_1_1' title='bbox 222 1448 557 1491; x_wconf 81' lang='lat' dir='ltr'>CCLXXXVI.</span> 
     </span>
    </p>
   </div>
   <div class='ocr_carea' id='block_1_2' title="bbox 574 616 2035 692">
    <p class='ocr_par' dir='ltr' id='par_1_2' title="bbox 574 616 2035 692">
     <span class='ocr_line' id='line_1_2' title="bbox 574 616 2035 692; baseline -0.004 0"><span class='ocrx_word' id='word_1_2' title='bbox 574 638 687 692; x_wconf 78' lang='lat'>328</span> <span class='ocrx_word' id='word_1_3' title='bbox 973 616 991 634; x_wconf 75' lang='lat'><em>⁶</em></span> <span class='ocrx_word' id='word_1_4' title='bbox 1053 634 1368 691; x_wconf 80' lang='lat' dir='ltr'><strong>GARTAE</strong></span> <span class='ocrx_word' id='word_1_5' title='bbox 1408 630 2035 688; x_wconf 77' lang='lat' dir='ltr'>MlscELLANEAE.</span> 
     </span>
    </p>
   </div>
   <div class='ocr_carea' id='block_1_3' title="bbox 577 888 2520 950">
    <p class='ocr_par' dir='ltr' id='par_1_3' title="bbox 577 888 2520 950">
     <span class='ocr_line' id='line_1_3' title="bbox 577 888 2520 950; baseline -0.004 -15"><span class='ocrx_word' id='word_1_6' title='bbox 577 895 768 950; x_wconf 86' lang='lat' dir='ltr'>lyftyme,</span> <span class='ocrx_word' id='word_1_7' title='bbox 802 894 886 936; x_wconf 87' lang='lat' dir='ltr'>and</span> <span class='ocrx_word' id='word_1_8' title='bbox 916 894 984 935; x_wconf 79' lang='lat' dir='ltr'>for</span> <span class='ocrx_word' id='word_1_9' title='bbox 1014 894 1105 935; x_wconf 85' lang='lat' dir='ltr'>suir</span> <span class='ocrx_word' id='word_1_10' title='bbox 1134 895 1339 948; x_wconf 78' lang='lat' dir='ltr'>payment</span> <span class='ocrx_word' id='word_1_11' title='bbox 1361 891 1528 934; x_wconf 87' lang='lat' dir='ltr'>thairof</span> <span class='ocrx_word' id='word_1_12' title='bbox 1559 891 1748 947; x_wconf 85' lang='lat' dir='ltr'>assignis</span> <span class='ocrx_word' id='word_1_13' title='bbox 1779 889 1868 931; x_wconf 88' lang='lat' dir='ltr'>him</span> <span class='ocrx_word' id='word_1_14' title='bbox 1889 893 1936 931; x_wconf 88' lang='lat' dir='ltr'>to</span> <span class='ocrx_word' id='word_1_15' title='bbox 1958 889 2031 931; x_wconf 91' lang='lat' dir='ltr'>the</span> <span class='ocrx_word' id='word_1_16' title='bbox 2062 888 2207 930; x_wconf 89' lang='lat' dir='ltr'>zeirlie</span> <span class='ocrx_word' id='word_1_17' title='bbox 2236 888 2351 930; x_wconf 86' lang='lat' dir='ltr'>thrid</span> <span class='ocrx_word' id='word_1_18' title='bbox 2373 888 2421 929; x_wconf 89' lang='lat' dir='ltr'>of</span> <span class='ocrx_word' id='word_1_19' title='bbox 2451 888 2520 928; x_wconf 88' lang='lat' dir='ltr'>his</span> 
     </span>
    </p>
   </div>
   <div class='ocr_carea' id='block_1_4' title="bbox 579 967 2524 1094">
    <p class='ocr_par' dir='ltr' id='par_1_4' title="bbox 579 967 2524 1094">
     <span class='ocr_line' id='line_1_4' title="bbox 579 967 2524 1029; baseline -0.004 -14"><span class='ocrx_word' id='word_1_20' title='bbox 579 974 672 1016; x_wconf 81' lang='lat' dir='ltr'>said</span> <span class='ocrx_word' id='word_1_21' title='bbox 693 974 891 1029; x_wconf 85' lang='lat' dir='ltr'>vicarage</span> <span class='ocrx_word' id='word_1_22' title='bbox 912 972 960 1015; x_wconf 85' lang='lat' dir='ltr'>of</span> <span class='ocrx_word' id='word_1_23' title='bbox 990 971 1174 1014; x_wconf 88' lang='lat' dir='ltr'>Brechin</span> <span class='ocrx_word' id='word_1_24' title='bbox 1207 1003 1215 1013; x_wconf 92' lang='lat'>.</span> <span class='ocrx_word' id='word_1_25' title='bbox 1252 1003 1260 1012; x_wconf 92' lang='lat'><strong>.</strong></span> <span class='ocrx_word' id='word_1_26' title='bbox 1293 1003 1302 1013; x_wconf 92' lang='lat'><em>.</em></span> <span class='ocrx_word' id='word_1_27' title='bbox 1335 971 1397 1013; x_wconf 88' lang='lat' dir='ltr'>At</span> <span class='ocrx_word' id='word_1_28' title='bbox 1416 970 1672 1027; x_wconf 85' lang='lat' dir='ltr'>Edinburgh</span> <span class='ocrx_word' id='word_1_29' title='bbox 1701 971 1776 1013; x_wconf 89' lang='lat' dir='ltr'>the</span> <span class='ocrx_word' id='word_1_30' title='bbox 1797 984 1855 1011; x_wconf 84' lang='lat' dir='ltr'>xx</span> <span class='ocrx_word' id='word_1_31' title='bbox 1876 969 1959 1024; x_wconf 90' lang='lat' dir='ltr'>day</span> <span class='ocrx_word' id='word_1_32' title='bbox 1981 968 2028 1011; x_wconf 84' lang='lat' dir='ltr'>of</span> <span class='ocrx_word' id='word_1_33' title='bbox 2056 968 2084 1010; x_wconf 87' lang='lat' dir='ltr'><strong>J</strong></span> <span class='ocrx_word' id='word_1_34' title='bbox 2087 982 2249 1010; x_wconf 81' lang='lat' dir='ltr'>anuare</span> <span class='ocrx_word' id='word_1_35' title='bbox 2269 968 2343 1010; x_wconf 85' lang='lat' dir='ltr'>the</span> <span class='ocrx_word' id='word_1_36' title='bbox 2365 968 2453 1009; x_wconf 91' lang='lat' dir='ltr'>zeir</span> <span class='ocrx_word' id='word_1_37' title='bbox 2477 967 2524 1009; x_wconf 79' lang='lat' dir='ltr'>of</span> 
     </span>
     <span class='ocr_line' id='line_1_5' title="bbox 581 1051 1050 1094; baseline -0.004 0"><span class='ocrx_word' id='word_1_38' title='bbox 581 1052 673 1094; x_wconf 87' lang='lat' dir='ltr'>God</span> <span class='ocrx_word' id='word_1_39' title='bbox 695 1064 729 1094; x_wconf 84' lang='lat' dir='ltr'><strong>M</strong></span> <span class='ocrx_word' id='word_1_40' title='bbox 754 1057 796 1094; x_wconf 85' lang='lat' dir='ltr'>v⁰</span> <span class='ocrx_word' id='word_1_41' title='bbox 816 1052 890 1093; x_wconf 89' lang='lat' dir='ltr'>lxv</span> <span class='ocrx_word' id='word_1_42' title='bbox 911 1051 1050 1093; x_wconf 84' lang='lat' dir='ltr'>zeiris.</span> 
     </span>
    </p>
   </div>
   <div class='ocr_carea' id='block_1_5' title="bbox 586 1288 2165 1347">
    <p class='ocr_par' dir='ltr' id='par_1_5' title="bbox 586 1288 2165 1347">
     <span class='ocr_line' id='line_1_6' title="bbox 586 1288 2165 1347; baseline -0.002 -13"><span class='ocrx_word' id='word_1_43' title='bbox 586 1292 816 1334; x_wconf 82' lang='lat' dir='ltr'>Concessio</span> <span class='ocrx_word' id='word_1_44' title='bbox 839 1291 980 1347; x_wconf 88' lang='lat' dir='ltr'>Regia</span> <span class='ocrx_word' id='word_1_45' title='bbox 1001 1291 1275 1347; x_wconf 74' lang='lat' dir='ltr'>episcopatus</span> <span class='ocrx_word' id='word_1_46' title='bbox 1298 1289 1602 1333; x_wconf 86' lang='lat' dir='ltr'>Brechinensis</span> <span class='ocrx_word' id='word_1_47' title='bbox 1624 1289 1873 1332; x_wconf 87' lang='lat' dir='ltr'>Alexandro</span> <span class='ocrx_word' id='word_1_48' title='bbox 1895 1288 2122 1344; x_wconf 83' lang='lat' dir='ltr'>Campbell</span> <span class='ocrx_word' id='word_1_49' title='bbox 2155 1322 2165 1331; x_wconf 90' lang='lat'><strong>.</strong></span> 
     </span>
    </p>
   </div>
   <div class='ocr_carea' id='block_1_6' title="bbox 583 1438 2526 3409">
    <p class='ocr_par' dir='ltr' id='par_1_6' title="bbox 583 1438 2526 3409">
     <span class='ocr_line' id='line_1_7' title="bbox 584 1438 2518 1506; baseline -0.002 -13"><span class='ocrx_word' id='word_1_50' title='bbox 584 1438 813 1494; x_wconf 80' lang='lat' dir='ltr'>Hem-icus</span> <span class='ocrx_word' id='word_1_51' title='bbox 838 1455 883 1493; x_wconf 89' lang='lat' dir='ltr'>et</span> <span class='ocrx_word' id='word_1_52' title='bbox 908 1451 1053 1493; x_wconf 82' lang='lat' dir='ltr'>Maria</span> <span class='ocrx_word' id='word_1_53' title='bbox 1083 1450 1166 1492; x_wconf 90' lang='lat' dir='ltr'>Dei</span> <span class='ocrx_word' id='word_1_54' title='bbox 1193 1450 1336 1505; x_wconf 89' lang='lat' dir='ltr'>gratia</span> <span class='ocrx_word' id='word_1_55' title='bbox 1364 1453 1443 1492; x_wconf 87' lang='lat' dir='ltr'>etc.</span> <span class='ocrx_word' id='word_1_56' title='bbox 1478 1450 1588 1505; x_wconf 79' lang='lat' dir='ltr'>Quia</span> <span class='ocrx_word' id='word_1_57' title='bbox 1615 1449 1811 1491; x_wconf 82' lang='lat' dir='ltr'>dedimus</span> <span class='ocrx_word' id='word_1_58' title='bbox 1841 1450 2131 1491; x_wconf 80' lang='lat' dir='ltr'>concessimus</span> <span class='ocrx_word' id='word_1_59' title='bbox 2158 1452 2202 1491; x_wconf 87' lang='lat' dir='ltr'>et</span> <span class='ocrx_word' id='word_1_60' title='bbox 2226 1449 2518 1506; x_wconf 80' lang='lat' dir='ltr'>disposuimus</span> 
     </span>
     <span class='ocr_line' id='line_1_8' title="bbox 583 1527 2519 1586; baseline -0.002 -14"><span class='ocrx_word' id='word_1_61' title='bbox 583 1530 817 1586; x_wconf 87' lang='lat' dir='ltr'>predilecto</span> <span class='ocrx_word' id='word_1_62' title='bbox 848 1534 997 1572; x_wconf 85' lang='lat' dir='ltr'>nostro</span> <span class='ocrx_word' id='word_1_63' title='bbox 1029 1529 1278 1571; x_wconf 87' lang='lat' dir='ltr'>Alexandro</span> <span class='ocrx_word' id='word_1_64' title='bbox 1311 1528 1535 1585; x_wconf 86' lang='lat' dir='ltr'>Campbell</span> <span class='ocrx_word' id='word_1_65' title='bbox 1564 1529 1690 1570; x_wconf 87' lang='lat' dir='ltr'>fratri</span> <span class='ocrx_word' id='word_1_66' title='bbox 1721 1528 1874 1570; x_wconf 80' lang='lat' dir='ltr'>Jacobi</span> <span class='ocrx_word' id='word_1_67' title='bbox 1906 1528 2130 1584; x_wconf 85' lang='lat' dir='ltr'>Campbell</span> <span class='ocrx_word' id='word_1_68' title='bbox 2169 1528 2223 1569; x_wconf 91' lang='lat' dir='ltr'>de</span> <span class='ocrx_word' id='word_1_69' title='bbox 2254 1527 2519 1584; x_wconf 87' lang='lat' dir='ltr'>Ardkinglas</span> 
     </span>
     <span class='ocr_line' id='line_1_9' title="bbox 583 1607 2521 1664; baseline -0.001 -14"><span class='ocrx_word' id='word_1_70' title='bbox 583 1624 660 1664; x_wconf 92' lang='lat' dir='ltr'>pro</span> <span class='ocrx_word' id='word_1_71' title='bbox 702 1610 900 1652; x_wconf 92' lang='lat' dir='ltr'>omnibus</span> <span class='ocrx_word' id='word_1_72' title='bbox 951 1609 1038 1651; x_wconf 90' lang='lat' dir='ltr'>vite</span> <span class='ocrx_word' id='word_1_73' title='bbox 1081 1623 1156 1650; x_wconf 90' lang='lat' dir='ltr'>sue</span> <span class='ocrx_word' id='word_1_74' title='bbox 1197 1608 1349 1650; x_wconf 90' lang='lat' dir='ltr'>diebus</span> <span class='ocrx_word' id='word_1_75' title='bbox 1399 1608 1559 1650; x_wconf 84' lang='lat' dir='ltr'>Totum</span> <span class='ocrx_word' id='word_1_76' title='bbox 1600 1612 1644 1650; x_wconf 86' lang='lat' dir='ltr'>et</span> <span class='ocrx_word' id='word_1_77' title='bbox 1684 1609 1902 1664; x_wconf 84' lang='lat' dir='ltr'>integrum</span> <span class='ocrx_word' id='word_1_78' title='bbox 1952 1608 2205 1650; x_wconf 88' lang='lat' dir='ltr'>beneficium</span> <span class='ocrx_word' id='word_1_79' title='bbox 2246 1607 2521 1663; x_wconf 83' lang='lat' dir='ltr'>episcopatus</span> 
     </span>
     <span class='ocr_line' id='line_1_10' title="bbox 587 1681 2522 1743; baseline -0.001 -13"><span class='ocrx_word' id='word_1_80' title='bbox 587 1689 894 1730; x_wconf 87' lang='lat' dir='ltr'>Brechinensis</span> <span class='ocrx_word' id='word_1_81' title='bbox 926 1702 1021 1728; x_wconf 87' lang='lat' dir='ltr'>cum</span> <span class='ocrx_word' id='word_1_82' title='bbox 1059 1687 1258 1729; x_wconf 89' lang='lat' dir='ltr'>omnibus</span> <span class='ocrx_word' id='word_1_83' title='bbox 1296 1690 1341 1729; x_wconf 90' lang='lat' dir='ltr'>et</span> <span class='ocrx_word' id='word_1_84' title='bbox 1377 1687 1560 1743; x_wconf 86' lang='lat' dir='ltr'>singulis</span> <span class='ocrx_word' id='word_1_85' title='bbox 1589 1687 1719 1729; x_wconf 88' lang='lat' dir='ltr'>terris</span> <span class='ocrx_word' id='word_1_86' title='bbox 1751 1687 1966 1742; x_wconf 85' lang='lat' dir='ltr'>terrisque</span> <span class='ocrx_word' id='word_1_87' title='bbox 2002 1686 2330 1729; x_wconf 88' lang='lat' dir='ltr'>dominicalibus</span> <span class='ocrx_word' id='word_1_88' title='bbox 2365 1681 2522 1728; x_wconf 85' lang='lat' dir='ltr'>castris</span> 
     </span>
     <span class='ocr_line' id='line_1_11' title="bbox 583 1766 2522 1822; baseline 0 -14"><span class='ocrx_word' id='word_1_89' title='bbox 583 1768 774 1809; x_wconf 87' lang='lat' dir='ltr'>turribus</span> <span class='ocrx_word' id='word_1_90' title='bbox 813 1766 1040 1808; x_wconf 82' lang='lat' dir='ltr'>fortaliciis</span> <span class='ocrx_word' id='word_1_91' title='bbox 1080 1767 1353 1808; x_wconf 88' lang='lat' dir='ltr'>maneriebus</span> <span class='ocrx_word' id='word_1_92' title='bbox 1393 1766 1515 1808; x_wconf 92' lang='lat' dir='ltr'>siluis</span> <span class='ocrx_word' id='word_1_93' title='bbox 1556 1766 1811 1808; x_wconf 89' lang='lat' dir='ltr'>molendinis</span> <span class='ocrx_word' id='word_1_94' title='bbox 1851 1767 2049 1822; x_wconf 88' lang='lat' dir='ltr'>piscariis</span> <span class='ocrx_word' id='word_1_95' title='bbox 2089 1766 2245 1809; x_wconf 83' lang='lat' dir='ltr'>annuis</span> <span class='ocrx_word' id='word_1_96' title='bbox 2285 1766 2522 1808; x_wconf 74' lang='lat' dir='ltr'>redditibus</span> 
     </span>
     <span class='ocr_line' id='line_1_12' title="bbox 584 1844 2522 1902; baseline 0 -15"><span class='ocrx_word' id='word_1_97' title='bbox 584 1846 775 1888; x_wconf 84' lang='lat' dir='ltr'>ecclesiis</span> <span class='ocrx_word' id='word_1_98' title='bbox 805 1845 981 1887; x_wconf 85' lang='lat' dir='ltr'>decimis</span> <span class='ocrx_word' id='word_1_99' title='bbox 1010 1844 1261 1901; x_wconf 84' lang='lat' dir='ltr'>garbalibus</span> <span class='ocrx_word' id='word_1_100' title='bbox 1297 1845 1479 1900; x_wconf 85' lang='lat' dir='ltr'>aliisque</span> <span class='ocrx_word' id='word_1_101' title='bbox 1521 1845 1698 1887; x_wconf 84' lang='lat' dir='ltr'>decimis</span> <span class='ocrx_word' id='word_1_102' title='bbox 1728 1846 1940 1888; x_wconf 84' lang='lat' dir='ltr'>fructibus</span> <span class='ocrx_word' id='word_1_103' title='bbox 1970 1846 2209 1888; x_wconf 80' lang='lat' dir='ltr'>redditibus</span> <span class='ocrx_word' id='word_1_104' title='bbox 2239 1847 2522 1902; x_wconf 87' lang='lat' dir='ltr'>prouentibus</span> 
     </span>
     <span class='ocr_line' id='line_1_13' title="bbox 583 1924 2524 1980; baseline 0 -14"><span class='ocrx_word' id='word_1_105' title='bbox 583 1924 871 1966; x_wconf 88' lang='lat' dir='ltr'>emolimentis</span> <span class='ocrx_word' id='word_1_106' title='bbox 901 1924 1038 1966; x_wconf 88' lang='lat' dir='ltr'>firmis</span> <span class='ocrx_word' id='word_1_107' title='bbox 1068 1924 1188 1965; x_wconf 86' lang='lat' dir='ltr'>canis</span> <span class='ocrx_word' id='word_1_108' title='bbox 1220 1924 1430 1966; x_wconf 85' lang='lat' dir='ltr'>custumis</span> <span class='ocrx_word' id='word_1_109' title='bbox 1459 1925 1662 1979; x_wconf 88' lang='lat' dir='ltr'>proficuis</span> <span class='ocrx_word' id='word_1_110' title='bbox 1691 1928 1737 1967; x_wconf 90' lang='lat' dir='ltr'>et</span> <span class='ocrx_word' id='word_1_111' title='bbox 1765 1925 1953 1967; x_wconf 90' lang='lat' dir='ltr'>deuoriis</span> <span class='ocrx_word' id='word_1_112' title='bbox 1984 1925 2122 1966; x_wconf 90' lang='lat' dir='ltr'>eidem</span> <span class='ocrx_word' id='word_1_113' title='bbox 2153 1925 2450 1980; x_wconf 78' lang='lat' dir='ltr'>spectantibus</span> <span class='ocrx_word' id='word_1_114' title='bbox 2480 1929 2524 1966; x_wconf 88' lang='lat' dir='ltr'>et</span> 
     </span>
     <span class='ocr_line' id='line_1_14' title="bbox 583 2003 2521 2060; baseline 0 -14"><span class='ocrx_word' id='word_1_115' title='bbox 583 2004 901 2060; x_wconf 82' lang='lat' dir='ltr'>pertinentibus</span> <span class='ocrx_word' id='word_1_116' title='bbox 920 2007 1012 2045; x_wconf 88' lang='lat' dir='ltr'>tam</span> <span class='ocrx_word' id='word_1_117' title='bbox 1034 2003 1359 2059; x_wconf 80' lang='lat' dir='ltr'>spiritualitatis</span> <span class='ocrx_word' id='word_1_118' title='bbox 1380 2017 1511 2058; x_wconf 88' lang='lat' dir='ltr'>quam</span> <span class='ocrx_word' id='word_1_119' title='bbox 1531 2004 1868 2060; x_wconf 82' lang='lat' dir='ltr'>temporalitatis</span> <span class='ocrx_word' id='word_1_120' title='bbox 1889 2004 2080 2045; x_wconf 87' lang='lat' dir='ltr'>eiusdem</span> <span class='ocrx_word' id='word_1_121' title='bbox 2102 2005 2166 2046; x_wconf 92' lang='lat' dir='ltr'>Ac</span> <span class='ocrx_word' id='word_1_122' title='bbox 2187 2018 2282 2045; x_wconf 91' lang='lat' dir='ltr'>cum</span> <span class='ocrx_word' id='word_1_123' title='bbox 2305 2007 2521 2060; x_wconf 87' lang='lat' dir='ltr'>potest-ate</span> 
     </span>
     <span class='ocr_line' id='line_1_15' title="bbox 587 2083 2521 2140; baseline -0.001 -15"><span class='ocrx_word' id='word_1_124' title='bbox 587 2084 669 2126; x_wconf 87' lang='lat' dir='ltr'>sibi</span> <span class='ocrx_word' id='word_1_125' title='bbox 709 2085 811 2125; x_wconf 87' lang='lat' dir='ltr'>dare</span> <span class='ocrx_word' id='word_1_126' title='bbox 852 2087 897 2125; x_wconf 90' lang='lat' dir='ltr'>et</span> <span class='ocrx_word' id='word_1_127' title='bbox 932 2083 1160 2139; x_wconf 86' lang='lat' dir='ltr'>disponere</span> <span class='ocrx_word' id='word_1_128' title='bbox 1202 2083 1376 2139; x_wconf 84' lang='lat' dir='ltr'>singula</span> <span class='ocrx_word' id='word_1_129' title='bbox 1415 2083 1625 2125; x_wconf 89' lang='lat' dir='ltr'>beneficia</span> <span class='ocrx_word' id='word_1_130' title='bbox 1664 2084 1900 2140; x_wconf 85' lang='lat' dir='ltr'>dignitates</span> <span class='ocrx_word' id='word_1_131' title='bbox 1937 2087 2012 2126; x_wconf 85' lang='lat' dir='ltr'>aut</span> <span class='ocrx_word' id='word_1_132' title='bbox 2043 2083 2131 2126; x_wconf 82' lang='lat' dir='ltr'>alia</span> <span class='ocrx_word' id='word_1_133' title='bbox 2170 2083 2284 2125; x_wconf 83' lang='lat' dir='ltr'>infra</span> <span class='ocrx_word' id='word_1_134' title='bbox 2317 2084 2521 2126; x_wconf 88' lang='lat' dir='ltr'>diocesim</span> 
     </span>
     <span class='ocr_line' id='line_1_16' title="bbox 586 2163 2524 2218; baseline -0.001 -13"><span class='ocrx_word' id='word_1_135' title='bbox 586 2164 920 2206; x_wconf 85' lang='lat' dir='ltr'>Brechinensem</span> <span class='ocrx_word' id='word_1_136' title='bbox 957 2178 1070 2205; x_wconf 92' lang='lat' dir='ltr'>nunc</span> <span class='ocrx_word' id='word_1_137' title='bbox 1103 2163 1303 2205; x_wconf 84' lang='lat' dir='ltr'>vacantia</span> <span class='ocrx_word' id='word_1_138' title='bbox 1338 2165 1415 2205; x_wconf 88' lang='lat' dir='ltr'>aut</span> <span class='ocrx_word' id='word_1_139' title='bbox 1451 2163 1622 2218; x_wconf 82' lang='lat' dir='ltr'>quando</span> <span class='ocrx_word' id='word_1_140' title='bbox 1648 2163 1796 2204; x_wconf 87' lang='lat' dir='ltr'>eadem</span> <span class='ocrx_word' id='word_1_141' title='bbox 1832 2177 1986 2205; x_wconf 82' lang='lat' dir='ltr'>vacare</span> <span class='ocrx_word' id='word_1_142' title='bbox 2022 2163 2252 2218; x_wconf 85' lang='lat' dir='ltr'>contigerit</span> <span class='ocrx_word' id='word_1_143' title='bbox 2285 2177 2368 2218; x_wconf 91' lang='lat' dir='ltr'>que</span> <span class='ocrx_word' id='word_1_144' title='bbox 2403 2163 2524 2218; x_wconf 89' lang='lat' dir='ltr'>prius</span> 
     </span>
     <span class='ocr_line' id='line_1_17' title="bbox 587 2242 2526 2299; baseline -0.001 -14"><span class='ocrx_word' id='word_1_145' title='bbox 587 2243 811 2285; x_wconf 86' lang='lat' dir='ltr'>donationi</span> <span class='ocrx_word' id='word_1_146' title='bbox 862 2243 1160 2299; x_wconf 88' lang='lat' dir='ltr'>episcoporum</span> <span class='ocrx_word' id='word_1_147' title='bbox 1203 2242 1557 2284; x_wconf 84' lang='lat' dir='ltr'>Brechinensium</span> <span class='ocrx_word' id='word_1_148' title='bbox 1612 2243 1916 2298; x_wconf 86' lang='lat' dir='ltr'>pertinuerunt</span> <span class='ocrx_word' id='word_1_149' title='bbox 1956 2242 2209 2297; x_wconf 73' lang='lat' dir='ltr'>Quiquidem</span> <span class='ocrx_word' id='word_1_150' title='bbox 2251 2242 2526 2297; x_wconf 80' lang='lat' dir='ltr'>episcopatus</span> 
     </span>
     <span class='ocr_line' id='line_1_18' title="bbox 587 2320 2519 2378; baseline -0.002 -14"><span class='ocrx_word' id='word_1_151' title='bbox 587 2324 768 2365; x_wconf 91' lang='lat' dir='ltr'>decessu</span> <span class='ocrx_word' id='word_1_152' title='bbox 817 2322 1034 2378; x_wconf 89' lang='lat' dir='ltr'>quondam</span> <span class='ocrx_word' id='word_1_153' title='bbox 1074 2320 1278 2378; x_wconf 86' lang='lat' dir='ltr'>Magistri</span> <span class='ocrx_word' id='word_1_154' title='bbox 1329 2322 1542 2364; x_wconf 86' lang='lat' dir='ltr'>Johannis</span> <span class='ocrx_word' id='word_1_155' title='bbox 1586 2321 1780 2363; x_wconf 86' lang='lat' dir='ltr'>Sinclare</span> <span class='ocrx_word' id='word_1_156' title='bbox 1831 2321 1969 2364; x_wconf 87' lang='lat' dir='ltr'>vltimi</span> <span class='ocrx_word' id='word_1_157' title='bbox 2011 2322 2198 2377; x_wconf 87' lang='lat' dir='ltr'>episcopi</span> <span class='ocrx_word' id='word_1_158' title='bbox 2240 2321 2431 2363; x_wconf 86' lang='lat' dir='ltr'>eiusdem</span> <span class='ocrx_word' id='word_1_159' title='bbox 2477 2322 2519 2361; x_wconf 90' lang='lat' dir='ltr'>in</span> 
     </span>
     <span class='ocr_line' id='line_1_19' title="bbox 585 2401 2522 2457; baseline -0.001 -14"><span class='ocrx_word' id='word_1_160' title='bbox 585 2402 785 2444; x_wconf 87' lang='lat' dir='ltr'>manibus</span> <span class='ocrx_word' id='word_1_161' title='bbox 820 2401 981 2444; x_wconf 85' lang='lat' dir='ltr'>nostris</span> <span class='ocrx_word' id='word_1_162' title='bbox 1013 2415 1127 2442; x_wconf 90' lang='lat' dir='ltr'>nunc</span> <span class='ocrx_word' id='word_1_163' title='bbox 1162 2404 1289 2443; x_wconf 85' lang='lat' dir='ltr'>vacat</span> <span class='ocrx_word' id='word_1_164' title='bbox 1325 2401 1578 2443; x_wconf 88' lang='lat' dir='ltr'>Tenendum</span> <span class='ocrx_word' id='word_1_165' title='bbox 1606 2401 1880 2457; x_wconf 88' lang='lat' dir='ltr'>gaudendum</span> <span class='ocrx_word' id='word_1_166' title='bbox 1908 2401 2113 2443; x_wconf 87' lang='lat' dir='ltr'>vtendum</span> <span class='ocrx_word' id='word_1_167' title='bbox 2142 2404 2187 2443; x_wconf 84' lang='lat' dir='ltr'>et</span> <span class='ocrx_word' id='word_1_168' title='bbox 2214 2402 2522 2457; x_wconf 88' lang='lat' dir='ltr'>possidendum</span> 
     </span>
     <span class='ocr_line' id='line_1_20' title="bbox 588 2480 2522 2536; baseline -0.001 -13"><span class='ocrx_word' id='word_1_169' title='bbox 588 2486 665 2523; x_wconf 84' lang='lat' dir='ltr'>aut</span> <span class='ocrx_word' id='word_1_170' title='bbox 699 2482 743 2522; x_wconf 91' lang='lat' dir='ltr'>in</span> <span class='ocrx_word' id='word_1_171' title='bbox 782 2480 1026 2522; x_wconf 85' lang='lat' dir='ltr'>feudifirma</span> <span class='ocrx_word' id='word_1_172' title='bbox 1065 2480 1339 2523; x_wconf 85' lang='lat' dir='ltr'>assedatione</span> <span class='ocrx_word' id='word_1_173' title='bbox 1381 2494 1458 2522; x_wconf 88' lang='lat' dir='ltr'>seu</span> <span class='ocrx_word' id='word_1_174' title='bbox 1497 2480 1656 2522; x_wconf 87' lang='lat' dir='ltr'>rentali</span> <span class='ocrx_word' id='word_1_175' title='bbox 1695 2495 1774 2536; x_wconf 89' lang='lat' dir='ltr'>per</span> <span class='ocrx_word' id='word_1_176' title='bbox 1812 2480 1974 2522; x_wconf 89' lang='lat' dir='ltr'>dictum</span> <span class='ocrx_word' id='word_1_177' title='bbox 2014 2480 2310 2522; x_wconf 87' lang='lat' dir='ltr'>Alexandrum</span> <span class='ocrx_word' id='word_1_178' title='bbox 2350 2481 2403 2522; x_wconf 86' lang='lat' dir='ltr'>ad</span> <span class='ocrx_word' id='word_1_179' title='bbox 2446 2495 2522 2522; x_wconf 88' lang='lat' dir='ltr'>sue</span> 
     </span>
     <span class='ocr_line' id='line_1_21' title="bbox 588 2555 2524 2616; baseline 0.001 -16"><span class='ocrx_word' id='word_1_180' title='bbox 588 2561 756 2602; x_wconf 90' lang='lat' dir='ltr'>libitum</span> <span class='ocrx_word' id='word_1_181' title='bbox 794 2555 1032 2601; x_wconf 85' lang='lat' dir='ltr'>voluntatis</span> <span class='ocrx_word' id='word_1_182' title='bbox 1071 2559 1255 2601; x_wconf 89' lang='lat' dir='ltr'>durante</span> <span class='ocrx_word' id='word_1_183' title='bbox 1297 2559 1387 2602; x_wconf 83' lang='lat' dir='ltr'>vita</span> <span class='ocrx_word' id='word_1_184' title='bbox 1428 2574 1507 2601; x_wconf 86' lang='lat' dir='ltr'>sna</span> <span class='ocrx_word' id='word_1_185' title='bbox 1545 2559 1774 2601; x_wconf 89' lang='lat' dir='ltr'>locandum</span> <span class='ocrx_word' id='word_1_186' title='bbox 1817 2560 1926 2601; x_wconf 82' lang='lat' dir='ltr'>Cum</span> <span class='ocrx_word' id='word_1_187' title='bbox 1971 2560 2146 2615; x_wconf 89' lang='lat' dir='ltr'>speciali</span> <span class='ocrx_word' id='word_1_188' title='bbox 2186 2564 2404 2616; x_wconf 85' lang='lat' dir='ltr'>potestate</span> <span class='ocrx_word' id='word_1_189' title='bbox 2443 2561 2524 2603; x_wconf 89' lang='lat' dir='ltr'>sibi</span> 
     </span>
     <span class='ocr_line' id='line_1_22' title="bbox 588 2638 2519 2695; baseline 0 -14"><span class='ocrx_word' id='word_1_190' title='bbox 588 2640 789 2695; x_wconf 83' lang='lat' dir='ltr'>prosequi</span> <span class='ocrx_word' id='word_1_191' title='bbox 815 2653 894 2694; x_wconf 90' lang='lat' dir='ltr'>pro</span> <span class='ocrx_word' id='word_1_192' title='bbox 921 2638 1168 2680; x_wconf 88' lang='lat' dir='ltr'>reductione</span> <span class='ocrx_word' id='word_1_193' title='bbox 1199 2652 1551 2694; x_wconf 89' lang='lat' dir='ltr'>quorumcunque</span> <span class='ocrx_word' id='word_1_194' title='bbox 1578 2638 1801 2681; x_wconf 87' lang='lat' dir='ltr'>feudorum</span> <span class='ocrx_word' id='word_1_195' title='bbox 1834 2639 2068 2681; x_wconf 85' lang='lat' dir='ltr'>rentalium</span> <span class='ocrx_word' id='word_1_196' title='bbox 2092 2643 2170 2681; x_wconf 84' lang='lat' dir='ltr'>aut</span> <span class='ocrx_word' id='word_1_197' title='bbox 2196 2640 2519 2682; x_wconf 88' lang='lat' dir='ltr'>assedationum</span> 
     </span>
     <span class='ocr_line' id='line_1_23' title="bbox 590 2717 2521 2774; baseline 0.001 -15"><span class='ocrx_word' id='word_1_198' title='bbox 590 2719 640 2759; x_wconf 90' lang='lat' dir='ltr'>de</span> <span class='ocrx_word' id='word_1_199' title='bbox 660 2717 790 2760; x_wconf 84' lang='lat' dir='ltr'>terris</span> <span class='ocrx_word' id='word_1_200' title='bbox 811 2717 1002 2759; x_wconf 87' lang='lat' dir='ltr'>ecclesiis</span> <span class='ocrx_word' id='word_1_201' title='bbox 1024 2731 1101 2759; x_wconf 88' lang='lat' dir='ltr'>seu</span> <span class='ocrx_word' id='word_1_202' title='bbox 1120 2717 1281 2773; x_wconf 86' lang='lat' dir='ltr'>prediis</span> <span class='ocrx_word' id='word_1_203' title='bbox 1296 2717 1400 2759; x_wconf 90' lang='lat' dir='ltr'>dicti</span> <span class='ocrx_word' id='word_1_204' title='bbox 1416 2718 1690 2773; x_wconf 87' lang='lat' dir='ltr'>episcopatus</span> <span class='ocrx_word' id='word_1_205' title='bbox 1705 2718 1904 2774; x_wconf 83' lang='lat' dir='ltr'>perprius</span> <span class='ocrx_word' id='word_1_206' title='bbox 1922 2718 2161 2761; x_wconf 85' lang='lat' dir='ltr'>locatorum</span> <span class='ocrx_word' id='word_1_207' title='bbox 2178 2718 2223 2760; x_wconf 91' lang='lat' dir='ltr'>in</span> <span class='ocrx_word' id='word_1_208' title='bbox 2238 2719 2521 2762; x_wconf 85' lang='lat' dir='ltr'>diminutione</span> 
     </span>
     <span class='ocr_line' id='line_1_24' title="bbox 590 2797 2523 2854; baseline 0.001 -16"><span class='ocrx_word' id='word_1_209' title='bbox 590 2797 768 2839; x_wconf 84' lang='lat' dir='ltr'>rentalis</span> <span class='ocrx_word' id='word_1_210' title='bbox 800 2801 878 2839; x_wconf 90' lang='lat' dir='ltr'>aut</span> <span class='ocrx_word' id='word_1_211' title='bbox 908 2797 1018 2838; x_wconf 86' lang='lat' dir='ltr'>alias</span> <span class='ocrx_word' id='word_1_212' title='bbox 1051 2800 1202 2839; x_wconf 90' lang='lat' dir='ltr'>contra</span> <span class='ocrx_word' id='word_1_213' title='bbox 1231 2798 1335 2852; x_wconf 83' lang='lat' dir='ltr'>jura</span> <span class='ocrx_word' id='word_1_214' title='bbox 1358 2800 1455 2839; x_wconf 83' lang='lat' dir='ltr'>acta</span> <span class='ocrx_word' id='word_1_215' title='bbox 1491 2801 1537 2840; x_wconf 81' lang='lat' dir='ltr'>et</span> <span class='ocrx_word' id='word_1_216' title='bbox 1564 2801 1732 2840; x_wconf 84' lang='lat' dir='ltr'>statuta</span> <span class='ocrx_word' id='word_1_217' title='bbox 1763 2798 1948 2853; x_wconf 89' lang='lat' dir='ltr'>desuper</span> <span class='ocrx_word' id='word_1_218' title='bbox 1983 2798 2178 2840; x_wconf 84' lang='lat' dir='ltr'>confecta</span> <span class='ocrx_word' id='word_1_219' title='bbox 2200 2801 2279 2840; x_wconf 86' lang='lat' dir='ltr'>aut</span> <span class='ocrx_word' id='word_1_220' title='bbox 2312 2813 2390 2854; x_wconf 89' lang='lat' dir='ltr'>pro</span> <span class='ocrx_word' id='word_1_221' title='bbox 2423 2813 2523 2840; x_wconf 91' lang='lat' dir='ltr'>con-</span> 
     </span>
     <span class='ocr_line' id='line_1_25' title="bbox 591 2876 2522 2932; baseline 0.001 -14"><span class='ocrx_word' id='word_1_222' title='bbox 591 2876 862 2918; x_wconf 85' lang='lat' dir='ltr'>trauentione</span> <span class='ocrx_word' id='word_1_223' title='bbox 899 2880 944 2918; x_wconf 83' lang='lat' dir='ltr'>et</span> <span class='ocrx_word' id='word_1_224' title='bbox 978 2891 1065 2918; x_wconf 91' lang='lat' dir='ltr'>non</span> <span class='ocrx_word' id='word_1_225' title='bbox 1100 2876 1427 2932; x_wconf 85' lang='lat' dir='ltr'>perimpletione</span> <span class='ocrx_word' id='word_1_226' title='bbox 1459 2876 1753 2919; x_wconf 87' lang='lat' dir='ltr'>conditionum</span> <span class='ocrx_word' id='word_1_227' title='bbox 1788 2881 1832 2919; x_wconf 86' lang='lat' dir='ltr'>et</span> <span class='ocrx_word' id='word_1_228' title='bbox 1871 2876 2166 2932; x_wconf 88' lang='lat' dir='ltr'>prouisionum</span> <span class='ocrx_word' id='word_1_229' title='bbox 2200 2878 2431 2919; x_wconf 88' lang='lat' dir='ltr'>eorundem</span> <span class='ocrx_word' id='word_1_230' title='bbox 2468 2880 2522 2919; x_wconf 91' lang='lat' dir='ltr'>ob</span> 
     </span>
     <span class='ocr_line' id='line_1_26' title="bbox 592 2955 2524 3011; baseline 0.001 -14"><span class='ocrx_word' id='word_1_231' title='bbox 592 2957 705 3011; x_wconf 89' lang='lat' dir='ltr'>quod</span> <span class='ocrx_word' id='word_1_232' title='bbox 726 2956 842 2998; x_wconf 90' lang='lat' dir='ltr'>dicta</span> <span class='ocrx_word' id='word_1_233' title='bbox 861 2956 1053 2997; x_wconf 85' lang='lat' dir='ltr'>reductio</span> <span class='ocrx_word' id='word_1_234' title='bbox 1071 2956 1191 3011; x_wconf 91' lang='lat' dir='ltr'>sequi</span> <span class='ocrx_word' id='word_1_235' title='bbox 1211 2959 1358 3011; x_wconf 90' lang='lat' dir='ltr'>potest</span> <span class='ocrx_word' id='word_1_236' title='bbox 1371 2956 1568 2998; x_wconf 86' lang='lat' dir='ltr'>Acetiam</span> <span class='ocrx_word' id='word_1_237' title='bbox 1585 2970 1681 2997; x_wconf 92' lang='lat' dir='ltr'>cum</span> <span class='ocrx_word' id='word_1_238' title='bbox 1702 2959 1919 3011; x_wconf 83' lang='lat' dir='ltr'>potestate</span> <span class='ocrx_word' id='word_1_239' title='bbox 1935 2956 2161 3011; x_wconf 83' lang='lat' dir='ltr'>disponere</span> <span class='ocrx_word' id='word_1_240' title='bbox 2182 2955 2298 2997; x_wconf 88' lang='lat' dir='ltr'>dicta</span> <span class='ocrx_word' id='word_1_241' title='bbox 2317 2957 2524 2998; x_wconf 82' lang='lat' dir='ltr'>beneficia</span> 
     </span>
     <span class='ocr_line' id='line_1_27' title="bbox 592 3034 2523 3091; baseline 0.001 -15"><span class='ocrx_word' id='word_1_242' title='bbox 592 3037 707 3077; x_wconf 87' lang='lat' dir='ltr'>intra</span> <span class='ocrx_word' id='word_1_243' title='bbox 728 3034 929 3077; x_wconf 87' lang='lat' dir='ltr'>diocesim</span> <span class='ocrx_word' id='word_1_244' title='bbox 949 3035 1147 3090; x_wconf 87' lang='lat' dir='ltr'>perprius</span> <span class='ocrx_word' id='word_1_245' title='bbox 1167 3035 1439 3091; x_wconf 86' lang='lat' dir='ltr'>dispositioni</span> <span class='ocrx_word' id='word_1_246' title='bbox 1456 3035 1753 3091; x_wconf 89' lang='lat' dir='ltr'>episcoporum</span> <span class='ocrx_word' id='word_1_247' title='bbox 1774 3035 2037 3090; x_wconf 85' lang='lat' dir='ltr'>pertinentia</span> <span class='ocrx_word' id='word_1_248' title='bbox 2058 3034 2184 3077; x_wconf 88' lang='lat' dir='ltr'>sicuti</span> <span class='ocrx_word' id='word_1_249' title='bbox 2201 3035 2350 3077; x_wconf 90' lang='lat' dir='ltr'>eadem</span> <span class='ocrx_word' id='word_1_250' title='bbox 2368 3043 2523 3078; x_wconf 81' lang='lat' dir='ltr'>vacant</span> 
     </span>
     <span class='ocr_line' id='line_1_28' title="bbox 594 3113 2524 3170; baseline 0.002 -15"><span class='ocrx_word' id='word_1_251' title='bbox 594 3118 671 3155; x_wconf 80' lang='lat' dir='ltr'>aut</span> <span class='ocrx_word' id='word_1_252' title='bbox 700 3127 853 3155; x_wconf 86' lang='lat' dir='ltr'>vacare</span> <span class='ocrx_word' id='word_1_253' title='bbox 884 3114 1145 3169; x_wconf 86' lang='lat' dir='ltr'>contigerint</span> <span class='ocrx_word' id='word_1_254' title='bbox 1174 3118 1223 3156; x_wconf 89' lang='lat' dir='ltr'>ut</span> <span class='ocrx_word' id='word_1_255' title='bbox 1252 3114 1511 3170; x_wconf 87' lang='lat' dir='ltr'>premissum</span> <span class='ocrx_word' id='word_1_256' title='bbox 1541 3118 1609 3156; x_wconf 81' lang='lat' dir='ltr'>est</span> <span class='ocrx_word' id='word_1_257' title='bbox 1639 3113 1773 3156; x_wconf 84' lang='lat' dir='ltr'>Cuius</span> <span class='ocrx_word' id='word_1_258' title='bbox 1812 3114 2118 3169; x_wconf 87' lang='lat' dir='ltr'>dispositiones</span> <span class='ocrx_word' id='word_1_259' title='bbox 2148 3115 2380 3156; x_wconf 81' lang='lat' dir='ltr'>eorundem</span> <span class='ocrx_word' id='word_1_260' title='bbox 2411 3131 2524 3158; x_wconf 87' lang='lat' dir='ltr'>nunc</span> 
     </span>
     <span class='ocr_line' id='line_1_29' title="bbox 601 3192 2524 3251; baseline 0.002 -17"><span class='ocrx_word' id='word_1_261' title='bbox 601 3192 727 3234; x_wconf 87' lang='lat' dir='ltr'>sicuti</span> <span class='ocrx_word' id='word_1_262' title='bbox 751 3192 1082 3247; x_wconf 88' lang='lat' dir='ltr'>disponerentur</span> <span class='ocrx_word' id='word_1_263' title='bbox 1108 3207 1158 3235; x_wconf 88' lang='lat' dir='ltr'>ac</span> <span class='ocrx_word' id='word_1_264' title='bbox 1184 3197 1288 3235; x_wconf 90' lang='lat' dir='ltr'>tunc</span> <span class='ocrx_word' id='word_1_265' title='bbox 1322 3198 1453 3250; x_wconf 89' lang='lat' dir='ltr'>prout</span> <span class='ocrx_word' id='word_1_266' title='bbox 1486 3208 1654 3236; x_wconf 87' lang='lat' dir='ltr'>exnunc</span> <span class='ocrx_word' id='word_1_267' title='bbox 1690 3206 1770 3235; x_wconf 88' lang='lat' dir='ltr'>nos</span> <span class='ocrx_word' id='word_1_268' title='bbox 1805 3193 2041 3235; x_wconf 85' lang='lat' dir='ltr'>allocamus</span> <span class='ocrx_word' id='word_1_269' title='bbox 2076 3193 2340 3235; x_wconf 83' lang='lat' dir='ltr'>ratificamus</span> <span class='ocrx_word' id='word_1_270' title='bbox 2375 3199 2420 3236; x_wconf 89' lang='lat' dir='ltr'>et</span> <span class='ocrx_word' id='word_1_271' title='bbox 2449 3210 2524 3251; x_wconf 90' lang='lat' dir='ltr'>ap-</span> 
     </span>
     <span class='ocr_line' id='line_1_30' title="bbox 596 3271 2526 3329; baseline 0.004 -18"><span class='ocrx_word' id='word_1_272' title='bbox 596 3273 829 3327; x_wconf 85' lang='lat' dir='ltr'>probamus</span> <span class='ocrx_word' id='word_1_273' title='bbox 870 3271 915 3311; x_wconf 91' lang='lat' dir='ltr'>in</span> <span class='ocrx_word' id='word_1_274' title='bbox 955 3272 1153 3314; x_wconf 88' lang='lat' dir='ltr'>omnibus</span> <span class='ocrx_word' id='word_1_275' title='bbox 1191 3273 1461 3329; x_wconf 84' lang='lat' dir='ltr'>respectibus</span> <span class='ocrx_word' id='word_1_276' title='bbox 1500 3277 1545 3315; x_wconf 86' lang='lat' dir='ltr'>et</span> <span class='ocrx_word' id='word_1_277' title='bbox 1583 3273 1783 3315; x_wconf 86' lang='lat' dir='ltr'>volumus</span> <span class='ocrx_word' id='word_1_278' title='bbox 1824 3276 1873 3314; x_wconf 86' lang='lat' dir='ltr'>vt</span> <span class='ocrx_word' id='word_1_279' title='bbox 1911 3272 2057 3314; x_wconf 89' lang='lat' dir='ltr'>eedem</span> <span class='ocrx_word' id='word_1_280' title='bbox 2098 3272 2204 3314; x_wconf 85' lang='lat' dir='ltr'>adeo</span> <span class='ocrx_word' id='word_1_281' title='bbox 2245 3273 2442 3316; x_wconf 87' lang='lat' dir='ltr'>valibiles</span> <span class='ocrx_word' id='word_1_282' title='bbox 2481 3281 2526 3318; x_wconf 89' lang='lat' dir='ltr'>et</span> 
     </span>
     <span class='ocr_line' id='line_1_31' title="bbox 606 3351 2526 3409; baseline 0.002 -16"><span class='ocrx_word' id='word_1_283' title='bbox 606 3351 865 3393; x_wconf 88' lang='lat' dir='ltr'>sufficientes</span> <span class='ocrx_word' id='word_1_284' title='bbox 887 3351 1183 3394; x_wconf 85' lang='lat' dir='ltr'>obtentoribus</span> <span class='ocrx_word' id='word_1_285' title='bbox 1203 3357 1333 3396; x_wconf 88' lang='lat' dir='ltr'>erunt</span> <span class='ocrx_word' id='word_1_286' title='bbox 1351 3367 1402 3396; x_wconf 83' lang='lat' dir='ltr'>ac</span> <span class='ocrx_word' id='word_1_287' title='bbox 1425 3353 1462 3396; x_wconf 91' lang='lat' dir='ltr'>si</span> <span class='ocrx_word' id='word_1_288' title='bbox 1491 3367 1570 3409; x_wconf 90' lang='lat' dir='ltr'>per</span> <span class='ocrx_word' id='word_1_289' title='bbox 1589 3367 1669 3395; x_wconf 92' lang='lat' dir='ltr'>nos</span> <span class='ocrx_word' id='word_1_290' title='bbox 1688 3356 1767 3394; x_wconf 88' lang='lat' dir='ltr'>aut</span> <span class='ocrx_word' id='word_1_291' title='bbox 1785 3367 1863 3408; x_wconf 84' lang='lat' dir='ltr'>per</span> <span class='ocrx_word' id='word_1_292' title='bbox 1889 3352 2031 3395; x_wconf 88' lang='lat' dir='ltr'>bullas</span> <span class='ocrx_word' id='word_1_293' title='bbox 2051 3353 2096 3393; x_wconf 91' lang='lat' dir='ltr'>in</span> <span class='ocrx_word' id='word_1_294' title='bbox 2117 3352 2313 3394; x_wconf 85' lang='lat' dir='ltr'>Romana</span> <span class='ocrx_word' id='word_1_295' title='bbox 2333 3354 2452 3396; x_wconf 84' lang='lat' dir='ltr'>curia</span> <span class='ocrx_word' id='word_1_296' title='bbox 2472 3355 2526 3396; x_wconf 88' lang='lat' dir='ltr'>ad</span> 
     </span>
    </p>
   </div>
  </div>
 </body>
</html>
