3016 3958
308 1903 504 1950 XXIX.

526 647 599 701 52
1109 647 1400 702 GARTAE
1446 644 1943 700 ORIGINALES.

526 813 773 900 publicum*
804 837 1119 901 subscriptum
1157 837 1248 885 sibi
1286 837 1386 884 fieri
1425 835 1565 900 petiit
1606 833 1844 899 publicum
1887 833 2251 882 instrumentum
2289 861 2298 871 ·
2334 832 2465 881 Acta

526 926 717 974 fuerunt
763 926 851 974 hec
893 926 941 974 in
983 925 1193 989 capitulo
1240 924 1440 974 ecclesie
1485 923 1822 972 Brechinensis
1866 938 1991 971 anno
2037 922 2113 970 die
2151 950 2162 960 ·
2202 950 2211 960 ·
2250 950 2260 960 -
2297 923 2465 986 quibus

529 1029 670 1078 supra
707 1043 717 1052 ·
756 1014 1062 1064 Presentibus
1102 1013 1447 1062 venerabilibus
1488 1013 1600 1062 viris
1641 1012 1842 1061 dominis
1887 1012 1921 1060 J
1925 1012 2108 1060 ohanne
2152 1011 2349 1076 Knycht
2390 1026 2467 1059 ca-

528 1104 698 1151 nonico
735 1103 1044 1152 Brechinensi
1081 1107 1130 1151 et
1166 1106 1350 1151 rectore
1386 1103 1445 1150 de
1482 1102 1743 1165 Funewyn,
1781 1100 2057 1149 Alexandro
2089 1100 2268 1148 Thome
2291 1099 2468 1147 vicario

530 1193 588 1239 de
614 1193 942 1242 Strucathrow
965 1196 1014 1240 et
1037 1191 1224 1240 notario
1247 1191 1448 1256 publico,
1486 1190 1704 1240 Gilberto
1729 1189 1949 1239 Nicholai
1972 1189 2148 1238 vicario
2172 1189 2230 1236 de
2256 1188 2468 1236 Aufurde

531 1282 882 1330 Aberdonensis
919 1281 1136 1330 dioecesis
1173 1286 1222 1329 et
1259 1281 1293 1327 J
1298 1281 1482 1328 ohanne
1508 1278 1739 1327 Willelmi
1775 1278 2021 1343 capellano
2045 1294 2151 1326 cum
2176 1276 2340 1325 multis
2362 1276 2469 1324 aliis

529 1371 733 1420 testibus
771 1399 780 1409 ·
821 1399 831 1409 ·
871 1399 880 1408 ·

600 1460 665 1508 Et
703 1476 790 1523 ego
828 1460 1064 1509 Patricius
1102 1459 1321 1508 Nicholai
1359 1459 1594 1523 presbiter
1631 1458 1965 1506 Brechinensis
2001 1456 2230 1520 dyoecesis
2253 1455 2468 1520 publicus

530 1549 789 1597 autoritate
813 1548 1046 1613 imperiali
1071 1549 1284 1598 notarius
1322 1577 1331 1586 ·
1371 1577 1381 1586 ·
1420 1576 1431 1587 -

534 1750 706 1798 Pensio
731 1750 788 1797 de
815 1749 1057 1798 Lethnoth
1098 1778 1107 1788 ·
1147 1750 1311 1798 Tertia
1334 1749 1503 1798 citatio
1543 1778 1552 1787 ·

542 1871 620 1953 In
661 1907 847 1954 nomine
891 1906 1086 1954 Domini
1111 1907 1265 1954 Arnen
1304 1934 1313 1944 ·
1351 1906 1491 1953 Anno
1531 1903 1882 1953 Incarnationis
1921 1903 2172 1952 Dominice
2220 1901 2468 1950 millesimo

531 1995 992 2059 quadringentesimo
1023 1995 1431 2059 tricesimoquinto
1467 1994 1724 2042 secundum
1760 2008 1946 2042 cursum
1983 1996 2032 2040 et
2068 1992 2468 2055 computationem

532 2084 747 2132 Ecclesie
796 2083 1047 2132 Scoticane
1095 2083 1269 2132 mensis
1315 2099 1426 2131 vero
1473 2081 1721 2131 Februarii
1769 2081 1844 2128 die
1891 2081 2150 2135 vndecima,
2199 2080 2468 2127 Indictione

530 2173 885 2236 decimaquarta
910 2172 1220 2220 Pontificatus
1258 2200 1268 2209 ·
1308 2199 1319 2209 ·
1359 2199 1368 2209 ·
1406 2171 1607 2234 Eugenii
1648 2199 1658 2208 ·
1698 2199 1707 2208 ·
1747 2198 1757 2207 ·
1795 2171 1924 2234 Pape
1961 2169 2119 2233 quarti
2154 2185 2278 2217 anno
2303 2168 2468 2232 quinto

531 2263 591 2309 In
615 2261 707 2309 mei
731 2261 904 2309 notarii
927 2260 1103 2324 publici
1143 2289 1152 2298 ·
1193 2289 1201 2298 -
1242 2288 1252 2298 ·
1289 2275 1449 2308 coram
1475 2259 1737 2307 reuerendo
1774 2258 1823 2306 in
1863 2258 2054 2307 Christo
2078 2262 2213 2321 patre
2247 2257 2468 2305 Johanne

533 2350 775 2413 Episcopo
812 2349 1121 2397 Brechinensi
1158 2348 1204 2396 in
1241 2348 1346 2397 loco
1381 2347 1632 2412 capitulari
1668 2348 1716 2395 in
1754 2347 1928 2395 iudicio
1965 2348 2160 2396 sedente
2203 2347 2468 2410 comparuit

535 2438 767 2500 Magister
815 2437 1058 2485 Robertus
1104 2438 1162 2484 de
1212 2437 1424 2501 Hoprew
1473 2440 1756 2501 procurator
1794 2465 1803 2475 ·
1843 2464 1854 2474 ·
1893 2465 1903 2474 -
1941 2436 2058 2485 dicti
2097 2465 2107 2474 ·
2146 2465 2156 2474 -
2195 2471 2205 2481 .
2243 2436 2468 2500 Episcopi

535 2526 868 2574 Brechinensis
902 2541 960 2573 ac
983 2525 1183 2589 capituli
1206 2525 1417 2574 eiusdem
1441 2529 1490 2574 et
1514 2526 1750 2589 quandam
1774 2525 2018 2574 citationis
2041 2525 2256 2574 cedulam
2281 2541 2311 2573 a
2335 2526 2465 2575 dicto

536 2614 794 2662 reuerendo
830 2618 967 2677 patre
1002 2618 1270 2662 emanatam
1307 2614 1455 2678 ipsius
1492 2613 1645 2678 sigillo
1683 2615 1887 2662 rotundo
1923 2613 2177 2677 sigillatam
2216 2643 2226 2652 -
2266 2642 2275 2652 ·
2315 2642 2325 2652 ·
2361 2631 2467 2679 pro-

537 2703 673 2751 duxit
710 2730 722 2740 ·
745 2710 770 2740 '·
810 2731 819 2740 ·
855 2707 994 2751 tenor
1015 2719 1127 2751 vero
1164 2731 1175 2741 ·
1213 2731 1224 2741 ·
1263 2731 1273 2741 ·
1308 2702 1421 2752 talis
1456 2707 1529 2752 est
1567 2730 1578 2741 ·
1613 2703 1648 2749 J
1652 2703 1861 2752 ohannes
1898 2730 1908 2741 ·
1948 2731 1959 2740 -
1998 2731 2008 2740 ·
2047 2703 2313 2767 Episcopus
2351 2704 2467 2752 Bre-

535 2791 772 2839 chinensis
795 2790 1040 2854 capellano
1063 2790 1347 2854 parrochiali
1372 2791 1602 2847 eiusdem,
1641 2796 1691 2839 et
1728 2791 1906 2840 vicario
1929 2791 2129 2840 ecclesie
2164 2792 2223 2839 de
2261 2791 2470 2841 Lethnot

533 2895 615 2927 seu
641 2880 901 2943 cuicunque
925 2878 1065 2927 alteri
1089 2879 1212 2927 infra
1235 2883 1446 2929 nostram
1483 2879 1720 2928 dioecesim
1759 2880 1922 2928 diuina
1958 2879 2231 2935 celebranti,
2267 2880 2467 2929 salutem

535 2996 544 3006 ·
584 2994 594 3006 ·
634 2996 644 3005 ·
681 2969 806 3022 Quia
828 2967 922 3015 iam
945 2967 1058 3015 bina
1080 2967 1181 3015 vice
1208 2967 1441 3031 Magister
1465 2967 1631 3016 Dauid
1656 2969 1715 3016 de
1740 2967 1910 3031 Ogilvy
1933 2972 2091 3016 rector
2113 2967 2312 3017 ecclesie
2335 2973 2469 3018 ante-

534 3056 660 3104 dicte
683 3070 865 3103 necnon
889 3071 1053 3104 omnes
1075 3055 1157 3103 alii
1195 3084 1205 3094 ·
1245 3085 1255 3094 ·
1295 3084 1305 3094 ·
1342 3057 1401 3104 de
1424 3060 1588 3105 nostro
1612 3057 1839 3104 mandato
1860 3055 2072 3119 legitime
2096 3056 2234 3104 citati
2257 3057 2318 3104 ad
2342 3072 2469 3106 com-

535 3145 793 3207 parendum
819 3159 976 3191 coram
1000 3144 1138 3193 nobis
1160 3145 1305 3194 certis
1328 3145 1404 3192 die
1429 3148 1478 3193 et
1501 3143 1608 3192 loco
1631 3144 1810 3192 eisdem
1833 3143 2086 3207 assignatis
2107 3144 2169 3192 ad
2191 3144 2466 3194 instantiam

537 3232 716 3281 domini
738 3232 771 3278 J
776 3231 974 3280 ohannis
1000 3232 1104 3279 Liel
1125 3232 1410 3280 thezaurarii
1444 3236 1606 3280 nostre
1640 3231 1840 3280 ecclesie
1877 3259 1888 3270 ·
1930 3259 1941 3270 ·
1980 3259 1990 3270 ·
2026 3233 2292 3296 responsuri
2326 3249 2467 3298 super

538 3327 670 3370 certa
702 3323 927 3386 pensione
965 3337 1123 3370 annua
1157 3321 1322 3385 viginti
1358 3325 1467 3370 octo
1504 3335 1766 3370 marcarum
1801 3321 1938 3370 nobis
1974 3325 2024 3370 et
2061 3321 2271 3385 capitulo
2302 3327 2464 3372 nostro
