<?xml version="1.0" encoding="UTF-8"?>
<!DOCTYPE html PUBLIC "-//W3C//DTD XHTML 1.0 Transitional//EN"
    "http://www.w3.org/TR/xhtml1/DTD/xhtml1-transitional.dtd">
<html xmlns="http://www.w3.org/1999/xhtml" xml:lang="en" lang="en">
 <head>
  <title>
</title>
<meta http-equiv="Content-Type" content="text/html;charset=utf-8" />
  <meta name='ocr-system' content='tesseract 3.04.00' />
  <meta name='ocr-capabilities' content='ocr_page ocr_carea ocr_par ocr_line ocrx_word'/>
</head>
<body>
  <div class='ocr_page' id='page_1' title='image "./registrumepiscop02brecuoft_0247.png"; bbox 0 0 3016 3958; ppageno 0'>
   <div class='ocr_carea' id='block_1_1' title="bbox 350 1364 548 1412">
    <p class='ocr_par' dir='ltr' id='par_1_1' title="bbox 350 1364 548 1412">
     <span class='ocr_line' id='line_1_1' title="bbox 350 1364 548 1412; baseline 0.005 -2"><span class='ocrx_word' id='word_1_1' title='bbox 350 1364 548 1412; x_wconf 86' lang='lat' dir='ltr'>CLXV.</span> 
     </span>
    </p>
   </div>
   <div class='ocr_carea' id='block_1_2' title="bbox 1130 636 2528 706">
    <p class='ocr_par' dir='ltr' id='par_1_2' title="bbox 1130 636 2528 706">
     <span class='ocr_line' id='line_1_2' title="bbox 1130 636 2528 706; baseline 0.011 -16"><span class='ocrx_word' id='word_1_2' title='bbox 1130 636 1422 692; x_wconf 81' lang='lat' dir='ltr'><strong>CARTAE</strong></span> <span class='ocrx_word' id='word_1_3' title='bbox 1469 639 1967 699; x_wconf 82' lang='lat' dir='ltr'><strong>ORIGINALES.</strong></span> <span class='ocrx_word' id='word_1_4' title='bbox 2418 651 2528 706; x_wconf 84' lang='lat'>233</span> 
     </span>
    </p>
   </div>
   <div class='ocr_carea' id='block_1_3' title="bbox 573 822 2520 1248">
    <p class='ocr_par' dir='ltr' id='par_1_3' title="bbox 573 822 2520 1248">
     <span class='ocr_line' id='line_1_3' title="bbox 578 822 2519 898; baseline 0.01 -29"><span class='ocrx_word' id='word_1_5' title='bbox 578 822 695 870; x_wconf 86' lang='lat' dir='ltr'>with</span> <span class='ocrx_word' id='word_1_6' title='bbox 722 824 804 871; x_wconf 88' lang='lat' dir='ltr'>the</span> <span class='ocrx_word' id='word_1_7' title='bbox 829 824 989 873; x_wconf 89' lang='lat' dir='ltr'>teinds</span> <span class='ocrx_word' id='word_1_8' title='bbox 1014 830 1145 874; x_wconf 89' lang='lat' dir='ltr'>rents</span> <span class='ocrx_word' id='word_1_9' title='bbox 1168 828 1263 874; x_wconf 91' lang='lat' dir='ltr'>and</span> <span class='ocrx_word' id='word_1_10' title='bbox 1289 828 1602 878; x_wconf 87' lang='lat' dir='ltr'>emoluments</span> <span class='ocrx_word' id='word_1_11' title='bbox 1634 831 1825 880; x_wconf 83' lang='lat' dir='ltr'>thereos</span> <span class='ocrx_word' id='word_1_12' title='bbox 1852 833 1982 898; x_wconf 87' lang='lat' dir='ltr'>lying</span> <span class='ocrx_word' id='word_1_13' title='bbox 2016 836 2182 883; x_wconf 80' lang='lat' dir='ltr'>within</span> <span class='ocrx_word' id='word_1_14' title='bbox 2218 839 2299 886; x_wconf 89' lang='lat' dir='ltr'>the</span> <span class='ocrx_word' id='word_1_15' title='bbox 2336 839 2519 888; x_wconf 84' lang='lat' dir='ltr'>diocese</span> 
     </span>
     <span class='ocr_line' id='line_1_4' title="bbox 578 913 2520 975; baseline 0.008 -15"><span class='ocrx_word' id='word_1_16' title='bbox 578 913 632 960; x_wconf 89' lang='lat' dir='ltr'>of</span> <span class='ocrx_word' id='word_1_17' title='bbox 913 916 1006 962; x_wconf 89' lang='lat' dir='ltr'>and</span> <span class='ocrx_word' id='word_1_18' title='bbox 1033 916 1302 963; x_wconf 89' lang='lat' dir='ltr'>sheriffdom</span> <span class='ocrx_word' id='word_1_19' title='bbox 1329 917 1383 964; x_wconf 91' lang='lat' dir='ltr'>of</span> <span class='ocrx_word' id='word_1_20' title='bbox 1661 922 1754 967; x_wconf 91' lang='lat' dir='ltr'>and</span> <span class='ocrx_word' id='word_1_21' title='bbox 1778 922 1885 970; x_wconf 87' lang='lat' dir='ltr'>that</span> <span class='ocrx_word' id='word_1_22' title='bbox 1909 923 1958 971; x_wconf 90' lang='lat' dir='ltr'>in</span> <span class='ocrx_word' id='word_1_23' title='bbox 1981 924 2146 972; x_wconf 88' lang='lat' dir='ltr'>favour</span> <span class='ocrx_word' id='word_1_24' title='bbox 2169 926 2223 972; x_wconf 90' lang='lat' dir='ltr'>of</span> <span class='ocrx_word' id='word_1_25' title='bbox 2245 925 2520 975; x_wconf 83' lang='lat' dir='ltr'>Alexander</span> 
     </span>
     <span class='ocr_line' id='line_1_5' title="bbox 577 1003 2518 1075; baseline 0.007 -25"><span class='ocrx_word' id='word_1_26' title='bbox 577 1003 901 1067; x_wconf 84' lang='lat' dir='ltr'>Levingstoun</span> <span class='ocrx_word' id='word_1_27' title='bbox 944 1021 1031 1054; x_wconf 93' lang='lat' dir='ltr'>son</span> <span class='ocrx_word' id='word_1_28' title='bbox 1068 1006 1122 1054; x_wconf 87' lang='lat' dir='ltr'>of</span> <span class='ocrx_word' id='word_1_29' title='bbox 1149 1006 1319 1054; x_wconf 87' lang='lat' dir='ltr'>James</span> <span class='ocrx_word' id='word_1_30' title='bbox 1353 1006 1671 1069; x_wconf 85' lang='lat' dir='ltr'>Levingstoun</span> <span class='ocrx_word' id='word_1_31' title='bbox 1708 1010 1761 1056; x_wconf 80' lang='lat' dir='ltr'>of</span> <span class='ocrx_word' id='word_1_32' title='bbox 1791 1011 1995 1068; x_wconf 83' lang='lat' dir='ltr'>Cadem3</span> <span class='ocrx_word' id='word_1_33' title='bbox 2030 1013 2192 1075; x_wconf 87' lang='lat' dir='ltr'>signed</span> <span class='ocrx_word' id='word_1_34' title='bbox 2231 1018 2282 1062; x_wconf 90' lang='lat' dir='ltr'>at</span> <span class='ocrx_word' id='word_1_35' title='bbox 2322 1014 2518 1063; x_wconf 90' lang='lat' dir='ltr'>Kilcon-</span> 
     </span>
     <span class='ocr_line' id='line_1_6' title="bbox 576 1093 2513 1164; baseline 0.007 -25"><span class='ocrx_word' id='word_1_36' title='bbox 576 1093 726 1156; x_wconf 90' lang='lat' dir='ltr'>quher</span> <span class='ocrx_word' id='word_1_37' title='bbox 748 1094 908 1142; x_wconf 88' lang='lat' dir='ltr'>before</span> <span class='ocrx_word' id='word_1_38' title='bbox 933 1095 1069 1144; x_wconf 87' lang='lat' dir='ltr'>these</span> <span class='ocrx_word' id='word_1_39' title='bbox 1088 1095 1337 1144; x_wconf 85' lang='lat' dir='ltr'>witnesses</span> <span class='ocrx_word' id='word_1_40' title='bbox 1359 1095 1545 1158; x_wconf 84' lang='lat' dir='ltr'>George</span> <span class='ocrx_word' id='word_1_41' title='bbox 1571 1096 1815 1161; x_wconf 86' lang='lat' dir='ltr'>Flemyng,</span> <span class='ocrx_word' id='word_1_42' title='bbox 1845 1100 2030 1164; x_wconf 84' lang='lat' dir='ltr'>George</span> <span class='ocrx_word' id='word_1_43' title='bbox 2056 1102 2396 1151; x_wconf 89' lang='lat' dir='ltr'>Abercrumbie</span> <span class='ocrx_word' id='word_1_44' title='bbox 2422 1107 2513 1152; x_wconf 91' lang='lat' dir='ltr'>and</span> 
     </span>
     <span class='ocr_line' id='line_1_7' title="bbox 573 1183 1775 1248; baseline 0.003 -18"><span class='ocrx_word' id='word_1_45' title='bbox 573 1183 767 1231; x_wconf 85' lang='lat' dir='ltr'>Johnne</span> <span class='ocrx_word' id='word_1_46' title='bbox 804 1185 985 1233; x_wconf 91' lang='lat' dir='ltr'>Ardess</span> <span class='ocrx_word' id='word_1_47' title='bbox 1021 1201 1290 1248; x_wconf 87' lang='lat' dir='ltr'>messenger</span> <span class='ocrx_word' id='word_1_48' title='bbox 1327 1212 1337 1222; x_wconf 90' lang='lat'><strong>·</strong></span> <span class='ocrx_word' id='word_1_49' title='bbox 1379 1186 1403 1231; x_wconf 97' lang='grc'>1</span> <span class='ocrx_word' id='word_1_50' title='bbox 1434 1184 1571 1248; x_wconf 89' lang='lat' dir='ltr'>April</span> <span class='ocrx_word' id='word_1_51' title='bbox 1596 1187 1724 1234; x_wconf 84' lang='lat'>1603</span> <span class='ocrx_word' id='word_1_52' title='bbox 1764 1205 1775 1224; x_wconf 53' lang='lat'>*-</span> 
     </span>
    </p>
   </div>
   <div class='ocr_carea' id='block_1_4' title="bbox 565 1323 2518 3450">
    <p class='ocr_par' dir='ltr' id='par_1_4' title="bbox 565 1323 2518 3450">
     <span class='ocr_line' id='line_1_8' title="bbox 577 1323 2518 1417; baseline 0.003 -16"><span class='ocrx_word' id='word_1_53' title='bbox 577 1323 758 1401; x_wconf 74' lang='lat' dir='ltr'>Carta</span> <span class='ocrx_word' id='word_1_54' title='bbox 782 1367 1007 1400; x_wconf 89' lang='lat' dir='ltr'>concessa</span> <span class='ocrx_word' id='word_1_55' title='bbox 1031 1369 1115 1415; x_wconf 88' lang='lat' dir='ltr'>per</span> <span class='ocrx_word' id='word_1_56' title='bbox 1137 1353 1171 1399; x_wconf 87' lang='lat' dir='ltr'><strong>J</strong></span> <span class='ocrx_word' id='word_1_57' title='bbox 1175 1353 1373 1400; x_wconf 86' lang='lat' dir='ltr'>acobum</span> <span class='ocrx_word' id='word_1_58' title='bbox 1403 1353 1615 1416; x_wconf 78' lang='lat' dir='ltr'>Ramsay</span> <span class='ocrx_word' id='word_1_59' title='bbox 1639 1353 1903 1402; x_wconf 89' lang='lat' dir='ltr'>ministrum</span> <span class='ocrx_word' id='word_1_60' title='bbox 1932 1357 2161 1417; x_wconf 80' lang='lat' dir='ltr'>evangelii</span> <span class='ocrx_word' id='word_1_61' title='bbox 2184 1358 2218 1404; x_wconf 85' lang='lat' dir='ltr'><strong>J</strong></span> <span class='ocrx_word' id='word_1_62' title='bbox 2223 1375 2304 1406; x_wconf 87' lang='lat' dir='ltr'>esu</span> <span class='ocrx_word' id='word_1_63' title='bbox 2344 1359 2518 1408; x_wconf 80' lang='lat' dir='ltr'><strong>Christi</strong></span> 
     </span>
     <span class='ocr_line' id='line_1_9' title="bbox 572 1441 2513 1510; baseline 0.005 -23"><span class='ocrx_word' id='word_1_64' title='bbox 572 1442 703 1504; x_wconf 88' lang='lat' dir='ltr'>apud</span> <span class='ocrx_word' id='word_1_65' title='bbox 749 1441 1031 1504; x_wconf 88' lang='lat' dir='ltr'>Tannadyss</span> <span class='ocrx_word' id='word_1_66' title='bbox 1078 1457 1184 1488; x_wconf 87' lang='lat' dir='ltr'>cum</span> <span class='ocrx_word' id='word_1_67' title='bbox 1233 1457 1467 1490; x_wconf 88' lang='lat' dir='ltr'>consensu</span> <span class='ocrx_word' id='word_1_68' title='bbox 1515 1443 1785 1491; x_wconf 88' lang='lat' dir='ltr'>Christinae</span> <span class='ocrx_word' id='word_1_69' title='bbox 1834 1444 2092 1508; x_wconf 86' lang='lat' dir='ltr'>Dempster</span> <span class='ocrx_word' id='word_1_70' title='bbox 2150 1463 2349 1510; x_wconf 81' lang='lat' dir='ltr'>sponsae</span> <span class='ocrx_word' id='word_1_71' title='bbox 2402 1465 2513 1497; x_wconf 86' lang='lat' dir='ltr'>suae</span> 
     </span>
     <span class='ocr_line' id='line_1_10' title="bbox 576 1530 2515 1600; baseline 0.004 -22"><span class='ocrx_word' id='word_1_72' title='bbox 576 1530 783 1593; x_wconf 84' lang='lat' dir='ltr'>Georgio</span> <span class='ocrx_word' id='word_1_73' title='bbox 810 1531 1029 1594; x_wconf 88' lang='lat' dir='ltr'>Symmer</span> <span class='ocrx_word' id='word_1_74' title='bbox 1053 1533 1111 1579; x_wconf 93' lang='lat' dir='ltr'>de</span> <span class='ocrx_word' id='word_1_75' title='bbox 1139 1531 1405 1596; x_wconf 88' lang='lat' dir='ltr'>Balzordye</span> <span class='ocrx_word' id='word_1_76' title='bbox 1431 1533 1714 1581; x_wconf 79' lang='lat' dir='ltr'>haeredibus</span> <span class='ocrx_word' id='word_1_77' title='bbox 1743 1534 1840 1582; x_wconf 88' lang='lat' dir='ltr'>suis</span> <span class='ocrx_word' id='word_1_78' title='bbox 1875 1538 1923 1582; x_wconf 84' lang='lat' dir='ltr'>et</span> <span class='ocrx_word' id='word_1_79' title='bbox 1960 1535 2211 1598; x_wconf 88' lang='lat' dir='ltr'>assignatis</span> <span class='ocrx_word' id='word_1_80' title='bbox 2235 1538 2515 1600; x_wconf 89' lang='lat' dir='ltr'>quibuscun-</span> 
     </span>
     <span class='ocr_line' id='line_1_11' title="bbox 572 1620 2514 1689; baseline 0.003 -21"><span class='ocrx_word' id='word_1_81' title='bbox 572 1638 662 1685; x_wconf 94' lang='lat' dir='ltr'>que</span> <span class='ocrx_word' id='word_1_82' title='bbox 688 1620 815 1669; x_wconf 92' lang='lat' dir='ltr'>illius</span> <span class='ocrx_word' id='word_1_83' title='bbox 840 1621 1098 1670; x_wconf 83' lang='lat' dir='ltr'>mansionis</span> <span class='ocrx_word' id='word_1_84' title='bbox 1124 1622 1233 1684; x_wconf 91' lang='lat' dir='ltr'>(No.</span> <span class='ocrx_word' id='word_1_85' title='bbox 1262 1621 1433 1681; x_wconf 90' lang='lat' dir='ltr'>CXL.)</span> <span class='ocrx_word' id='word_1_86' title='bbox 1460 1639 1580 1689; x_wconf 84' lang='lat' dir='ltr'>quae</span> <span class='ocrx_word' id='word_1_87' title='bbox 1605 1623 1682 1669; x_wconf 91' lang='lat' dir='ltr'>hic</span> <span class='ocrx_word' id='word_1_88' title='bbox 1718 1623 1788 1670; x_wconf 88' lang='lat' dir='ltr'>ita</span> <span class='ocrx_word' id='word_1_89' title='bbox 1812 1623 2057 1686; x_wconf 86' lang='lat' dir='ltr'>designata</span> <span class='ocrx_word' id='word_1_90' title='bbox 2081 1629 2180 1681; x_wconf 83' lang='lat' dir='ltr'>est3</span> <span class='ocrx_word' id='word_1_91' title='bbox 2218 1643 2359 1673; x_wconf 89' lang='lat' dir='ltr'>unum</span> <span class='ocrx_word' id='word_1_92' title='bbox 2384 1631 2514 1675; x_wconf 90' lang='lat' dir='ltr'>tene-</span> 
     </span>
     <span class='ocr_line' id='line_1_12' title="bbox 572 1714 2512 1775; baseline 0.004 -18"><span class='ocrx_word' id='word_1_93' title='bbox 572 1715 782 1758; x_wconf 89' lang='lat' dir='ltr'>mentum</span> <span class='ocrx_word' id='word_1_94' title='bbox 819 1715 977 1758; x_wconf 88' lang='lat' dir='ltr'>terrae</span> <span class='ocrx_word' id='word_1_95' title='bbox 1015 1714 1127 1758; x_wconf 88' lang='lat' dir='ltr'>ante</span> <span class='ocrx_word' id='word_1_96' title='bbox 1167 1714 1216 1758; x_wconf 88' lang='lat' dir='ltr'>et</span> <span class='ocrx_word' id='word_1_97' title='bbox 1255 1715 1383 1758; x_wconf 87' lang='lat' dir='ltr'>retro</span> <span class='ocrx_word' id='word_1_98' title='bbox 1423 1727 1605 1759; x_wconf 89' lang='lat' dir='ltr'>sursum</span> <span class='ocrx_word' id='word_1_99' title='bbox 1643 1715 1692 1759; x_wconf 88' lang='lat' dir='ltr'>et</span> <span class='ocrx_word' id='word_1_100' title='bbox 1727 1728 1870 1775; x_wconf 89' lang='lat' dir='ltr'>supra</span> <span class='ocrx_word' id='word_1_101' title='bbox 1906 1729 2011 1760; x_wconf 91' lang='lat' dir='ltr'>cum</span> <span class='ocrx_word' id='word_1_102' title='bbox 2049 1715 2264 1763; x_wconf 84' lang='lat' dir='ltr'>domibus</span> <span class='ocrx_word' id='word_1_103' title='bbox 2287 1717 2512 1764; x_wconf 85' lang='lat' dir='ltr'>aedificiis</span> 
     </span>
     <span class='ocr_line' id='line_1_13' title="bbox 569 1799 2506 1868; baseline 0.003 -21"><span class='ocrx_word' id='word_1_104' title='bbox 569 1801 722 1849; x_wconf 88' lang='lat' dir='ltr'>hortis</span> <span class='ocrx_word' id='word_1_105' title='bbox 758 1804 806 1848; x_wconf 86' lang='lat' dir='ltr'>et</span> <span class='ocrx_word' id='word_1_106' title='bbox 842 1799 1037 1863; x_wconf 83' lang='lat' dir='ltr'>singulis</span> <span class='ocrx_word' id='word_1_107' title='bbox 1071 1800 1169 1848; x_wconf 89' lang='lat' dir='ltr'>suis</span> <span class='ocrx_word' id='word_1_108' title='bbox 1203 1799 1460 1863; x_wconf 80' lang='lat' dir='ltr'>privilegiis</span> <span class='ocrx_word' id='word_1_109' title='bbox 1495 1805 1544 1848; x_wconf 87' lang='lat' dir='ltr'>et</span> <span class='ocrx_word' id='word_1_110' title='bbox 1580 1801 1878 1864; x_wconf 83' lang='lat' dir='ltr'>pertinentiis</span> <span class='ocrx_word' id='word_1_111' title='bbox 1913 1803 2265 1868; x_wconf 82' lang='lat' dir='ltr'>quibuscunque</span> <span class='ocrx_word' id='word_1_112' title='bbox 2309 1821 2506 1852; x_wconf 90' lang='lat' dir='ltr'>unacum</span> 
     </span>
     <span class='ocr_line' id='line_1_14' title="bbox 569 1889 2508 1954; baseline 0.002 -16"><span class='ocrx_word' id='word_1_113' title='bbox 569 1890 903 1954; x_wconf 81' lang='lat' dir='ltr'>superioritate</span> <span class='ocrx_word' id='word_1_114' title='bbox 940 1889 1067 1937; x_wconf 91' lang='lat' dir='ltr'>illius</span> <span class='ocrx_word' id='word_1_115' title='bbox 1102 1889 1337 1937; x_wconf 89' lang='lat' dir='ltr'>inferioris</span> <span class='ocrx_word' id='word_1_116' title='bbox 1373 1891 1540 1937; x_wconf 90' lang='lat' dir='ltr'>domus</span> <span class='ocrx_word' id='word_1_117' title='bbox 1574 1907 1635 1937; x_wconf 82' lang='lat' dir='ltr'>ex</span> <span class='ocrx_word' id='word_1_118' title='bbox 1671 1890 1891 1938; x_wconf 79' lang='lat' dir='ltr'>orientali</span> <span class='ocrx_word' id='word_1_119' title='bbox 1926 1891 2075 1939; x_wconf 87' lang='lat' dir='ltr'>latere</span> <span class='ocrx_word' id='word_1_120' title='bbox 2112 1893 2226 1941; x_wconf 85' lang='lat' dir='ltr'>dicti</span> <span class='ocrx_word' id='word_1_121' title='bbox 2251 1895 2508 1942; x_wconf 86' lang='lat' dir='ltr'>tenementi</span> 
     </span>
     <span class='ocr_line' id='line_1_15' title="bbox 572 1978 2506 2045; baseline 0.003 -19"><span class='ocrx_word' id='word_1_122' title='bbox 572 1978 692 2045; x_wconf 89' lang='lat' dir='ltr'>[illi]</span> <span class='ocrx_word' id='word_1_123' title='bbox 730 1979 994 2041; x_wconf 84' lang='lat' dir='ltr'>adjacentis</span> <span class='ocrx_word' id='word_1_124' title='bbox 1030 1979 1248 2041; x_wconf 76' lang='lat' dir='ltr'>contigue</span> <span class='ocrx_word' id='word_1_125' title='bbox 1285 1980 1616 2043; x_wconf 87' lang='lat' dir='ltr'>(quaequidem</span> <span class='ocrx_word' id='word_1_126' title='bbox 1655 1981 1823 2028; x_wconf 92' lang='lat' dir='ltr'>domus</span> <span class='ocrx_word' id='word_1_127' title='bbox 1857 1981 2064 2044; x_wconf 87' lang='lat' dir='ltr'>pertinet</span> <span class='ocrx_word' id='word_1_128' title='bbox 2100 1982 2412 2031; x_wconf 78' lang='lat' dir='ltr'>haereditarie</span> <span class='ocrx_word' id='word_1_129' title='bbox 2447 1985 2506 2031; x_wconf 87' lang='lat' dir='ltr'>ad</span> 
     </span>
     <span class='ocr_line' id='line_1_16' title="bbox 567 2068 2503 2130; baseline 0.001 -13"><span class='ocrx_word' id='word_1_130' title='bbox 567 2070 600 2116; x_wconf 89' lang='lat' dir='ltr'><strong>J</strong></span> <span class='ocrx_word' id='word_1_131' title='bbox 605 2070 837 2117; x_wconf 86' lang='lat' dir='ltr'>ohannem</span> <span class='ocrx_word' id='word_1_132' title='bbox 863 2069 1168 2128; x_wconf 86' lang='lat' dir='ltr'>Crawmond)</span> <span class='ocrx_word' id='word_1_133' title='bbox 1187 2069 1354 2130; x_wconf 86' lang='lat' dir='ltr'>jacens</span> <span class='ocrx_word' id='word_1_134' title='bbox 1380 2069 1503 2116; x_wconf 89' lang='lat' dir='ltr'>infra</span> <span class='ocrx_word' id='word_1_135' title='bbox 1527 2068 1782 2116; x_wconf 84' lang='lat' dir='ltr'>Civitatem</span> <span class='ocrx_word' id='word_1_136' title='bbox 1808 2070 1865 2116; x_wconf 91' lang='lat' dir='ltr'>de</span> <span class='ocrx_word' id='word_1_137' title='bbox 1892 2070 2098 2117; x_wconf 89' lang='lat' dir='ltr'>Brechin</span> <span class='ocrx_word' id='word_1_138' title='bbox 2135 2087 2195 2119; x_wconf 86' lang='lat' dir='ltr'>ex</span> <span class='ocrx_word' id='word_1_139' title='bbox 2220 2072 2503 2120; x_wconf 86' lang='lat' dir='ltr'>occidentali</span> 
     </span>
     <span class='ocr_line' id='line_1_17' title="bbox 567 2158 2505 2224; baseline 0.002 -19"><span class='ocrx_word' id='word_1_140' title='bbox 567 2159 717 2207; x_wconf 88' lang='lat' dir='ltr'>latere</span> <span class='ocrx_word' id='word_1_141' title='bbox 759 2159 969 2221; x_wconf 84' lang='lat' dir='ltr'>ejusdem</span> <span class='ocrx_word' id='word_1_142' title='bbox 1011 2158 1136 2205; x_wconf 90' lang='lat' dir='ltr'>inter</span> <span class='ocrx_word' id='word_1_143' title='bbox 1173 2161 1448 2205; x_wconf 86' lang='lat' dir='ltr'>tenementa</span> <span class='ocrx_word' id='word_1_144' title='bbox 1490 2159 1654 2206; x_wconf 88' lang='lat' dir='ltr'>domos</span> <span class='ocrx_word' id='word_1_145' title='bbox 1693 2162 1742 2206; x_wconf 91' lang='lat' dir='ltr'>et</span> <span class='ocrx_word' id='word_1_146' title='bbox 1779 2158 1944 2207; x_wconf 88' lang='lat' dir='ltr'>hortos</span> <span class='ocrx_word' id='word_1_147' title='bbox 1980 2159 2234 2207; x_wconf 86' lang='lat' dir='ltr'>haeredum</span> <span class='ocrx_word' id='word_1_148' title='bbox 2272 2163 2505 2224; x_wconf 87' lang='lat' dir='ltr'>quondam</span> 
     </span>
     <span class='ocr_line' id='line_1_18' title="bbox 566 2246 2505 2305; baseline 0.002 -10"><span class='ocrx_word' id='word_1_149' title='bbox 566 2248 803 2296; x_wconf 86' lang='lat' dir='ltr'>Johannis</span> <span class='ocrx_word' id='word_1_150' title='bbox 842 2247 1125 2296; x_wconf 87' lang='lat' dir='ltr'>Crawmond</span> <span class='ocrx_word' id='word_1_151' title='bbox 1164 2264 1225 2294; x_wconf 87' lang='lat' dir='ltr'>ex</span> <span class='ocrx_word' id='word_1_152' title='bbox 1265 2246 1486 2305; x_wconf 84' lang='lat' dir='ltr'>orientali</span> <span class='ocrx_word' id='word_1_153' title='bbox 1525 2248 1690 2295; x_wconf 91' lang='lat' dir='ltr'>domos</span> <span class='ocrx_word' id='word_1_154' title='bbox 1728 2251 1777 2295; x_wconf 88' lang='lat' dir='ltr'>et</span> <span class='ocrx_word' id='word_1_155' title='bbox 1814 2247 1978 2295; x_wconf 90' lang='lat' dir='ltr'>hortos</span> <span class='ocrx_word' id='word_1_156' title='bbox 2015 2248 2251 2298; x_wconf 89' lang='lat' dir='ltr'>Johannis</span> <span class='ocrx_word' id='word_1_157' title='bbox 2276 2251 2505 2299; x_wconf 85' lang='lat' dir='ltr'>Schewan</span> 
     </span>
     <span class='ocr_line' id='line_1_19' title="bbox 567 2336 2505 2401; baseline 0.001 -16"><span class='ocrx_word' id='word_1_158' title='bbox 567 2338 678 2386; x_wconf 92' lang='lat' dir='ltr'>olim</span> <span class='ocrx_word' id='word_1_159' title='bbox 716 2341 990 2401; x_wconf 88' lang='lat' dir='ltr'>nuncupata</span> <span class='ocrx_word' id='word_1_160' title='bbox 1027 2337 1090 2385; x_wconf 88' lang='lat' dir='ltr'>lie</span> <span class='ocrx_word' id='word_1_161' title='bbox 1131 2336 1420 2384; x_wconf 79' lang='lat' dir='ltr'>Chantouris</span> <span class='ocrx_word' id='word_1_162' title='bbox 1446 2353 1604 2384; x_wconf 87' lang='lat' dir='ltr'>manss</span> <span class='ocrx_word' id='word_1_163' title='bbox 1643 2352 1702 2382; x_wconf 85' lang='lat' dir='ltr'>ex</span> <span class='ocrx_word' id='word_1_164' title='bbox 1742 2336 2027 2384; x_wconf 88' lang='lat' dir='ltr'>occidentali</span> <span class='ocrx_word' id='word_1_165' title='bbox 2072 2339 2408 2386; x_wconf 84' lang='lat' dir='ltr'>coemeterium</span> <span class='ocrx_word' id='word_1_166' title='bbox 2448 2341 2505 2387; x_wconf 90' lang='lat' dir='ltr'>de</span> 
     </span>
     <span class='ocr_line' id='line_1_20' title="bbox 568 2425 2503 2488; baseline 0.001 -14"><span class='ocrx_word' id='word_1_167' title='bbox 568 2427 773 2475; x_wconf 89' lang='lat' dir='ltr'>Brechin</span> <span class='ocrx_word' id='word_1_168' title='bbox 820 2443 881 2474; x_wconf 84' lang='lat' dir='ltr'>ex</span> <span class='ocrx_word' id='word_1_169' title='bbox 927 2425 1126 2474; x_wconf 88' lang='lat' dir='ltr'>australi</span> <span class='ocrx_word' id='word_1_170' title='bbox 1168 2430 1216 2473; x_wconf 88' lang='lat' dir='ltr'>et</span> <span class='ocrx_word' id='word_1_171' title='bbox 1260 2442 1555 2473; x_wconf 88' lang='lat' dir='ltr'>communem</span> <span class='ocrx_word' id='word_1_172' title='bbox 1598 2426 1720 2472; x_wconf 84' lang='lat' dir='ltr'>viam</span> <span class='ocrx_word' id='word_1_173' title='bbox 1765 2426 1939 2488; x_wconf 86' lang='lat' dir='ltr'>regiam</span> <span class='ocrx_word' id='word_1_174' title='bbox 1983 2426 2140 2474; x_wconf 86' lang='lat' dir='ltr'>dictae</span> <span class='ocrx_word' id='word_1_175' title='bbox 2184 2426 2403 2476; x_wconf 86' lang='lat' dir='ltr'>Civitatis</span> <span class='ocrx_word' id='word_1_176' title='bbox 2443 2445 2503 2476; x_wconf 88' lang='lat' dir='ltr'>ex</span> 
     </span>
     <span class='ocr_line' id='line_1_21' title="bbox 565 2515 2502 2581; baseline 0 -16"><span class='ocrx_word' id='word_1_177' title='bbox 565 2516 744 2566; x_wconf 87' lang='lat' dir='ltr'>boreali</span> <span class='ocrx_word' id='word_1_178' title='bbox 769 2517 987 2581; x_wconf 88' lang='lat' dir='ltr'>partibus</span> <span class='ocrx_word' id='word_1_179' title='bbox 1010 2516 1069 2564; x_wconf 91' lang='lat' dir='ltr'>ab</span> <span class='ocrx_word' id='word_1_180' title='bbox 1095 2532 1189 2563; x_wconf 90' lang='lat' dir='ltr'>una</span> <span class='ocrx_word' id='word_1_181' title='bbox 1224 2520 1272 2563; x_wconf 88' lang='lat' dir='ltr'>et</span> <span class='ocrx_word' id='word_1_182' title='bbox 1309 2515 1416 2563; x_wconf 88' lang='lat' dir='ltr'>aliis</span> <span class='ocrx_word' id='word_1_183' title='bbox 1441 2519 1666 2580; x_wconf 85' lang='lat' dir='ltr'>(excepta</span> <span class='ocrx_word' id='word_1_184' title='bbox 1689 2519 1847 2563; x_wconf 89' lang='lat' dir='ltr'>tamen</span> <span class='ocrx_word' id='word_1_185' title='bbox 1873 2516 2162 2579; x_wconf 87' lang='lat' dir='ltr'>proprietate</span> <span class='ocrx_word' id='word_1_186' title='bbox 2186 2517 2502 2566; x_wconf 88' lang='lat' dir='ltr'>haereditaria</span> 
     </span>
     <span class='ocr_line' id='line_1_22' title="bbox 566 2604 2502 2665; baseline 0 -11"><span class='ocrx_word' id='word_1_187' title='bbox 566 2607 801 2655; x_wconf 89' lang='lat' dir='ltr'>inferioris</span> <span class='ocrx_word' id='word_1_188' title='bbox 825 2608 991 2654; x_wconf 90' lang='lat' dir='ltr'>domus</span> <span class='ocrx_word' id='word_1_189' title='bbox 1013 2605 1306 2665; x_wconf 80' lang='lat' dir='ltr'>antedictae)</span> <span class='ocrx_word' id='word_1_190' title='bbox 1345 2633 1356 2643; x_wconf 85' lang='lat'><strong>·</strong></span> <span class='ocrx_word' id='word_1_191' title='bbox 1397 2605 1663 2652; x_wconf 84' lang='lat' dir='ltr'>Reddendo</span> <span class='ocrx_word' id='word_1_192' title='bbox 1699 2605 1807 2651; x_wconf 90' lang='lat' dir='ltr'>inde</span> <span class='ocrx_word' id='word_1_193' title='bbox 1837 2604 2077 2651; x_wconf 89' lang='lat' dir='ltr'>annuatim</span> <span class='ocrx_word' id='word_1_194' title='bbox 2104 2606 2502 2654; x_wconf 86' lang='lat' dir='ltr'>commendatario</span> 
     </span>
     <span class='ocr_line' id='line_1_23' title="bbox 567 2693 2498 2759; baseline -0.001 -15"><span class='ocrx_word' id='word_1_195' title='bbox 567 2698 625 2744; x_wconf 88' lang='lat' dir='ltr'>de</span> <span class='ocrx_word' id='word_1_196' title='bbox 651 2695 903 2759; x_wconf 83' lang='lat' dir='ltr'>Dryburgb</span> <span class='ocrx_word' id='word_1_197' title='bbox 930 2694 1159 2758; x_wconf 87' lang='lat' dir='ltr'>superiori</span> <span class='ocrx_word' id='word_1_198' title='bbox 1185 2694 1395 2756; x_wconf 89' lang='lat' dir='ltr'>ejusdem</span> <span class='ocrx_word' id='word_1_199' title='bbox 1420 2694 1682 2742; x_wconf 89' lang='lat' dir='ltr'>tenementi</span> <span class='ocrx_word' id='word_1_200' title='bbox 1707 2697 1755 2740; x_wconf 88' lang='lat' dir='ltr'>et</span> <span class='ocrx_word' id='word_1_201' title='bbox 1781 2693 1879 2741; x_wconf 87' lang='lat' dir='ltr'>suis</span> <span class='ocrx_word' id='word_1_202' title='bbox 1903 2694 2248 2742; x_wconf 86' lang='lat' dir='ltr'>successoribus</span> <span class='ocrx_word' id='word_1_203' title='bbox 2271 2710 2498 2742; x_wconf 90' lang='lat' dir='ltr'>summam</span> 
     </span>
     <span class='ocr_line' id='line_1_24' title="bbox 826 2782 2499 2847; baseline 0 -16"><span class='ocrx_word' id='word_1_204' title='bbox 826 2787 1044 2831; x_wconf 86' lang='lat' dir='ltr'>monetae</span> <span class='ocrx_word' id='word_1_205' title='bbox 1070 2783 1263 2831; x_wconf 87' lang='lat' dir='ltr'>Scotiae</span> <span class='ocrx_word' id='word_1_206' title='bbox 1302 2811 1311 2820; x_wconf 93' lang='lat'><strong>·</strong></span> <span class='ocrx_word' id='word_1_207' title='bbox 1350 2783 1483 2831; x_wconf 90' lang='lat' dir='ltr'>Data</span> <span class='ocrx_word' id='word_1_208' title='bbox 1508 2799 1664 2830; x_wconf 89' lang='lat' dir='ltr'>coram</span> <span class='ocrx_word' id='word_1_209' title='bbox 1691 2783 1764 2830; x_wconf 91' lang='lat' dir='ltr'>his</span> <span class='ocrx_word' id='word_1_210' title='bbox 1786 2782 1988 2830; x_wconf 87' lang='lat' dir='ltr'>testibus</span> <span class='ocrx_word' id='word_1_211' title='bbox 2014 2782 2222 2830; x_wconf 82' lang='lat' dir='ltr'>Patricio</span> <span class='ocrx_word' id='word_1_212' title='bbox 2248 2784 2499 2847; x_wconf 84' lang='lat' dir='ltr'>Lyndesay</span> 
     </span>
     <span class='ocr_line' id='line_1_25' title="bbox 569 2870 2498 2936; baseline -0.001 -14"><span class='ocrx_word' id='word_1_213' title='bbox 569 2876 627 2922; x_wconf 91' lang='lat' dir='ltr'>de</span> <span class='ocrx_word' id='word_1_214' title='bbox 670 2873 998 2927; x_wconf 87' lang='lat' dir='ltr'>Barnezardis,</span> <span class='ocrx_word' id='word_1_215' title='bbox 1035 2872 1240 2935; x_wconf 86' lang='lat' dir='ltr'>Georgio</span> <span class='ocrx_word' id='word_1_216' title='bbox 1282 2872 1495 2935; x_wconf 89' lang='lat' dir='ltr'>Ramsay</span> <span class='ocrx_word' id='word_1_217' title='bbox 1536 2875 1710 2935; x_wconf 87' lang='lat' dir='ltr'>nepote</span> <span class='ocrx_word' id='word_1_218' title='bbox 1749 2870 1904 2918; x_wconf 89' lang='lat' dir='ltr'>David</span> <span class='ocrx_word' id='word_1_219' title='bbox 1947 2870 2114 2933; x_wconf 81' lang='lat' dir='ltr'>Lyoun</span> <span class='ocrx_word' id='word_1_220' title='bbox 2153 2872 2211 2919; x_wconf 91' lang='lat' dir='ltr'>de</span> <span class='ocrx_word' id='word_1_221' title='bbox 2252 2872 2498 2936; x_wconf 80' lang='lat' dir='ltr'>Balgillye,</span> 
     </span>
     <span class='ocr_line' id='line_1_26' title="bbox 567 2959 2498 3026; baseline -0.002 -14"><span class='ocrx_word' id='word_1_222' title='bbox 567 2965 756 3012; x_wconf 87' lang='lat' dir='ltr'>Joanne</span> <span class='ocrx_word' id='word_1_223' title='bbox 795 2964 1093 3026; x_wconf 89' lang='lat' dir='ltr'>Dunkysoun</span> <span class='ocrx_word' id='word_1_224' title='bbox 1151 2961 1479 3024; x_wconf 85' lang='lat' dir='ltr'>ludimagistro</span> <span class='ocrx_word' id='word_1_225' title='bbox 1526 2961 1651 3024; x_wconf 89' lang='lat' dir='ltr'>apud</span> <span class='ocrx_word' id='word_1_226' title='bbox 1699 2959 1978 3021; x_wconf 87' lang='lat' dir='ltr'>Tannadyss</span> <span class='ocrx_word' id='word_1_227' title='bbox 2025 2959 2180 3007; x_wconf 86' lang='lat' dir='ltr'>David</span> <span class='ocrx_word' id='word_1_228' title='bbox 2230 2961 2404 3024; x_wconf 86' lang='lat' dir='ltr'>Petrye</span> <span class='ocrx_word' id='word_1_229' title='bbox 2452 2962 2498 3008; x_wconf 90' lang='lat' dir='ltr'>in</span> 
     </span>
     <span class='ocr_line' id='line_1_27' title="bbox 569 3047 2494 3116; baseline -0.002 -16"><span class='ocrx_word' id='word_1_230' title='bbox 569 3053 875 3116; x_wconf 86' lang='lat' dir='ltr'>Tannadysse</span> <span class='ocrx_word' id='word_1_231' title='bbox 911 3056 960 3099; x_wconf 91' lang='lat' dir='ltr'>et</span> <span class='ocrx_word' id='word_1_232' title='bbox 997 3050 1155 3098; x_wconf 88' lang='lat' dir='ltr'>David</span> <span class='ocrx_word' id='word_1_233' title='bbox 1182 3050 1404 3098; x_wconf 90' lang='lat' dir='ltr'>Wilsoun</span> <span class='ocrx_word' id='word_1_234' title='bbox 1429 3049 1615 3097; x_wconf 84' lang='lat' dir='ltr'>notario</span> <span class='ocrx_word' id='word_1_235' title='bbox 1634 3047 1824 3111; x_wconf 93' lang='lat' dir='ltr'>publico</span> <span class='ocrx_word' id='word_1_236' title='bbox 1862 3075 1872 3084; x_wconf 92' lang='lat'><strong>·</strong></span> <span class='ocrx_word' id='word_1_237' title='bbox 1911 3047 1975 3093; x_wconf 88' lang='lat'>14</span> <span class='ocrx_word' id='word_1_238' title='bbox 2000 3047 2292 3110; x_wconf 85' lang='lat' dir='ltr'>Septembris</span> <span class='ocrx_word' id='word_1_239' title='bbox 2318 3050 2445 3097; x_wconf 87' lang='lat'>1603</span> <span class='ocrx_word' id='word_1_240' title='bbox 2485 3079 2494 3087; x_wconf 91' lang='lat'><strong>·</strong></span> 
     </span>
     <span class='ocr_line' id='line_1_28' title="bbox 886 3136 2362 3198; baseline -0.001 -10"><span class='ocrx_word' id='word_1_241' title='bbox 886 3140 972 3189; x_wconf 76' lang='lat' dir='ltr'>Sic</span> <span class='ocrx_word' id='word_1_242' title='bbox 993 3138 1292 3187; x_wconf 68' lang='lat' dir='ltr'>subscribitur</span> <span class='ocrx_word' id='word_1_243' title='bbox 1509 3139 1557 3184; x_wconf 87' lang='lat' dir='ltr'>J.</span> <span class='ocrx_word' id='word_1_244' title='bbox 1585 3138 1794 3198; x_wconf 87' lang='lat' dir='ltr'>Ramsay</span> <span class='ocrx_word' id='word_1_245' title='bbox 1818 3136 1931 3182; x_wconf 61' lang='lat' dir='ltr'>min*</span> <span class='ocrx_word' id='word_1_246' title='bbox 1959 3137 2012 3184; x_wconf 85' lang='lat' dir='ltr'>of</span> <span class='ocrx_word' id='word_1_247' title='bbox 2042 3137 2315 3192; x_wconf 74' lang='lat' dir='ltr'>Tannadess</span> <span class='ocrx_word' id='word_1_248' title='bbox 2353 3167 2362 3175; x_wconf 94' lang='lat'><strong>·</strong></span> 
     </span>
     <span class='ocr_line' id='line_1_29' title="bbox 1508 3225 2139 3287; baseline 0.002 -15"><span class='ocrx_word' id='word_1_249' title='bbox 1508 3227 1559 3272; x_wconf 78' lang='grc' dir='ltr'>Ρ.</span> <span class='ocrx_word' id='word_1_250' title='bbox 1586 3225 1875 3287; x_wconf 83' lang='lat' dir='ltr'>Barnyardis</span> <span class='ocrx_word' id='word_1_251' title='bbox 1898 3225 2092 3273; x_wconf 87' lang='lat' dir='ltr'>witness</span> <span class='ocrx_word' id='word_1_252' title='bbox 2129 3254 2139 3263; x_wconf 92' lang='lat'><strong>·</strong></span> 
     </span>
     <span class='ocr_line' id='line_1_30' title="bbox 1507 3314 2165 3376; baseline 0 -14"><span class='ocrx_word' id='word_1_253' title='bbox 1507 3317 1689 3376; x_wconf 83' lang='lat' dir='ltr'>George</span> <span class='ocrx_word' id='word_1_254' title='bbox 1716 3315 1926 3376; x_wconf 86' lang='lat' dir='ltr'>Ramsay</span> <span class='ocrx_word' id='word_1_255' title='bbox 1949 3314 2118 3362; x_wconf 88' lang='lat' dir='ltr'>witnes</span> <span class='ocrx_word' id='word_1_256' title='bbox 2156 3343 2165 3352; x_wconf 93' lang='lat'><strong>·</strong></span> 
     </span>
     <span class='ocr_line' id='line_1_31' title="bbox 1501 3402 2061 3450; baseline 0 -1"><span class='ocrx_word' id='word_1_257' title='bbox 1501 3404 1549 3449; x_wconf 86' lang='lat' dir='ltr'>J.</span> <span class='ocrx_word' id='word_1_258' title='bbox 1580 3402 1852 3450; x_wconf 86' lang='lat' dir='ltr'>Dunkisone</span> <span class='ocrx_word' id='word_1_259' title='bbox 1876 3402 2014 3450; x_wconf 86' lang='lat' dir='ltr'>testis</span> <span class='ocrx_word' id='word_1_260' title='bbox 2052 3430 2061 3439; x_wconf 91' lang='lat'><strong>·</strong></span> 
     </span>
    </p>
   </div>
   <div class='ocr_carea' id='block_1_5' title="bbox 1486 3492 1582 3555">
    <p class='ocr_par' dir='ltr' id='par_1_5' title="bbox 1486 3492 1582 3555">
     <span class='ocr_line' id='line_1_32' title="bbox 1486 3492 1582 3555; baseline 0.01 -1"><span class='ocrx_word' id='word_1_261' title='bbox 1486 3492 1582 3555; x_wconf 75' lang='lat'>29</span> 
     </span>
    </p>
   </div>
  </div>
 </body>
</html>
