<?xml version="1.0" encoding="UTF-8"?>
<!DOCTYPE html PUBLIC "-//W3C//DTD XHTML 1.0 Transitional//EN"
    "http://www.w3.org/TR/xhtml1/DTD/xhtml1-transitional.dtd">
<html xmlns="http://www.w3.org/1999/xhtml" xml:lang="en" lang="en">
 <head>
  <title>
</title>
<meta http-equiv="Content-Type" content="text/html;charset=utf-8" />
  <meta name='ocr-system' content='tesseract 3.04.00' />
  <meta name='ocr-capabilities' content='ocr_page ocr_carea ocr_par ocr_line ocrx_word'/>
</head>
<body>
  <div class='ocr_page' id='page_1' title='image "./registrumepiscop02brecuoft_0350.png"; bbox 0 0 3016 3958; ppageno 0'>
   <div class='ocr_carea' id='block_1_1' title="bbox 602 659 2075 721">
    <p class='ocr_par' dir='ltr' id='par_1_1' title="bbox 602 659 2075 721">
     <span class='ocr_line' id='line_1_1' title="bbox 602 659 2075 721; baseline -0.006 0"><span class='ocrx_word' id='word_1_1' title='bbox 602 667 712 721; x_wconf 84' lang='lat'><strong>336</strong></span> <span class='ocrx_word' id='word_1_2' title='bbox 1090 662 1406 718; x_wconf 85' lang='lat' dir='ltr'><strong>CARTAE</strong></span> <span class='ocrx_word' id='word_1_3' title='bbox 1446 660 1631 717; x_wconf 81' lang='lat' dir='ltr'>MISC</span> <span class='ocrx_word' id='word_1_4' title='bbox 1641 659 2075 715; x_wconf 86' lang='lat' dir='ltr'><strong>ELLANEAE.</strong></span> 
     </span>
    </p>
   </div>
   <div class='ocr_carea' id='block_1_2' title="bbox 384 911 2545 1618">
    <p class='ocr_par' dir='ltr' id='par_1_2' title="bbox 384 911 2545 1618">
     <span class='ocr_line' id='line_1_2' title="bbox 384 911 2542 979; baseline -0.003 -14"><span class='ocrx_word' id='word_1_5' title='bbox 384 922 580 965; x_wconf 85' lang='lat' dir='ltr'>CCOIII.</span> <span class='ocrx_word' id='word_1_6' title='bbox 609 911 874 979; x_wconf 77' lang='lat' dir='ltr'><strong>Preeeptum</strong></span> <span class='ocrx_word' id='word_1_7' title='bbox 905 925 1023 965; x_wconf 86' lang='lat' dir='ltr'><strong>carte</strong></span> <span class='ocrx_word' id='word_1_8' title='bbox 1053 921 1393 964; x_wconf 83' lang='lat' dir='ltr'><strong>confirmationis</strong></span> <span class='ocrx_word' id='word_1_9' title='bbox 1425 935 1554 977; x_wconf 89' lang='lat' dir='ltr'><strong>super</strong></span> <span class='ocrx_word' id='word_1_10' title='bbox 1587 924 1709 962; x_wconf 76' lang='lat' dir='ltr'><strong>carta</strong></span> <span class='ocrx_word' id='word_1_11' title='bbox 1731 919 1973 961; x_wconf 79' lang='lat' dir='ltr'><strong>feudffirme</strong></span> <span class='ocrx_word' id='word_1_12' title='bbox 1994 918 2110 961; x_wconf 84' lang='lat' dir='ltr'><strong>facta</strong></span> <span class='ocrx_word' id='word_1_13' title='bbox 2139 932 2216 974; x_wconf 82' lang='lat' dir='ltr'><strong>per</strong></span> <span class='ocrx_word' id='word_1_14' title='bbox 2246 917 2542 960; x_wconf 85' lang='lat' dir='ltr'><strong>Alexandrum</strong></span> 
     </span>
     <span class='ocr_line' id='line_1_3' title="bbox 604 1001 2544 1064; baseline -0.005 -14"><span class='ocrx_word' id='word_1_15' title='bbox 604 1008 852 1064; x_wconf 86' lang='lat' dir='ltr'><strong>episcopum</strong></span> <span class='ocrx_word' id='word_1_16' title='bbox 885 1006 1219 1048; x_wconf 85' lang='lat' dir='ltr'><strong>Brechinensem</strong></span> <span class='ocrx_word' id='word_1_17' title='bbox 1250 1019 1348 1047; x_wconf 89' lang='lat' dir='ltr'><strong>cum</strong></span> <span class='ocrx_word' id='word_1_18' title='bbox 1378 1018 1591 1047; x_wconf 87' lang='lat' dir='ltr'><strong>consensu</strong></span> <span class='ocrx_word' id='word_1_19' title='bbox 1624 1037 1634 1047; x_wconf 89' lang='lat'><strong>.</strong></span> <span class='ocrx_word' id='word_1_20' title='bbox 1667 1036 1676 1046; x_wconf 90' lang='lat'><strong>.</strong></span> <span class='ocrx_word' id='word_1_21' title='bbox 1709 1036 1720 1045; x_wconf 90' lang='lat'><strong>.</strong></span> <span class='ocrx_word' id='word_1_22' title='bbox 1752 1002 1902 1045; x_wconf 86' lang='lat' dir='ltr'><strong>decani</strong></span> <span class='ocrx_word' id='word_1_23' title='bbox 1933 1006 1978 1044; x_wconf 86' lang='lat' dir='ltr'><strong>et</strong></span> <span class='ocrx_word' id='word_1_24' title='bbox 1998 1001 2176 1058; x_wconf 84' lang='lat' dir='ltr'><strong>capituli</strong></span> <span class='ocrx_word' id='word_1_25' title='bbox 2197 1001 2375 1044; x_wconf 82' lang='lat' dir='ltr'>ecclesie</span> <span class='ocrx_word' id='word_1_26' title='bbox 2398 1001 2544 1043; x_wconf 82' lang='lat' dir='ltr'><strong>cathe-</strong></span> 
     </span>
     <span class='ocr_line' id='line_1_4' title="bbox 603 1080 2544 1140; baseline -0.005 -11"><span class='ocrx_word' id='word_1_27' title='bbox 603 1087 738 1129; x_wconf 83' lang='lat' dir='ltr'><strong>dralis</strong></span> <span class='ocrx_word' id='word_1_28' title='bbox 787 1085 1092 1128; x_wconf 87' lang='lat' dir='ltr'><strong>Brechinensis</strong></span> <span class='ocrx_word' id='word_1_29' title='bbox 1132 1084 1349 1140; x_wconf 86' lang='lat' dir='ltr'><strong>quondam</strong></span> <span class='ocrx_word' id='word_1_30' title='bbox 1401 1083 1590 1126; x_wconf 85' lang='lat' dir='ltr'><strong>Oristine</strong></span> <span class='ocrx_word' id='word_1_31' title='bbox 1641 1083 1828 1138; x_wconf 85' lang='lat' dir='ltr'><strong>Rattray</strong></span> <span class='ocrx_word' id='word_1_32' title='bbox 1878 1082 2027 1124; x_wconf 86' lang='lat' dir='ltr'><strong>relicte</strong></span> <span class='ocrx_word' id='word_1_33' title='bbox 2077 1081 2294 1137; x_wconf 85' lang='lat' dir='ltr'><strong>quondam</strong></span> <span class='ocrx_word' id='word_1_34' title='bbox 2344 1080 2544 1136; x_wconf 84' lang='lat' dir='ltr'><strong>magistri</strong></span> 
     </span>
     <span class='ocr_line' id='line_1_5' title="bbox 603 1159 2542 1221; baseline -0.005 -12"><span class='ocrx_word' id='word_1_35' title='bbox 603 1166 806 1221; x_wconf 80' lang='lat' dir='ltr'><strong>Hugonis</strong></span> <span class='ocrx_word' id='word_1_36' title='bbox 837 1165 1020 1207; x_wconf 85' lang='lat' dir='ltr'><strong>Guthrie</strong></span> <span class='ocrx_word' id='word_1_37' title='bbox 1040 1164 1085 1206; x_wconf 90' lang='lat' dir='ltr'><strong>in</strong></span> <span class='ocrx_word' id='word_1_38' title='bbox 1109 1163 1229 1206; x_wconf 89' lang='lat' dir='ltr'><strong>vitali</strong></span> <span class='ocrx_word' id='word_1_39' title='bbox 1261 1163 1433 1206; x_wconf 89' lang='lat' dir='ltr'><strong>redditu</strong></span> <span class='ocrx_word' id='word_1_40' title='bbox 1465 1195 1475 1205; x_wconf 94' lang='lat'>.</span> <span class='ocrx_word' id='word_1_41' title='bbox 1509 1196 1518 1206; x_wconf 89' lang='lat'><strong><em>.</em></strong></span> <span class='ocrx_word' id='word_1_42' title='bbox 1551 1195 1562 1206; x_wconf 84' lang='lat'><strong>.</strong></span> <span class='ocrx_word' id='word_1_43' title='bbox 1594 1166 1640 1205; x_wconf 89' lang='lat' dir='ltr'><strong>et</strong></span> <span class='ocrx_word' id='word_1_44' title='bbox 1670 1162 1860 1205; x_wconf 87' lang='lat' dir='ltr'><strong>Patricio</strong></span> <span class='ocrx_word' id='word_1_45' title='bbox 1894 1161 2077 1204; x_wconf 87' lang='lat' dir='ltr'><strong>Guthrie</strong></span> <span class='ocrx_word' id='word_1_46' title='bbox 2099 1160 2187 1203; x_wconf 89' lang='lat' dir='ltr'><strong>filio</strong></span> <span class='ocrx_word' id='word_1_47' title='bbox 2218 1160 2330 1202; x_wconf 88' lang='lat' dir='ltr'><strong>dicte</strong></span> <span class='ocrx_word' id='word_1_48' title='bbox 2354 1159 2542 1202; x_wconf 85' lang='lat' dir='ltr'><strong>Cristine</strong></span> 
     </span>
     <span class='ocr_line' id='line_1_6' title="bbox 601 1239 2543 1299; baseline -0.004 -11"><span class='ocrx_word' id='word_1_49' title='bbox 601 1246 832 1288; x_wconf 84' lang='lat' dir='ltr'><strong>heredibus</strong></span> <span class='ocrx_word' id='word_1_50' title='bbox 865 1245 955 1287; x_wconf 83' lang='lat' dir='ltr'><strong>suis</strong></span> <span class='ocrx_word' id='word_1_51' title='bbox 987 1247 1030 1287; x_wconf 86' lang='lat' dir='ltr'><strong>et</strong></span> <span class='ocrx_word' id='word_1_52' title='bbox 1061 1243 1299 1299; x_wconf 86' lang='lat' dir='ltr'><strong>assignatis</strong></span> <span class='ocrx_word' id='word_1_53' title='bbox 1334 1243 1595 1285; x_wconf 77' lang='lat' dir='ltr'><strong>hereditarie</strong></span> <span class='ocrx_word' id='word_1_54' title='bbox 1631 1243 1683 1284; x_wconf 87' lang='lat' dir='ltr'><strong>de</strong></span> <span class='ocrx_word' id='word_1_55' title='bbox 1716 1274 1726 1284; x_wconf 87' lang='lat'><strong>.</strong></span> <span class='ocrx_word' id='word_1_56' title='bbox 1760 1275 1769 1284; x_wconf 90' lang='lat'><em>.</em></span> <span class='ocrx_word' id='word_1_57' title='bbox 1802 1274 1811 1284; x_wconf 90' lang='lat'><strong>.</strong></span> <span class='ocrx_word' id='word_1_58' title='bbox 1844 1241 1948 1283; x_wconf 91' lang='lat' dir='ltr'><strong>villa</strong></span> <span class='ocrx_word' id='word_1_59' title='bbox 1979 1246 2023 1283; x_wconf 90' lang='lat' dir='ltr'><strong>et</strong></span> <span class='ocrx_word' id='word_1_60' title='bbox 2051 1241 2181 1282; x_wconf 86' lang='lat' dir='ltr'><strong>terris</strong></span> <span class='ocrx_word' id='word_1_61' title='bbox 2212 1241 2264 1282; x_wconf 87' lang='lat' dir='ltr'><strong>de</strong></span> <span class='ocrx_word' id='word_1_62' title='bbox 2296 1239 2543 1296; x_wconf 84' lang='lat' dir='ltr'><strong>Davvgathy</strong></span> 
     </span>
     <span class='ocr_line' id='line_1_7' title="bbox 601 1320 2542 1381; baseline -0.004 -13"><span class='ocrx_word' id='word_1_63' title='bbox 601 1341 698 1368; x_wconf 87' lang='lat' dir='ltr'><strong>cum</strong></span> <span class='ocrx_word' id='word_1_64' title='bbox 728 1326 818 1368; x_wconf 85' lang='lat' dir='ltr'><strong>suis</strong></span> <span class='ocrx_word' id='word_1_65' title='bbox 851 1323 1126 1381; x_wconf 68' lang='lat' dir='ltr'><strong>pertinentiis</strong></span> <span class='ocrx_word' id='word_1_66' title='bbox 1153 1323 1402 1379; x_wconf 78' lang='lat' dir='ltr'><strong>jacentibus</strong></span> <span class='ocrx_word' id='word_1_67' title='bbox 1433 1323 1476 1364; x_wconf 90' lang='lat' dir='ltr'><strong>in</strong></span> <span class='ocrx_word' id='word_1_68' title='bbox 1508 1323 1688 1365; x_wconf 84' lang='lat' dir='ltr'><strong>baronia</strong></span> <span class='ocrx_word' id='word_1_69' title='bbox 1717 1323 1769 1364; x_wconf 90' lang='lat' dir='ltr'><strong>de</strong></span> <span class='ocrx_word' id='word_1_70' title='bbox 1798 1322 1965 1365; x_wconf 86' lang='lat' dir='ltr'><strong>Kethik</strong></span> <span class='ocrx_word' id='word_1_71' title='bbox 1988 1322 2102 1363; x_wconf 85' lang='lat' dir='ltr'><strong>infra</strong></span> <span class='ocrx_word' id='word_1_72' title='bbox 2124 1320 2470 1363; x_wconf 82' lang='lat' dir='ltr'><strong>vicecomitatum</strong></span> <span class='ocrx_word' id='word_1_73' title='bbox 2491 1320 2542 1361; x_wconf 83' lang='lat' dir='ltr'><strong>de</strong></span> 
     </span>
     <span class='ocr_line' id='line_1_8' title="bbox 602 1400 2545 1459; baseline -0.002 -12"><span class='ocrx_word' id='word_1_74' title='bbox 602 1405 788 1455; x_wconf 81' lang='lat' dir='ltr'><strong>Forfar;</strong></span> <span class='ocrx_word' id='word_1_75' title='bbox 818 1403 1018 1446; x_wconf 86' lang='lat' dir='ltr'><strong>tenendis</strong></span> <span class='ocrx_word' id='word_1_76' title='bbox 1046 1403 1098 1445; x_wconf 87' lang='lat' dir='ltr'><strong>de</strong></span> <span class='ocrx_word' id='word_1_77' title='bbox 1119 1402 1233 1445; x_wconf 85' lang='lat' dir='ltr'><strong>dicto</strong></span> <span class='ocrx_word' id='word_1_78' title='bbox 1264 1403 1464 1459; x_wconf 84' lang='lat' dir='ltr'><strong>episcopo</strong></span> <span class='ocrx_word' id='word_1_79' title='bbox 1496 1406 1541 1444; x_wconf 88' lang='lat' dir='ltr'><strong>et</strong></span> <span class='ocrx_word' id='word_1_80' title='bbox 1571 1402 1891 1445; x_wconf 84' lang='lat' dir='ltr'><strong>successoribus</strong></span> <span class='ocrx_word' id='word_1_81' title='bbox 1921 1402 2011 1444; x_wconf 87' lang='lat' dir='ltr'><strong>suis</strong></span> <span class='ocrx_word' id='word_1_82' title='bbox 2040 1401 2403 1443; x_wconf 84' lang='lat' dir='ltr'><strong>Brechinensibus</strong></span> <span class='ocrx_word' id='word_1_83' title='bbox 2434 1400 2545 1456; x_wconf 88' lang='lat' dir='ltr'><strong>epis-</strong></span> 
     </span>
     <span class='ocr_line' id='line_1_9' title="bbox 603 1480 2543 1541; baseline -0.004 -14"><span class='ocrx_word' id='word_1_84' title='bbox 603 1485 721 1541; x_wconf 88' lang='lat' dir='ltr'><strong>copis</strong></span> <span class='ocrx_word' id='word_1_85' title='bbox 752 1484 798 1526; x_wconf 91' lang='lat' dir='ltr'><strong>iu</strong></span> <span class='ocrx_word' id='word_1_86' title='bbox 827 1483 1070 1525; x_wconf 87' lang='lat' dir='ltr'><strong>feudifirma</strong></span> <span class='ocrx_word' id='word_1_87' title='bbox 1100 1485 1143 1525; x_wconf 84' lang='lat' dir='ltr'><strong>et</strong></span> <span class='ocrx_word' id='word_1_88' title='bbox 1173 1482 1414 1524; x_wconf 86' lang='lat' dir='ltr'><strong>hereditate</strong></span> <span class='ocrx_word' id='word_1_89' title='bbox 1445 1486 1525 1524; x_wconf 90' lang='lat' dir='ltr'><strong>etc.</strong></span> <span class='ocrx_word' id='word_1_90' title='bbox 1557 1481 1685 1538; x_wconf 85' lang='lat' dir='ltr'><strong>Apud</strong></span> <span class='ocrx_word' id='word_1_91' title='bbox 1717 1481 1925 1524; x_wconf 78' lang='lat' dir='ltr'><strong>Dalkeitli</strong></span> <span class='ocrx_word' id='word_1_92' title='bbox 1956 1481 2120 1523; x_wconf 89' lang='lat' dir='ltr'><strong>decimo</strong></span> <span class='ocrx_word' id='word_1_93' title='bbox 2151 1481 2219 1522; x_wconf 91' lang='lat' dir='ltr'><strong>die</strong></span> <span class='ocrx_word' id='word_1_94' title='bbox 2250 1480 2413 1522; x_wconf 82' lang='lat' dir='ltr'><strong>mensis</strong></span> <span class='ocrx_word' id='word_1_95' title='bbox 2435 1480 2463 1521; x_wconf 85' lang='lat' dir='ltr'><strong>J</strong></span> <span class='ocrx_word' id='word_1_96' title='bbox 2467 1480 2543 1521; x_wconf 89' lang='lat' dir='ltr'><strong>ulii</strong></span> 
     </span>
     <span class='ocr_line' id='line_1_10' title="bbox 604 1560 1565 1618; baseline -0.003 -12"><span class='ocrx_word' id='word_1_97' title='bbox 604 1578 717 1607; x_wconf 84' lang='lat' dir='ltr'><strong>anno</strong></span> <span class='ocrx_word' id='word_1_98' title='bbox 739 1563 915 1606; x_wconf 90' lang='lat' dir='ltr'><strong>Domini</strong></span> <span class='ocrx_word' id='word_1_99' title='bbox 937 1574 972 1604; x_wconf 86' lang='lat' dir='ltr'>M</span> <span class='ocrx_word' id='word_1_100' title='bbox 995 1568 1038 1605; x_wconf 78' lang='grc' dir='ltr'><strong>νο</strong></span> <span class='ocrx_word' id='word_1_101' title='bbox 1059 1561 1380 1618; x_wconf 84' lang='lat' dir='ltr'><strong>septuagesimo</strong></span> <span class='ocrx_word' id='word_1_102' title='bbox 1402 1560 1565 1617; x_wconf 89' lang='lat' dir='ltr'><strong>quinto.</strong></span> 
     </span>
    </p>
   </div>
   <div class='ocr_carea' id='block_1_3' title="bbox 390 1791 2543 2174">
    <p class='ocr_par' dir='ltr' id='par_1_3' title="bbox 390 1791 2543 2174">
     <span class='ocr_line' id='line_1_11' title="bbox 390 1791 2542 1856; baseline -0.001 -14"><span class='ocrx_word' id='word_1_103' title='bbox 390 1801 583 1843; x_wconf 80' lang='lat' dir='ltr'><strong>OGOIV.</strong></span> <span class='ocrx_word' id='word_1_104' title='bbox 608 1791 717 1845; x_wconf 72' lang='lat' dir='ltr'><strong>Gift</strong></span> <span class='ocrx_word' id='word_1_105' title='bbox 736 1802 805 1845; x_wconf 90' lang='lat' dir='ltr'><strong>for</strong></span> <span class='ocrx_word' id='word_1_106' title='bbox 824 1802 898 1844; x_wconf 86' lang='lat' dir='ltr'><strong>life</strong></span> <span class='ocrx_word' id='word_1_107' title='bbox 918 1806 964 1844; x_wconf 81' lang='lat' dir='ltr'><strong>to</strong></span> <span class='ocrx_word' id='word_1_108' title='bbox 987 1802 1015 1844; x_wconf 94' lang='lat' dir='ltr'><strong>J</strong></span> <span class='ocrx_word' id='word_1_109' title='bbox 1017 1816 1137 1844; x_wconf 83' lang='lat' dir='ltr'><strong>ames</strong></span> <span class='ocrx_word' id='word_1_110' title='bbox 1164 1801 1393 1844; x_wconf 84' lang='lat' dir='ltr'><strong>Cokburne</strong></span> <span class='ocrx_word' id='word_1_111' title='bbox 1415 1801 1593 1843; x_wconf 78' lang='lat' dir='ltr'><strong>brother</strong></span> <span class='ocrx_word' id='word_1_112' title='bbox 1613 1814 1790 1856; x_wconf 83' lang='lat' dir='ltr'><strong>german</strong></span> <span class='ocrx_word' id='word_1_113' title='bbox 1812 1805 1858 1842; x_wconf 79' lang='lat' dir='ltr'><strong>to</strong></span> <span class='ocrx_word' id='word_1_114' title='bbox 1880 1800 1908 1842; x_wconf 89' lang='lat' dir='ltr'>J</span> <span class='ocrx_word' id='word_1_115' title='bbox 1912 1801 2053 1842; x_wconf 90' lang='lat' dir='ltr'><strong>ohnne</strong></span> <span class='ocrx_word' id='word_1_116' title='bbox 2077 1799 2306 1842; x_wconf 85' lang='lat' dir='ltr'><strong>Cokburne</strong></span> <span class='ocrx_word' id='word_1_117' title='bbox 2329 1800 2376 1842; x_wconf 89' lang='lat' dir='ltr'><strong>of</strong></span> <span class='ocrx_word' id='word_1_118' title='bbox 2394 1799 2542 1841; x_wconf 86' lang='lat' dir='ltr'><strong>Clerk-</strong></span> 
     </span>
     <span class='ocr_line' id='line_1_12' title="bbox 604 1879 2542 1939; baseline -0.002 -15"><span class='ocrx_word' id='word_1_119' title='bbox 604 1883 788 1939; x_wconf 82' lang='lat' dir='ltr'><strong>ingtoun</strong></span> <span class='ocrx_word' id='word_1_120' title='bbox 810 1882 858 1924; x_wconf 87' lang='lat' dir='ltr'><strong>of</strong></span> <span class='ocrx_word' id='word_1_121' title='bbox 874 1882 948 1924; x_wconf 89' lang='lat' dir='ltr'><strong>the</strong></span> <span class='ocrx_word' id='word_1_122' title='bbox 969 1880 1161 1937; x_wconf 89' lang='lat' dir='ltr'><strong>prebend</strong></span> <span class='ocrx_word' id='word_1_123' title='bbox 1182 1880 1230 1922; x_wconf 84' lang='lat' dir='ltr'><strong>of</strong></span> <span class='ocrx_word' id='word_1_124' title='bbox 1247 1879 1436 1921; x_wconf 89' lang='lat' dir='ltr'><strong>Kilmoir</strong></span> <span class='ocrx_word' id='word_1_125' title='bbox 1456 1879 1644 1921; x_wconf 86' lang='lat' dir='ltr'><strong>founded</strong></span> <span class='ocrx_word' id='word_1_126' title='bbox 1659 1879 1813 1921; x_wconf 87' lang='lat' dir='ltr'><strong>within</strong></span> <span class='ocrx_word' id='word_1_127' title='bbox 1835 1880 1908 1921; x_wconf 88' lang='lat' dir='ltr'><strong>the</strong></span> <span class='ocrx_word' id='word_1_128' title='bbox 1932 1879 2154 1921; x_wconf 72' lang='lat' dir='ltr'><strong>cathedr-al</strong></span> <span class='ocrx_word' id='word_1_129' title='bbox 2174 1880 2269 1920; x_wconf 86' lang='lat' dir='ltr'><strong>kirk</strong></span> <span class='ocrx_word' id='word_1_130' title='bbox 2289 1879 2338 1920; x_wconf 86' lang='lat' dir='ltr'><strong>of</strong></span> <span class='ocrx_word' id='word_1_131' title='bbox 2356 1879 2542 1920; x_wconf 89' lang='lat' dir='ltr'><strong>Brechin</strong></span> 
     </span>
     <span class='ocr_line' id='line_1_13' title="bbox 603 1956 2539 2014; baseline -0.003 -11"><span class='ocrx_word' id='word_1_132' title='bbox 603 1961 708 2003; x_wconf 81' lang='lat' dir='ltr'><strong>with</strong></span> <span class='ocrx_word' id='word_1_133' title='bbox 729 1961 804 2004; x_wconf 84' lang='lat' dir='ltr'><strong>the</strong></span> <span class='ocrx_word' id='word_1_134' title='bbox 826 1960 1114 2002; x_wconf 86' lang='lat' dir='ltr'><strong>emoluments</strong></span> <span class='ocrx_word' id='word_1_135' title='bbox 1144 1959 1326 2009; x_wconf 78' lang='lat' dir='ltr'><strong>thereos,</strong></span> <span class='ocrx_word' id='word_1_136' title='bbox 1360 1962 1519 2001; x_wconf 82' lang='lat' dir='ltr'><strong>vacant</strong></span> <span class='ocrx_word' id='word_1_137' title='bbox 1546 1959 1603 2014; x_wconf 88' lang='lat' dir='ltr'><strong>by</strong></span> <span class='ocrx_word' id='word_1_138' title='bbox 1623 1958 1697 2000; x_wconf 87' lang='lat' dir='ltr'><strong>the</strong></span> <span class='ocrx_word' id='word_1_139' title='bbox 1718 1958 1897 2000; x_wconf 84' lang='lat' dir='ltr'><strong>decease</strong></span> <span class='ocrx_word' id='word_1_140' title='bbox 1926 1958 1974 1999; x_wconf 85' lang='lat' dir='ltr'><strong>of</strong></span> <span class='ocrx_word' id='word_1_141' title='bbox 2006 1958 2033 1999; x_wconf 86' lang='lat' dir='ltr'><strong>J</strong></span> <span class='ocrx_word' id='word_1_142' title='bbox 2037 1958 2178 2000; x_wconf 90' lang='lat' dir='ltr'><strong>ohnne</strong></span> <span class='ocrx_word' id='word_1_143' title='bbox 2201 1956 2432 2000; x_wconf 85' lang='lat' dir='ltr'><strong>Cokburne</strong></span> <span class='ocrx_word' id='word_1_144' title='bbox 2465 1958 2539 2000; x_wconf 86' lang='lat' dir='ltr'><strong>the</strong></span> 
     </span>
     <span class='ocr_line' id='line_1_14' title="bbox 599 2037 2543 2097; baseline -0.001 -16"><span class='ocrx_word' id='word_1_145' title='bbox 599 2041 686 2083; x_wconf 84' lang='lat' dir='ltr'><strong>last</strong></span> <span class='ocrx_word' id='word_1_146' title='bbox 711 2040 994 2097; x_wconf 85' lang='lat' dir='ltr'><strong>prebendary‚</strong></span> <span class='ocrx_word' id='word_1_147' title='bbox 1021 2040 1067 2081; x_wconf 89' lang='lat' dir='ltr'><strong>in</strong></span> <span class='ocrx_word' id='word_1_148' title='bbox 1100 2039 1226 2081; x_wconf 85' lang='lat' dir='ltr'><strong>order</strong></span> <span class='ocrx_word' id='word_1_149' title='bbox 1252 2039 1351 2081; x_wconf 87' lang='lat' dir='ltr'><strong>that</strong></span> <span class='ocrx_word' id='word_1_150' title='bbox 1374 2039 1448 2080; x_wconf 87' lang='lat' dir='ltr'><strong>the</strong></span> <span class='ocrx_word' id='word_1_151' title='bbox 1477 2038 1571 2080; x_wconf 86' lang='lat' dir='ltr'><strong>said</strong></span> <span class='ocrx_word' id='word_1_152' title='bbox 1601 2037 1750 2096; x_wconf 77' lang='lat' dir='ltr'><strong>James</strong></span> <span class='ocrx_word' id='word_1_153' title='bbox 1783 2037 2012 2079; x_wconf 85' lang='lat' dir='ltr'><strong>Cokburne</strong></span> <span class='ocrx_word' id='word_1_154' title='bbox 2043 2052 2142 2093; x_wconf 84' lang='lat' dir='ltr'><strong>may</strong></span> <span class='ocrx_word' id='word_1_155' title='bbox 2174 2037 2248 2079; x_wconf 86' lang='lat' dir='ltr'><strong>the</strong></span> <span class='ocrx_word' id='word_1_156' title='bbox 2278 2038 2417 2079; x_wconf 88' lang='lat' dir='ltr'><strong>better</strong></span> <span class='ocrx_word' id='word_1_157' title='bbox 2444 2038 2543 2093; x_wconf 87' lang='lat' dir='ltr'><strong>give</strong></span> 
     </span>
     <span class='ocr_line' id='line_1_15' title="bbox 602 2116 2536 2174; baseline -0.002 -12"><span class='ocrx_word' id='word_1_158' title='bbox 602 2120 860 2163; x_wconf 83' lang='lat' dir='ltr'><strong>attendance</strong></span> <span class='ocrx_word' id='word_1_159' title='bbox 891 2123 936 2162; x_wconf 89' lang='lat' dir='ltr'><strong>to</strong></span> <span class='ocrx_word' id='word_1_160' title='bbox 968 2119 1098 2174; x_wconf 85' lang='lat' dir='ltr'><strong>study</strong></span> <span class='ocrx_word' id='word_1_161' title='bbox 1139 2119 1280 2160; x_wconf 87' lang='lat' dir='ltr'><strong>virtue</strong></span> <span class='ocrx_word' id='word_1_162' title='bbox 1320 2118 1405 2159; x_wconf 85' lang='lat' dir='ltr'><strong>and</strong></span> <span class='ocrx_word' id='word_1_163' title='bbox 1446 2118 1559 2174; x_wconf 87' lang='lat' dir='ltr'><strong>good</strong></span> <span class='ocrx_word' id='word_1_164' title='bbox 1602 2117 1767 2159; x_wconf 85' lang='lat' dir='ltr'><strong>letters.</strong></span> <span class='ocrx_word' id='word_1_165' title='bbox 1829 2116 1973 2160; x_wconf 75' lang='lat' dir='ltr'><strong>Dated</strong></span> <span class='ocrx_word' id='word_1_166' title='bbox 2013 2120 2061 2159; x_wconf 85' lang='lat' dir='ltr'><strong>at</strong></span> <span class='ocrx_word' id='word_1_167' title='bbox 2102 2117 2452 2159; x_wconf 84' lang='lat' dir='ltr'><strong>Halierudehous</strong></span> <span class='ocrx_word' id='word_1_168' title='bbox 2486 2121 2536 2159; x_wconf 86' lang='lat'><strong>31</strong></span> 
     </span>
    </p>
   </div>
   <div class='ocr_carea' id='block_1_4' title="bbox 603 2199 864 2255">
    <p class='ocr_par' dir='ltr' id='par_1_4' title="bbox 603 2199 864 2255">
     <span class='ocr_line' id='line_1_16' title="bbox 603 2199 864 2255; baseline 0.004 -14"><span class='ocrx_word' id='word_1_169' title='bbox 603 2199 705 2255; x_wconf 81' lang='lat' dir='ltr'><strong>Juiy</strong></span> <span class='ocrx_word' id='word_1_170' title='bbox 743 2200 864 2243; x_wconf 80' lang='lat'><strong>1576.</strong></span> 
     </span>
    </p>
   </div>
   <div class='ocr_carea' id='block_1_5' title="bbox 421 2427 2542 3448">
    <p class='ocr_par' dir='ltr' id='par_1_5' title="bbox 421 2427 2542 3290">
     <span class='ocr_line' id='line_1_17' title="bbox 421 2427 2542 2496; baseline -0.001 -14"><span class='ocrx_word' id='word_1_171' title='bbox 421 2435 585 2477; x_wconf 83' lang='lat' dir='ltr'>CCCV·</span> <span class='ocrx_word' id='word_1_172' title='bbox 610 2427 877 2496; x_wconf 88' lang='lat' dir='ltr'><strong>Preceptum</strong></span> <span class='ocrx_word' id='word_1_173' title='bbox 898 2439 1024 2482; x_wconf 89' lang='lat' dir='ltr'><strong>litere</strong></span> <span class='ocrx_word' id='word_1_174' title='bbox 1057 2439 1396 2482; x_wconf 83' lang='lat' dir='ltr'><strong>confirmationis</strong></span> <span class='ocrx_word' id='word_1_175' title='bbox 1425 2452 1554 2494; x_wconf 84' lang='lat' dir='ltr'><strong>super</strong></span> <span class='ocrx_word' id='word_1_176' title='bbox 1586 2438 1713 2480; x_wconf 89' lang='lat' dir='ltr'><strong>litera</strong></span> <span class='ocrx_word' id='word_1_177' title='bbox 1735 2438 1980 2481; x_wconf 85' lang='lat' dir='ltr'><strong>donationis</strong></span> <span class='ocrx_word' id='word_1_178' title='bbox 2000 2439 2116 2480; x_wconf 79' lang='lat' dir='ltr'><strong>facta</strong></span> <span class='ocrx_word' id='word_1_179' title='bbox 2135 2453 2213 2494; x_wconf 86' lang='lat' dir='ltr'><strong>per</strong></span> <span class='ocrx_word' id='word_1_180' title='bbox 2247 2438 2542 2480; x_wconf 84' lang='lat' dir='ltr'><strong>Alexandrum</strong></span> 
     </span>
     <span class='ocr_line' id='line_1_18' title="bbox 609 2517 2542 2575; baseline -0.001 -15"><span class='ocrx_word' id='word_1_181' title='bbox 609 2518 775 2560; x_wconf 89' lang='lat' dir='ltr'><strong>Guthre</strong></span> <span class='ocrx_word' id='word_1_182' title='bbox 796 2519 848 2561; x_wconf 93' lang='lat' dir='ltr'><strong>de</strong></span> <span class='ocrx_word' id='word_1_183' title='bbox 869 2519 1018 2561; x_wconf 83' lang='lat' dir='ltr'><strong>eodem</strong></span> <span class='ocrx_word' id='word_1_184' title='bbox 1054 2522 1287 2575; x_wconf 88' lang='lat' dir='ltr'><strong>patronum</strong></span> <span class='ocrx_word' id='word_1_185' title='bbox 1321 2518 1611 2561; x_wconf 83' lang='lat' dir='ltr'><strong>indubitatum</strong></span> <span class='ocrx_word' id='word_1_186' title='bbox 1634 2518 1813 2560; x_wconf 81' lang='lat' dir='ltr'><strong>ecclesie</strong></span> <span class='ocrx_word' id='word_1_187' title='bbox 1840 2518 2065 2574; x_wconf 85' lang='lat' dir='ltr'><strong>collegiate</strong></span> <span class='ocrx_word' id='word_1_188' title='bbox 2087 2518 2139 2560; x_wconf 90' lang='lat' dir='ltr'><strong>de</strong></span> <span class='ocrx_word' id='word_1_189' title='bbox 2163 2517 2328 2560; x_wconf 87' lang='lat' dir='ltr'><strong>Guthre</strong></span> <span class='ocrx_word' id='word_1_190' title='bbox 2352 2517 2542 2559; x_wconf 86' lang='lat' dir='ltr'><strong>Gabrieli</strong></span> 
     </span>
     <span class='ocr_line' id='line_1_19' title="bbox 607 2597 2541 2654; baseline -0.001 -15"><span class='ocrx_word' id='word_1_191' title='bbox 607 2598 773 2640; x_wconf 84' lang='lat' dir='ltr'><strong>Guthre</strong></span> <span class='ocrx_word' id='word_1_192' title='bbox 796 2598 890 2640; x_wconf 86' lang='lat' dir='ltr'><strong>eius</strong></span> <span class='ocrx_word' id='word_1_193' title='bbox 910 2598 1000 2640; x_wconf 92' lang='lat' dir='ltr'><strong>filio</strong></span> <span class='ocrx_word' id='word_1_194' title='bbox 1022 2598 1218 2654; x_wconf 88' lang='lat' dir='ltr'><strong>legitimo</strong></span> <span class='ocrx_word' id='word_1_195' title='bbox 1250 2598 1440 2640; x_wconf 83' lang='lat' dir='ltr'><strong>studenti</strong></span> <span class='ocrx_word' id='word_1_196' title='bbox 1471 2597 1517 2639; x_wconf 90' lang='lat' dir='ltr'><strong>in</strong></span> <span class='ocrx_word' id='word_1_197' title='bbox 1550 2597 1683 2639; x_wconf 86' lang='lat' dir='ltr'><strong>Sanct</strong></span> <span class='ocrx_word' id='word_1_198' title='bbox 1698 2597 1936 2640; x_wconf 83' lang='lat' dir='ltr'><strong>Leonardis</strong></span> <span class='ocrx_word' id='word_1_199' title='bbox 1957 2597 2066 2639; x_wconf 85' lang='lat' dir='ltr'><strong>dans</strong></span> <span class='ocrx_word' id='word_1_200' title='bbox 2099 2630 2108 2639; x_wconf 93' lang='lat'><strong>.</strong></span> <span class='ocrx_word' id='word_1_201' title='bbox 2141 2631 2151 2640; x_wconf 86' lang='lat'><strong>.</strong></span> <span class='ocrx_word' id='word_1_202' title='bbox 2184 2629 2193 2640; x_wconf 91' lang='lat'><strong>.</strong></span> <span class='ocrx_word' id='word_1_203' title='bbox 2224 2597 2541 2653; x_wconf 82' lang='lat' dir='ltr'><strong>preposituram</strong></span> 
     </span>
     <span class='ocr_line' id='line_1_20' title="bbox 607 2676 2541 2734; baseline -0.001 -15"><span class='ocrx_word' id='word_1_204' title='bbox 607 2678 721 2720; x_wconf 86' lang='lat' dir='ltr'><strong>dicte</strong></span> <span class='ocrx_word' id='word_1_205' title='bbox 756 2677 937 2720; x_wconf 88' lang='lat' dir='ltr'><strong>ecclesie</strong></span> <span class='ocrx_word' id='word_1_206' title='bbox 970 2678 1197 2734; x_wconf 83' lang='lat' dir='ltr'><strong>collegiate</strong></span> <span class='ocrx_word' id='word_1_207' title='bbox 1230 2710 1239 2720; x_wconf 90' lang='lat'>.</span> <span class='ocrx_word' id='word_1_208' title='bbox 1278 2710 1287 2719; x_wconf 92' lang='lat'><em>.</em></span> <span class='ocrx_word' id='word_1_209' title='bbox 1322 2710 1331 2719; x_wconf 92' lang='lat'><strong>.</strong></span> <span class='ocrx_word' id='word_1_210' title='bbox 1363 2677 1477 2719; x_wconf 83' lang='lat' dir='ltr'><strong>dicto</strong></span> <span class='ocrx_word' id='word_1_211' title='bbox 1515 2676 1706 2719; x_wconf 85' lang='lat' dir='ltr'><strong>Gabrieli</strong></span> <span class='ocrx_word' id='word_1_212' title='bbox 1735 2678 1923 2732; x_wconf 79' lang='lat' dir='ltr'><strong>jacentis</strong></span> <span class='ocrx_word' id='word_1_213' title='bbox 1961 2677 2074 2719; x_wconf 88' lang='lat' dir='ltr'><strong>infra</strong></span> <span class='ocrx_word' id='word_1_214' title='bbox 2109 2677 2454 2718; x_wconf 85' lang='lat' dir='ltr'><strong>vicecomitatum</strong></span> <span class='ocrx_word' id='word_1_215' title='bbox 2489 2677 2541 2718; x_wconf 91' lang='lat' dir='ltr'><strong>de</strong></span> 
     </span>
     <span class='ocr_line' id='line_1_21' title="bbox 612 2756 2541 2814; baseline -0.001 -16"><span class='ocrx_word' id='word_1_216' title='bbox 612 2757 764 2799; x_wconf 85' lang='lat' dir='ltr'><strong>Forfar</strong></span> <span class='ocrx_word' id='word_1_217' title='bbox 791 2772 886 2799; x_wconf 91' lang='lat' dir='ltr'><strong>cum</strong></span> <span class='ocrx_word' id='word_1_218' title='bbox 915 2757 1043 2814; x_wconf 84' lang='lat' dir='ltr'><strong>gleba</strong></span> <span class='ocrx_word' id='word_1_219' title='bbox 1070 2757 1260 2800; x_wconf 88' lang='lat' dir='ltr'><strong>manerie</strong></span> <span class='ocrx_word' id='word_1_220' title='bbox 1285 2761 1329 2800; x_wconf 90' lang='lat' dir='ltr'><strong>et</strong></span> <span class='ocrx_word' id='word_1_221' title='bbox 1349 2757 1488 2799; x_wconf 87' lang='lat' dir='ltr'><strong>hortis</strong></span> <span class='ocrx_word' id='word_1_222' title='bbox 1509 2757 1741 2799; x_wconf 87' lang='lat' dir='ltr'><strong>earundem</strong></span> <span class='ocrx_word' id='word_1_223' title='bbox 1764 2761 1809 2799; x_wconf 87' lang='lat' dir='ltr'><strong>et</strong></span> <span class='ocrx_word' id='word_1_224' title='bbox 1829 2772 1926 2799; x_wconf 87' lang='lat' dir='ltr'><strong>cum</strong></span> <span class='ocrx_word' id='word_1_225' title='bbox 1957 2790 1967 2799; x_wconf 87' lang='lat'><strong>.</strong></span> <span class='ocrx_word' id='word_1_226' title='bbox 2002 2790 2012 2799; x_wconf 91' lang='lat'>.</span> <span class='ocrx_word' id='word_1_227' title='bbox 2045 2788 2054 2799; x_wconf 91' lang='lat'><em>.</em></span> <span class='ocrx_word' id='word_1_228' title='bbox 2086 2757 2263 2799; x_wconf 86' lang='lat' dir='ltr'><strong>decimis</strong></span> <span class='ocrx_word' id='word_1_229' title='bbox 2291 2756 2541 2812; x_wconf 87' lang='lat' dir='ltr'><strong>garbalibus</strong></span> 
     </span>
     <span class='ocr_line' id='line_1_22' title="bbox 609 2835 2542 2892; baseline -0.001 -16"><span class='ocrx_word' id='word_1_230' title='bbox 609 2835 707 2877; x_wconf 87' lang='lat' dir='ltr'><strong>aliis</strong></span> <span class='ocrx_word' id='word_1_231' title='bbox 728 2836 904 2878; x_wconf 83' lang='lat' dir='ltr'><strong>decimis</strong></span> <span class='ocrx_word' id='word_1_232' title='bbox 938 2868 946 2877; x_wconf 91' lang='lat'>.</span> <span class='ocrx_word' id='word_1_233' title='bbox 979 2869 989 2878; x_wconf 89' lang='lat'><strong>.</strong></span> <span class='ocrx_word' id='word_1_234' title='bbox 1022 2869 1031 2879; x_wconf 90' lang='lat'><strong>.</strong></span> <span class='ocrx_word' id='word_1_235' title='bbox 1064 2836 1366 2879; x_wconf 86' lang='lat' dir='ltr'><strong>emolumentis</strong></span> <span class='ocrx_word' id='word_1_236' title='bbox 1400 2869 1409 2878; x_wconf 92' lang='lat'><strong>.</strong></span> <span class='ocrx_word' id='word_1_237' title='bbox 1442 2869 1451 2878; x_wconf 94' lang='lat'>.</span> <span class='ocrx_word' id='word_1_238' title='bbox 1484 2869 1493 2879; x_wconf 93' lang='lat'><em>.</em></span> <span class='ocrx_word' id='word_1_239' title='bbox 1526 2841 1571 2879; x_wconf 89' lang='lat' dir='ltr'><strong>et</strong></span> <span class='ocrx_word' id='word_1_240' title='bbox 1590 2837 1778 2879; x_wconf 86' lang='lat' dir='ltr'><strong>deuoriis</strong></span> <span class='ocrx_word' id='word_1_241' title='bbox 1800 2838 2124 2892; x_wconf 86' lang='lat' dir='ltr'><strong>quibuscunque</strong></span> <span class='ocrx_word' id='word_1_242' title='bbox 2145 2837 2256 2879; x_wconf 89' lang='lat' dir='ltr'><strong>dicte</strong></span> <span class='ocrx_word' id='word_1_243' title='bbox 2273 2836 2542 2891; x_wconf 84' lang='lat' dir='ltr'><strong>prepositure</strong></span> 
     </span>
     <span class='ocr_line' id='line_1_23' title="bbox 607 2914 2542 2972; baseline 0.001 -17"><span class='ocrx_word' id='word_1_244' title='bbox 607 2915 922 2970; x_wconf 87' lang='lat' dir='ltr'><strong>pertinentibus</strong></span> <span class='ocrx_word' id='word_1_245' title='bbox 955 2948 964 2957; x_wconf 92' lang='lat'>.</span> <span class='ocrx_word' id='word_1_246' title='bbox 997 2948 1006 2957; x_wconf 91' lang='lat'><strong>.</strong></span> <span class='ocrx_word' id='word_1_247' title='bbox 1038 2946 1049 2959; x_wconf 90' lang='lat'><strong>.</strong></span> <span class='ocrx_word' id='word_1_248' title='bbox 1080 2931 1158 2972; x_wconf 90' lang='lat' dir='ltr'><strong>pro</strong></span> <span class='ocrx_word' id='word_1_249' title='bbox 1180 2916 1378 2958; x_wconf 87' lang='lat' dir='ltr'><strong>omnibus</strong></span> <span class='ocrx_word' id='word_1_250' title='bbox 1398 2916 1501 2958; x_wconf 87' lang='lat' dir='ltr'><strong>dicti</strong></span> <span class='ocrx_word' id='word_1_251' title='bbox 1526 2915 1739 2958; x_wconf 86' lang='lat' dir='ltr'><strong>Gabrielis</strong></span> <span class='ocrx_word' id='word_1_252' title='bbox 1759 2917 1847 2959; x_wconf 88' lang='lat' dir='ltr'><strong>vite</strong></span> <span class='ocrx_word' id='word_1_253' title='bbox 1864 2917 2016 2958; x_wconf 83' lang='lat' dir='ltr'><strong>diebus</strong></span> <span class='ocrx_word' id='word_1_254' title='bbox 2046 2948 2056 2958; x_wconf 94' lang='lat'><strong>.</strong></span> <span class='ocrx_word' id='word_1_255' title='bbox 2088 2915 2285 2958; x_wconf 87' lang='lat' dir='ltr'><strong>Aeetiam</strong></span> <span class='ocrx_word' id='word_1_256' title='bbox 2307 2915 2394 2956; x_wconf 86' lang='lat' dir='ltr'><strong>alia</strong></span> <span class='ocrx_word' id='word_1_257' title='bbox 2414 2914 2542 2956; x_wconf 86' lang='lat' dir='ltr'><strong>litera</strong></span> 
     </span>
     <span class='ocr_line' id='line_1_24' title="bbox 608 2993 2539 3052; baseline 0 -18"><span class='ocrx_word' id='word_1_258' title='bbox 608 2993 853 3035; x_wconf 84' lang='lat' dir='ltr'><strong>donationis</strong></span> <span class='ocrx_word' id='word_1_259' title='bbox 893 2993 1010 3036; x_wconf 83' lang='lat' dir='ltr'><strong>facta</strong></span> <span class='ocrx_word' id='word_1_260' title='bbox 1049 3009 1127 3050; x_wconf 89' lang='lat' dir='ltr'><strong>per</strong></span> <span class='ocrx_word' id='word_1_261' title='bbox 1166 2995 1327 3038; x_wconf 88' lang='lat' dir='ltr'><strong>dictum</strong></span> <span class='ocrx_word' id='word_1_262' title='bbox 1368 2995 1664 3037; x_wconf 85' lang='lat' dir='ltr'><strong>Alexandrum</strong></span> <span class='ocrx_word' id='word_1_263' title='bbox 1705 2999 1935 3052; x_wconf 88' lang='lat' dir='ltr'><strong>patronum</strong></span> <span class='ocrx_word' id='word_1_264' title='bbox 1969 2994 2258 3036; x_wconf 82' lang='lat' dir='ltr'><strong>indubitatum</strong></span> <span class='ocrx_word' id='word_1_265' title='bbox 2299 2993 2539 3049; x_wconf 87' lang='lat' dir='ltr'><strong>predictum</strong></span> 
     </span>
     <span class='ocr_line' id='line_1_25' title="bbox 607 3071 2538 3131; baseline 0 -17"><span class='ocrx_word' id='word_1_266' title='bbox 607 3073 781 3115; x_wconf 90' lang='lat' dir='ltr'><strong>Andree</strong></span> <span class='ocrx_word' id='word_1_267' title='bbox 814 3071 979 3115; x_wconf 86' lang='lat' dir='ltr'><strong>Guthre</strong></span> <span class='ocrx_word' id='word_1_268' title='bbox 1008 3074 1101 3116; x_wconf 88' lang='lat' dir='ltr'><strong>eius</strong></span> <span class='ocrx_word' id='word_1_269' title='bbox 1132 3074 1260 3117; x_wconf 85' lang='lat' dir='ltr'><strong>alteri</strong></span> <span class='ocrx_word' id='word_1_270' title='bbox 1290 3074 1484 3131; x_wconf 86' lang='lat' dir='ltr'><strong>legitimo</strong></span> <span class='ocrx_word' id='word_1_271' title='bbox 1511 3074 1601 3116; x_wconf 85' lang='lat' dir='ltr'><strong>filio</strong></span> <span class='ocrx_word' id='word_1_272' title='bbox 1627 3074 1818 3117; x_wconf 84' lang='lat' dir='ltr'><strong>studenti</strong></span> <span class='ocrx_word' id='word_1_273' title='bbox 1847 3074 1891 3116; x_wconf 90' lang='lat' dir='ltr'><strong>in</strong></span> <span class='ocrx_word' id='word_1_274' title='bbox 1918 3074 2202 3130; x_wconf 83' lang='lat' dir='ltr'><strong>grammatica</strong></span> <span class='ocrx_word' id='word_1_275' title='bbox 2229 3073 2281 3114; x_wconf 91' lang='lat' dir='ltr'><strong>de</strong></span> <span class='ocrx_word' id='word_1_276' title='bbox 2314 3105 2323 3114; x_wconf 90' lang='lat'><em>.</em></span> <span class='ocrx_word' id='word_1_277' title='bbox 2357 3105 2366 3114; x_wconf 89' lang='lat'><em>.</em></span> <span class='ocrx_word' id='word_1_278' title='bbox 2403 3105 2411 3114; x_wconf 95' lang='lat'><strong>.</strong></span> <span class='ocrx_word' id='word_1_279' title='bbox 2443 3087 2538 3129; x_wconf 91' lang='lat' dir='ltr'><strong>pre-</strong></span> 
     </span>
     <span class='ocr_line' id='line_1_26' title="bbox 608 3152 2537 3209; baseline -0.001 -16"><span class='ocrx_word' id='word_1_280' title='bbox 608 3152 751 3194; x_wconf 80' lang='lat' dir='ltr'><strong>benda</strong></span> <span class='ocrx_word' id='word_1_281' title='bbox 771 3152 883 3194; x_wconf 85' lang='lat' dir='ltr'><strong>dicte</strong></span> <span class='ocrx_word' id='word_1_282' title='bbox 904 3152 1130 3209; x_wconf 83' lang='lat' dir='ltr'><strong>collegiate</strong></span> <span class='ocrx_word' id='word_1_283' title='bbox 1161 3154 1339 3197; x_wconf 88' lang='lat' dir='ltr'><strong>ecclesie</strong></span> <span class='ocrx_word' id='word_1_284' title='bbox 1360 3154 1413 3196; x_wconf 90' lang='lat' dir='ltr'><strong>de</strong></span> <span class='ocrx_word' id='word_1_285' title='bbox 1435 3153 1601 3196; x_wconf 83' lang='lat' dir='ltr'><strong>Guthre</strong></span> <span class='ocrx_word' id='word_1_286' title='bbox 1631 3157 1786 3196; x_wconf 84' lang='lat' dir='ltr'><strong>vocata</strong></span> <span class='ocrx_word' id='word_1_287' title='bbox 1809 3153 2028 3209; x_wconf 87' lang='lat' dir='ltr'><strong>prebenda</strong></span> <span class='ocrx_word' id='word_1_288' title='bbox 2046 3153 2099 3194; x_wconf 91' lang='lat' dir='ltr'><strong>de</strong></span> <span class='ocrx_word' id='word_1_289' title='bbox 2121 3152 2308 3194; x_wconf 87' lang='lat' dir='ltr'><strong>Hiltoun</strong></span> <span class='ocrx_word' id='word_1_290' title='bbox 2329 3156 2373 3194; x_wconf 89' lang='lat' dir='ltr'><strong>et</strong></span> <span class='ocrx_word' id='word_1_291' title='bbox 2395 3152 2485 3194; x_wconf 85' lang='lat' dir='ltr'><strong>Lan</strong></span> <span class='ocrx_word' id='word_1_292' title='bbox 2494 3168 2537 3207; x_wconf 73' lang='lat' dir='ltr'><strong>g-</strong></span> 
     </span>
     <span class='ocr_line' id='line_1_27' title="bbox 608 3231 2539 3290; baseline -0.001 -16"><span class='ocrx_word' id='word_1_293' title='bbox 608 3231 750 3274; x_wconf 85' lang='lat' dir='ltr'><strong>landis</strong></span> <span class='ocrx_word' id='word_1_294' title='bbox 786 3246 882 3274; x_wconf 87' lang='lat' dir='ltr'><strong>cum</strong></span> <span class='ocrx_word' id='word_1_295' title='bbox 917 3233 1114 3275; x_wconf 90' lang='lat' dir='ltr'><strong>omnibus</strong></span> <span class='ocrx_word' id='word_1_296' title='bbox 1147 3266 1156 3275; x_wconf 91' lang='lat'>.</span> <span class='ocrx_word' id='word_1_297' title='bbox 1190 3266 1199 3275; x_wconf 93' lang='lat'>.</span> <span class='ocrx_word' id='word_1_298' title='bbox 1232 3265 1242 3275; x_wconf 89' lang='lat'>.</span> <span class='ocrx_word' id='word_1_299' title='bbox 1274 3233 1450 3276; x_wconf 87' lang='lat' dir='ltr'><strong>decimis</strong></span> <span class='ocrx_word' id='word_1_300' title='bbox 1482 3232 1732 3290; x_wconf 80' lang='lat' dir='ltr'><strong>garbalibus</strong></span> <span class='ocrx_word' id='word_1_301' title='bbox 1768 3231 1867 3274; x_wconf 84' lang='lat' dir='ltr'><strong>aliis</strong></span> <span class='ocrx_word' id='word_1_302' title='bbox 1900 3231 2077 3273; x_wconf 86' lang='lat' dir='ltr'><strong>decimis</strong></span> <span class='ocrx_word' id='word_1_303' title='bbox 2110 3263 2119 3272; x_wconf 89' lang='lat'><strong>.</strong></span> <span class='ocrx_word' id='word_1_304' title='bbox 2151 3264 2162 3273; x_wconf 85' lang='lat'><strong>.</strong></span> <span class='ocrx_word' id='word_1_305' title='bbox 2194 3263 2204 3273; x_wconf 91' lang='lat'><em>.</em></span> <span class='ocrx_word' id='word_1_306' title='bbox 2236 3231 2539 3273; x_wconf 80' lang='lat' dir='ltr'><strong>emolumentis</strong></span> 
     </span>
    </p>

    <p class='ocr_par' dir='ltr' id='par_1_6' title="bbox 609 3310 2540 3448">
     <span class='ocr_line' id='line_1_28' title="bbox 654 3310 2540 3369; baseline -0.001 -16"><span class='ocrx_word' id='word_1_307' title='bbox 654 3343 664 3353; x_wconf 91' lang='lat'><strong>.</strong></span> <span class='ocrx_word' id='word_1_308' title='bbox 697 3343 707 3353; x_wconf 92' lang='lat'><strong><em>.</em></strong></span> <span class='ocrx_word' id='word_1_309' title='bbox 738 3313 784 3353; x_wconf 77' lang='lat' dir='ltr'><strong>et</strong></span> <span class='ocrx_word' id='word_1_310' title='bbox 817 3310 1006 3353; x_wconf 89' lang='lat' dir='ltr'><strong>deuoriis</strong></span> <span class='ocrx_word' id='word_1_311' title='bbox 1041 3312 1366 3368; x_wconf 83' lang='lat' dir='ltr'><strong>quibuscunque</strong></span> <span class='ocrx_word' id='word_1_312' title='bbox 1405 3312 1516 3354; x_wconf 88' lang='lat' dir='ltr'><strong>dicte</strong></span> <span class='ocrx_word' id='word_1_313' title='bbox 1551 3312 1765 3369; x_wconf 88' lang='lat' dir='ltr'><strong>prebende</strong></span> <span class='ocrx_word' id='word_1_314' title='bbox 1800 3311 2117 3367; x_wconf 85' lang='lat' dir='ltr'><strong>pertinentibus</strong></span> <span class='ocrx_word' id='word_1_315' title='bbox 2149 3344 2159 3353; x_wconf 94' lang='lat'>.</span> <span class='ocrx_word' id='word_1_316' title='bbox 2193 3342 2203 3353; x_wconf 89' lang='lat'><strong>.</strong></span> <span class='ocrx_word' id='word_1_317' title='bbox 2239 3344 2247 3353; x_wconf 95' lang='lat'><strong>.</strong></span> <span class='ocrx_word' id='word_1_318' title='bbox 2280 3326 2376 3352; x_wconf 90' lang='lat' dir='ltr'><strong>cum</strong></span> <span class='ocrx_word' id='word_1_319' title='bbox 2411 3311 2540 3367; x_wconf 83' lang='lat' dir='ltr'><strong>gleba</strong></span> 
     </span>
     <span class='ocr_line' id='line_1_29' title="bbox 609 3389 2540 3448; baseline 0.001 -17"><span class='ocrx_word' id='word_1_320' title='bbox 609 3389 799 3432; x_wconf 86' lang='lat' dir='ltr'><strong>manerie</strong></span> <span class='ocrx_word' id='word_1_321' title='bbox 825 3392 871 3432; x_wconf 86' lang='lat' dir='ltr'><strong>et</strong></span> <span class='ocrx_word' id='word_1_322' title='bbox 896 3389 1023 3433; x_wconf 88' lang='lat' dir='ltr'><strong>horto</strong></span> <span class='ocrx_word' id='word_1_323' title='bbox 1049 3390 1237 3433; x_wconf 86' lang='lat' dir='ltr'><strong>eiusdem</strong></span> <span class='ocrx_word' id='word_1_324' title='bbox 1267 3395 1312 3434; x_wconf 87' lang='lat' dir='ltr'><strong>et</strong></span> <span class='ocrx_word' id='word_1_325' title='bbox 1342 3424 1351 3434; x_wconf 91' lang='lat'><strong>.</strong></span> <span class='ocrx_word' id='word_1_326' title='bbox 1385 3424 1395 3434; x_wconf 89' lang='lat'>.</span> <span class='ocrx_word' id='word_1_327' title='bbox 1428 3424 1438 3434; x_wconf 91' lang='lat'><em>.</em></span> <span class='ocrx_word' id='word_1_328' title='bbox 1470 3391 1745 3448; x_wconf 83' lang='lat' dir='ltr'><strong>pertinentiis</strong></span> <span class='ocrx_word' id='word_1_329' title='bbox 1777 3423 1787 3433; x_wconf 90' lang='lat'><strong>.</strong></span> <span class='ocrx_word' id='word_1_330' title='bbox 1820 3423 1829 3433; x_wconf 89' lang='lat'><strong>.</strong></span> <span class='ocrx_word' id='word_1_331' title='bbox 1863 3423 1872 3433; x_wconf 88' lang='lat'>.</span> <span class='ocrx_word' id='word_1_332' title='bbox 1903 3405 1982 3447; x_wconf 88' lang='lat' dir='ltr'><strong>pro</strong></span> <span class='ocrx_word' id='word_1_333' title='bbox 2008 3391 2204 3433; x_wconf 84' lang='lat' dir='ltr'><strong>omnibus</strong></span> <span class='ocrx_word' id='word_1_334' title='bbox 2232 3390 2344 3432; x_wconf 80' lang='lat' dir='ltr'><strong>dicte</strong></span> <span class='ocrx_word' id='word_1_335' title='bbox 2366 3391 2540 3432; x_wconf 85' lang='lat' dir='ltr'><strong>Andree</strong></span> 
     </span>
    </p>
   </div>
  </div>
 </body>
</html>
