3016 3958
281 2518 581 2561 CCXXXIII.

594 575 704 633 278
1073 572 1388 628 CARTAE
1429 568 2058 625 MISCELLANEAE.

597 754 852 810 simpliciter
871 767 949 809 pro
970 754 1179 808 perpetuo
1200 749 1443 806 resignauit
1473 782 1482 791 .
1517 779 1527 789 .
1561 779 1572 790 .
1604 747 1847 790 Reseruato
1878 751 2025 790 tamen
2054 748 2170 791 dicto
2191 747 2384 791 Roberto
2404 748 2542 791 libero

596 838 844 876 tenemento
878 865 888 875 .
922 863 934 875 .
964 864 975 875 .
1006 831 1218 873 dictorum
1248 830 1380 872 trium
1410 831 1759 871 tenementorum
1795 827 2031 870 croftarum
2066 831 2111 870 et
2146 842 2343 870 acrarum
2380 828 2541 870 eisdem

597 913 906 970 pertinentium
937 925 1033 953 eum
1063 908 1340 966 pertinentiis
1370 922 1448 964 pro
1478 911 1571 950 toto
1602 911 1798 963 tempore
1829 907 1917 949 vite
1949 921 2027 949 sue
2056 910 2230 950 tantum
2260 907 2467 951 Tenenda
2497 909 2543 951 et

597 993 797 1037 habenda
830 996 925 1035 tota
966 994 1011 1033 et
1044 991 1215 1046 integra
1254 988 1341 1031 tria
1375 991 1626 1031 tenementa
1660 987 1855 1044 predicta
1890 1002 1988 1030 cum
2018 987 2170 1031 croftis
2202 991 2249 1031 et
2281 988 2395 1031 acris
2425 992 2542 1031 terre

598 1072 776 1116 arabilis
797 1071 955 1113 eisdem
978 1084 1029 1111 ex
1050 1069 1231 1124 antiquo
1251 1068 1570 1124 pertinentibus
1595 1081 1694 1109 cum
1726 1069 1817 1109 suis
1847 1067 2123 1124 pertinentiis
2153 1067 2323 1124 prefato
2356 1066 2543 1124 Georgio

598 1153 911 1206 heredibusque
934 1149 1023 1191 suis
1046 1153 1091 1191 et
1112 1148 1203 1191 suis
1224 1147 1462 1204 assignatis
1482 1148 1535 1190 de
1557 1147 1683 1190 nobis
1704 1150 1750 1189 et
1780 1147 2105 1189 successoribus
2134 1147 2299 1189 nostris
2330 1146 2545 1203 episcopis

599 1230 962 1275 Brechinensibus
992 1229 1037 1270 in
1067 1228 1192 1271 feodo
1223 1233 1269 1270 et
1289 1228 1531 1270 hereditate
1553 1228 1870 1284 imperpetuum
1904 1258 1914 1268 .
1947 1260 1956 1269 .
1990 1259 1998 1269 .
2032 1226 2249 1269 Faciendo
2270 1230 2315 1269 et
2336 1226 2545 1268 soluendo

598 1312 696 1353 inde
716 1309 940 1353 annuatim
961 1308 1102 1350 dictus
1126 1307 1339 1364 Georgius
1360 1308 1543 1351 heredes
1575 1308 1641 1350 sui
1673 1312 1718 1350 et
1747 1307 1962 1363 assignati
1993 1307 2119 1349 nobis
2150 1309 2195 1349 et
2226 1306 2547 1348 successoribus

598 1390 759 1433 nostris
794 1388 1008 1444 episcopis
1044 1388 1411 1430 Brechinensibus
1450 1388 1608 1443 viginti
1645 1387 1807 1430 solidos
1840 1420 1850 1430 .
1884 1420 1893 1428 .
1928 1420 1938 1429 .
1970 1390 2144 1430 monete
2176 1419 2186 1429 .
2219 1419 2229 1428 .
2263 1418 2272 1427 .
2309 1385 2457 1428 Scocie
2492 1386 2547 1427 ad

595 1472 703 1512 duos
732 1469 835 1511 anni
864 1467 1075 1511 terminos
1106 1471 1339 1511 consuetos
1370 1498 1381 1509 .
1415 1499 1425 1508 .
1456 1500 1466 1510 .
1498 1472 1544 1510 et
1573 1467 1810 1510 multuram
1831 1467 1884 1509 de
1904 1467 2032 1509 dictis
2065 1466 2215 1509 croftis
2246 1470 2292 1509 et
2313 1466 2428 1508 acris
2449 1480 2549 1508 con-

596 1554 763 1593 suetam
784 1549 892 1591 etin
914 1548 1035 1590 curia
1054 1552 1208 1590 nostra
1227 1548 1340 1590 dicte
1363 1547 1568 1590 Ciuitatis
1597 1552 1758 1590 sectam
1790 1550 1835 1589 et
1864 1546 1952 1589 alia
1983 1545 2166 1588 seruicia
2195 1545 2343 1588 debita
2373 1548 2418 1588 et
2448 1559 2549 1587 con-

598 1633 722 1671 sueta
754 1660 764 1670 .
797 1661 806 1670 .
841 1659 852 1670 .
884 1628 938 1669 In
958 1627 1082 1670 cuius
1101 1627 1166 1669 rei
1187 1627 1484 1670 testimonium
1507 1626 1702 1683 sigillum
1731 1630 1931 1669 nostrum
1957 1640 2146 1668 unacum
2166 1625 2383 1668 communi
2404 1624 2549 1682 sigillo

596 1708 774 1765 capituli
809 1707 951 1750 nostri
984 1706 1170 1763 predicti
1199 1710 1319 1749 carte
1354 1711 1504 1749 nostre
1540 1710 1609 1749 est
1642 1720 1883 1762 appensum
1920 1706 2035 1762 apud
2078 1705 2312 1747 Ciuitatem
2354 1709 2550 1747 nostram

597 1788 933 1830 Brechinensem
972 1787 1177 1829 vicesimo
1219 1790 1342 1829 sexto
1382 1786 1451 1828 die
1497 1786 1660 1828 mensis
1700 1786 1893 1842 Augusti
1942 1800 2056 1828 anno
2098 1785 2275 1828 Domini
2321 1785 2551 1827 millesimo

596 1868 943 1924 quingentesimo
985 1867 1151 1909 decimo
1192 1881 1339 1909 coram
1380 1866 1468 1908 hiis
1516 1866 1707 1908 testibus
1755 1865 2077 1908 venerabilibus
2118 1869 2164 1907 et
2202 1864 2404 1907 discretis
2443 1864 2550 1906 viris

597 1948 819 2004 magistris
839 1947 1030 2004 Hugone
1066 1946 1266 2003 Douglas
1286 1946 1449 1988 decano
1482 1945 1766 1988 Brechinensi
1786 1944 2013 1987 Willelmo
2047 1943 2268 1987 Meldrum
2298 1949 2550 2000 precentore

599 2030 766 2071 Thoma
787 2028 1007 2070 Meldrum
1028 2026 1287 2069 cancellario
1308 2026 1483 2068 domino
1503 2025 1695 2068 Patricio
1716 2024 1850 2081 Boyis
1869 2023 2145 2067 thezaurario
2165 2023 2378 2080 magistro
2408 2022 2553 2065 Dauid

599 2110 815 2152 Petkarne
836 2108 1140 2150 archidiacono
1162 2106 1356 2149 Henrico
1382 2106 1585 2148 Fentoun
1616 2105 1861 2147 subdecano
1892 2104 1920 2146 J
1923 2104 2094 2146 ohanne
2117 2103 2338 2145 Meldrum
2368 2103 2552 2158 preben-

600 2189 721 2231 dario
742 2188 794 2229 de
816 2187 1066 2244 Buthirgyll
1089 2186 1283 2229 Gilberto
1318 2185 1648 2241 Strathaquhyn
1677 2183 1954 2240 pensionario
1986 2183 2179 2225 Henrico
2202 2182 2347 2239 Quhyt
2367 2183 2550 2238 preben-

602 2270 721 2311 dario
742 2268 794 2310 de
816 2267 1031 2309 Finnevin
1052 2270 1097 2309 et
1118 2266 1145 2308 J
1149 2266 1320 2309 ohanne
1343 2265 1598 2321 Chepmann
1620 2264 1763 2306 scriba
1783 2263 1961 2319 capituli
1993 2267 2037 2305 et
2058 2262 2243 2304 diuersis
2264 2262 2362 2304 aliis
2395 2292 2406 2303 .

608 2497 959 2551 Instrumentum
998 2506 1196 2549 Saisinae
1233 2519 1364 2561 super
1394 2508 1627 2561 praecepto
1661 2518 1739 2560 per
1770 2503 1799 2546 J
1802 2504 2017 2546 ohannem
2053 2504 2303 2560 episcopum
2345 2504 2553 2546 Brechin-

605 2603 751 2631 ensem
782 2588 809 2629 J
813 2587 973 2630 ohanni
1004 2586 1196 2642 Ramsay
1228 2590 1272 2627 et
1304 2584 1492 2640 Georgio
1529 2584 1769 2626 Falconare
1805 2583 1980 2626 ballivis
2011 2584 2102 2626 suis
2133 2588 2184 2626 ut
2218 2585 2443 2627 traderent
2473 2584 2557 2626 sai-

607 2669 746 2710 sinam
765 2667 992 2709 Willelmo
1015 2665 1253 2722 Dempstar
1273 2666 1325 2707 de
1348 2664 1642 2708 Caraldstoun
1671 2664 1847 2706 haeredi
1872 2663 1994 2706 Petri
2014 2662 2276 2720 Dempstare
2298 2664 2350 2705 de
2374 2663 2556 2706 Cal-ald-

609 2752 736 2790 stoun
756 2747 894 2802 patris
915 2746 1052 2802 ipsius
1083 2749 1302 2789 terrarum
1333 2746 1385 2786 de
1416 2744 1675 2800 Fyndowrie
1705 2758 1803 2785 cum
1833 2744 2109 2800 pertinentiis
2142 2774 2153 2785 .
2184 2744 2423 2799 Praecepto
2454 2745 2556 2785 dato

610 2827 812 2869 vicesimo
833 2827 901 2868 die
921 2827 1086 2868 mensis
1109 2825 1219 2868 Maii
1247 2840 1361 2867 anno
1384 2824 1561 2866 Domini
1593 2823 1825 2865 millesimo
1855 2823 2203 2879 quingentesimo
2225 2822 2557 2878 quadragesimo

613 2910 768 2961 quarto
798 2920 943 2947 coram
972 2906 1042 2947 his
1071 2906 1260 2948 testibus
1295 2904 1520 2960 magistris
1556 2903 1758 2946 Johanne
1796 2902 2027 2944 Cokburne
2062 2906 2231 2944 rectore
2267 2902 2320 2943 de
2357 2901 2559 2957 Kylmoir

615 2985 643 3026 J
646 2986 813 3026 ohanne
836 2984 1065 3026 Cokburne
1077 2985 1264 3039 juniore,
1288 2984 1315 3026 J
1319 2985 1453 3026 acobo
1470 2983 1608 3025 Lamb
1631 2981 1817 3037 Georgio
1833 2981 2050 3023 Watsone
2067 2981 2289 3023 Harberto
2307 2980 2556 3022 Gledstanis

616 3069 661 3106 et
698 3064 908 3119 magistro
952 3064 1119 3106 Thoma
1159 3065 1416 3106 Andersone
1458 3061 1691 3105 secretario
1731 3060 1922 3117 episcopi
1952 3091 1963 3103 .
1997 3060 2170 3102 Saisina
2209 3060 2373 3102 tradita
2412 3074 2558 3102 coram

618 3143 803 3186 testibus
818 3142 845 3184 J
850 3144 981 3184 acobo
1002 3143 1203 3185 Fentoun
1224 3143 1277 3184 de
1295 3141 1411 3198 Ogill
1434 3141 1625 3184 Roberto
1645 3139 1948 3195 Skrimgeoure
1965 3138 2157 3182 Roberto
2175 3139 2377 3181 Thowles
2393 3139 2421 3181 J
2424 3140 2558 3181 acobo

620 3224 771 3279 Lyoun
793 3221 1018 3263 W’illelmo
1049 3221 1200 3277 Lyoun
1223 3222 1423 3264 Johanne
1445 3220 1583 3262 Bruss
1611 3223 1656 3261 et
1686 3218 1886 3261 Johanne
1917 3217 2111 3260 Jurdane
2143 3251 2153 3261 .
2186 3219 2407 3262 Harberto
2430 3218 2560 3262 Glad-

623 3302 759 3344 stanis
781 3301 935 3343 clerico
958 3300 1241 3356 Glasguensis
1262 3301 1507 3344 dioeceseos
1528 3299 1698 3342 notario
1731 3329 1741 3340 .
1773 3299 1827 3341 26
1850 3297 1960 3340 Maii
1987 3300 2094 3340 1544
2127 3328 2139 3340 .
