3016 3958
1030 631 1326 694 OARTAE
1368 626 1869 690 ORIGINALES.
2344 641 2451 694 125

497 821 709 869 reatinos
749 821 1014 870 Romanam
1053 824 1232 872 curiam
1269 829 1524 889 sequentes
1560 826 1696 881 Quod
1734 827 1824 890 ipsi
1859 828 2039 876 facient
2076 831 2301 892 expedire
2340 848 2445 894 pro-

495 911 751 959 motionem
777 912 835 959 de
860 912 1140 976 episcopatu
1166 914 1476 963 Brechinensi
1501 915 1548 962 in
1585 915 1752 964 Scotia
1778 933 1922 980 supra
1947 933 2198 980 personam
2232 942 2243 973 s
2277 935 2360 967 seu
2385 922 2444 967 ad

497 1000 755 1049 utilitatem
794 1018 994 1066 persone
1034 1003 1326 1053 honorabilis
1364 1005 1542 1052 domini
1585 1009 1635 1053 et
1675 1006 1889 1068 magistri
1932 1006 2164 1055 Willelmi
2209 1008 2446 1056 Meldrum

499 1090 679 1138 Vicarii
719 1092 1054 1142 Brechinensis
1086 1113 1097 1146 s
1130 1098 1214 1142 aut
1249 1110 1336 1158 per
1368 1094 1737 1157 resignationem
1771 1108 1782 1142 Ι
1814 1111 1897 1144 seu
1936 1101 2138 1144 mortem
2179 1098 2447 1146 Reverendi

498 1182 543 1228 in
585 1182 698 1246 Xpo
736 1182 886 1245 patris
923 1198 981 1230 ac
1022 1183 1216 1230 Domini
1246 1183 1484 1232 «Iohannis
1525 1183 1719 1232 Balfour
1753 1185 1956 1248 predicti
1993 1187 2295 1250 episcopatus
2332 1189 2448 1235 Bre-

498 1272 734 1320 chinensis
772 1271 999 1336 Episcopi
1046 1272 1261 1320 moderni
1293 1297 1304 1330 t
1340 1273 1405 1321 Et
1447 1274 1606 1321 omnia
1652 1273 1748 1321 alia
1795 1278 1845 1323 et
1892 1275 2078 1338 singula
2125 1281 2352 1326 contenta
2398 1279 2446 1325 in

497 1363 700 1426 quodam
737 1360 1000 1409 memoriali
1031 1386 1043 1416 Ι
1076 1378 1161 1424 per
1207 1363 1410 1410 eundem
1459 1363 1699 1411 dominum
1751 1363 2022 1412 Walterum
2071 1366 2160 1429 ipsi
2211 1368 2446 1430 Guaspari

495 1452 676 1499 tradito
700 1455 749 1499 et
774 1450 1038 1499 deliberato
1061 1466 1119 1499 ac
1143 1452 1336 1516 propria
1359 1452 1508 1516 ipsius
1530 1469 1675 1500 manu
1698 1454 1968 1517 subscripto
2004 1459 2053 1503 et
2089 1456 2275 1519 signato
2302 1458 2446 1518 juxta

496 1541 644 1604 ipsius
662 1540 949 1588 memorialis
973 1540 1141 1588 seriem
1169 1545 1219 1590 et
1242 1545 1455 1590 tenorem
1481 1566 1492 1599 s
1520 1542 1667 1590 Cuius
1684 1559 1844 1590 veram
1869 1548 1918 1592 et
1943 1545 2235 1592 autenticam
2261 1548 2443 1610 copiam

496 1631 596 1695 ipse
638 1631 855 1678 dominus
900 1629 1147 1679 Walterus
1178 1651 1189 1683 t
1221 1632 1283 1679 ad
1325 1631 1553 1680 maiorem
1596 1633 1743 1695 ipsius
1785 1632 2023 1682 cautelam
2056 1654 2068 1686 Ι
2100 1638 2247 1698 penes
2287 1653 2337 1684 se
2373 1654 2445 1684 re-

494 1721 640 1769 tinuit
672 1736 742 1769 stt
778 1720 969 1767 Deinde
995 1720 1119 1767 idem
1158 1721 1378 1785 Guaspar
1412 1722 1559 1770 etiam
1594 1722 1812 1785 promisit
1851 1723 2094 1772 Summam
2132 1726 2441 1773 ducentarum

494 1811 720 1859 librarum
756 1824 1023 1873 grossorum
1063 1814 1254 1858 monete
1294 1810 1520 1859 Flandrie
1555 1834 1565 1862 s
1598 1828 1739 1875 quam
1775 1829 1805 1860 a
1840 1813 2055 1876 predicto
2082 1814 2271 1862 domino
2312 1815 2446 1862 Wal-

494 1907 599 1949 tero
632 1925 643 1958 J
674 1901 723 1948 in
747 1900 883 1948 bonis
907 1900 1139 1963 promptis
1158 1904 1207 1948 et
1227 1901 1489 1949 numeratis
1516 1902 1731 1964 pecuniis
1755 1903 1936 1966 recepit
1962 1908 2104 1966 prout
2129 1905 2445 1953 confitebatur

495 1997 544 2039 et
569 1991 822 2039 confitetur
853 2015 864 2047 s
897 1991 956 2037 de
980 2006 1075 2054 qua
1097 1990 1189 2038 sibi
1213 1991 1511 2039 satisfactum
1538 1996 1587 2038 et
1612 1995 1944 2040 contentatum
1980 1993 2136 2041 tenuit
2173 1998 2221 2041 et
2257 1999 2391 2042 tenet
2426 2019 2435 2049 s

495 2081 749 2144 Implicare
788 2084 837 2127 et
875 2083 1151 2127 convertere
1193 2080 1241 2127 in
1279 2079 1566 2128 solutionem
1604 2080 1838 2128 bullarum
1878 2082 2092 2144 predicte
2133 2085 2443 2146 promotionis

494 2176 543 2219 et
567 2171 766 2219 aliarum
790 2186 946 2217 rerum
984 2169 1031 2216 in
1071 2170 1200 2217 dicto
1245 2169 1507 2217 memoriali
1539 2168 1686 2219 latius
1723 2174 2055 2219 contentarum
2094 2177 2143 2219 et
2183 2173 2445 2222 declarata—

494 2278 598 2310 rum
630 2278 662 2310 s.
668 2261 812 2323 juxta
835 2259 982 2323 ipsius
1006 2259 1294 2308 memorialis
1317 2260 1487 2308 seriem
1513 2263 1562 2307 et
1586 2263 1802 2307 tenorem
1835 2271 1876 2304 ΙΙ
1911 2261 1970 2307 In
1993 2265 2181 2309 tantum
2217 2262 2266 2308 in
2297 2279 2441 2326 quan-

491 2356 594 2399 tum
629 2350 846 2414 predicta
881 2350 1193 2396 ducentarum
1229 2348 1454 2396 librarum
1490 2365 1757 2411 grossorum
1793 2355 1983 2398 monete
2009 2350 2234 2399 Flandrie
2258 2368 2442 2400 summa

493 2457 544 2490 se
566 2439 776 2504 potuerit
800 2438 1060 2486 extendere
1093 2458 1105 2491 s
1140 2439 1205 2485 Et
1225 2438 1458 2500 singulum
1480 2439 1704 2486 ducatum
1724 2440 1994 2502 expendere
2015 2444 2063 2487 et
2082 2440 2128 2486 in
2154 2440 2438 2489 solutionem

494 2531 815 2595 predictorum
835 2531 1109 2574 convertere
1143 2542 1154 2574 Ι
1186 2529 1248 2574 ad
1273 2528 1506 2575 rationem
1527 2528 1585 2574 de
1605 2526 1770 2575 solidis
1787 2543 1955 2575 novem
1987 2549 1999 2581 t
2033 2529 2240 2577 denariis
2259 2531 2439 2579 duobus

494 2635 760 2684 grossorum
797 2616 1012 2680 predicte
1051 2620 1241 2663 monete
1268 2615 1493 2663 Flandrie
1527 2637 1538 2669 s
1573 2616 1639 2663 Et
1677 2631 1791 2664 casu
1830 2633 1924 2679 quo
1964 2617 2065 2680 ipse
2091 2617 2311 2681 Guaspar
2334 2636 2438 2682 pre-

495 2713 672 2758 dictam
708 2706 1060 2770 expeditionem
1095 2705 1406 2768 promotionis
1437 2704 1738 2768 episcopatus
1773 2710 1824 2752 et
1857 2704 2056 2753 aliorum
2094 2706 2141 2753 in
2177 2707 2306 2755 dicto
2342 2725 2437 2755 me-

495 2799 679 2848 moriali
703 2801 1032 2845 contentorum
1058 2795 1314 2842 secundum
1353 2794 1456 2841 eius
1493 2793 1664 2842 seriem
1697 2812 1708 2845 s
1741 2793 1955 2842 obtinere
1994 2795 2183 2843 omnino
2220 2812 2314 2843 non
2355 2814 2434 2844 va-

494 2893 615 2940 leret
650 2905 659 2933 1
692 2892 775 2935 aut
816 2901 1023 2948 expense
1065 2883 1298 2931 bullarum
1341 2898 1489 2946 usque
1530 2883 1590 2929 ad
1634 2883 1811 2930 dictam
1858 2899 2088 2931 summam
2124 2885 2432 2933 ducentarum

492 2983 718 3030 librarum
742 2991 1008 3040 grossorum
1035 2974 1160 3021 dicte
1186 2977 1374 3020 monete
1398 2987 1492 3019 non
1522 2972 1833 3020 ascenderent
1865 2993 1877 3026 s
1912 2971 2072 3020 Etiam
2097 2973 2312 3035 promisit
2338 2976 2435 3022 dic—

493 3078 593 3120 tam
618 3082 847 3118 summam
873 3065 1104 3126 integram
1131 3063 1441 3110 ducentarum
1465 3047 1690 3108 librarum
1713 3076 1978 3122 grossorum
2003 3065 2087 3109 aut
2111 3063 2236 3126 quod
2261 3065 2432 3112 exinde

497 3158 697 3209 restabit
739 3159 788 3203 et
828 3169 975 3218 penes
1015 3168 1066 3201 se
1109 3151 1284 3199 residui
1327 3151 1418 3198 erit
1452 3149 1676 3203 [solvere
1711 3150 1901 3197 tradere
1943 3155 1992 3198 et
2035 3150 2296 3200 deliberare
2343 3155 2433 3217 ipsi

497 3249 686 3298 domino
712 3243 933 3292 Waltero
962 3271 976 3302 s
1006 3258 1091 3290 seu
1129 3241 1276 3304 ipsius
1312 3238 1606 3303 procuratori
1644 3238 1810 3287 nuntio
1848 3239 1920 3287 vel
1951 3240 2124 3293 factori
2158 3265 2170 3298 s
2201 3247 2284 3290 aut
2309 3245 2433 3291 suffi-

493 3342 626 3389 ciens
647 3335 923 3384 mandatum
947 3330 1140 3379 habenti
1166 3333 1248 3377 aut
1273 3328 1392 3376 alias
1427 3343 1615 3375 causam
1652 3327 1886 3390 presentis
1909 3327 2086 3391 publici
2110 3329 2432 3380 iutstrumenti
