3016 3958
1215 832 1722 936 APPENDIX
1777 834 1869 901 Π.

731 1209 1049 1265 CARTAE
1103 1211 1661 1269 EPISCOPORUM
1715 1215 2376 1274 BRECHINENSIUM

951 1333 1054 1386 DE
1107 1333 1509 1389 ECCLESIIS
1564 1336 2135 1394 MONACHORUM

1161 1444 1265 1498 DE
1319 1444 1922 1504 ABERBROTHOC.

542 1829 676 1870 Carta
697 1826 880 1883 Turpini
902 1825 1092 1881 episcopi
1114 1825 1433 1883 Brechynensis
1454 1827 1507 1868 de
1529 1826 1712 1869 ecclesia
1733 1828 1786 1869 de
1809 1828 1947 1870 veteri
1970 1828 2156 1871 Munros
2188 1862 2197 1871 .

285 1978 513 2022 CXCVII.
540 1961 786 2018 Vniuersis
821 1977 970 2017 sancte
1005 1973 1160 2016 matris
1194 1973 1373 2016 ecclesie
1409 1973 1513 2016 filiis
1546 1974 1716 2017 clericis
1747 1978 1792 2017 et
1821 1975 1959 2025 laicis,
1992 1975 2214 2033 Turpinus
2245 1976 2328 2019 Dei
2349 1978 2493 2034 gratia

541 2055 768 2112 episcopus
804 2055 857 2097 de
894 2054 1093 2110 Brechyn
1128 2053 1314 2097 salutem
1346 2086 1356 2097 .
1392 2053 1542 2097 Sciant
1573 2058 1665 2098 tam
1698 2056 1864 2111 posteri
1897 2069 2027 2111 quam
2057 2061 2298 2113 presentes,
2320 2073 2400 2101 nos
2422 2059 2494 2100 de-

540 2136 657 2179 disse
694 2139 740 2178 et
771 2135 1040 2177 concessisse
1071 2137 1118 2177 et
1147 2134 1233 2177 hac
1263 2137 1386 2177 carta-
1417 2138 1571 2178 nostra
1604 2135 1888 2178 confirmasse
1922 2135 2017 2179 Deo
2049 2141 2096 2180 et
2130 2137 2310 2180 ecclesie
2353 2140 2492 2181 sancti

543 2217 709 2258 Thome
743 2215 795 2257 de
829 2214 1130 2257 Aberbrothoc
1165 2217 1210 2256 et
1241 2214 1467 2257 monachis
1502 2215 1663 2257 ibidem
1701 2214 1797 2258 Deo
1834 2216 2128 2260 seruientibus
2165 2222 2210 2260 et
2247 2219 2492 2269 seruituris,

542 2296 768 2338 ecclesiam
800 2295 852 2337 de
883 2294 1022 2338 veteri
1053 2294 1240 2336 Munros
1269 2295 1504 2337 tenendam
1537 2295 1583 2336 in
1615 2294 1798 2338 liberam
1834 2299 1880 2338 et
1908 2299 2163 2353 perpetuam
2198 2297 2493 2349 elemosinam,

542 2392 638 2419 cum
660 2377 791 2420 terris
826 2379 872 2418 et
903 2375 1082 2417 decimis
1115 2379 1159 2417 et
1192 2375 1490 2418 oblacionibus
1524 2379 1569 2417 et
1601 2376 1804 2418 omnibus
1834 2376 1963 2418 iustis
1985 2377 2265 2432 pertinenciis
2297 2378 2403 2428 suis,
2434 2379 2497 2420 ita

542 2458 677 2500 libere
699 2457 844 2512 quiete
879 2455 1130 2504 honorifice,
1154 2455 1266 2497 sieut
1286 2455 1434 2510 aliqua
1454 2455 1636 2497 abbacia
1666 2455 1711 2497 in
1741 2458 1836 2499 toto
1857 2470 1993 2512 regno
2017 2456 2352 2508 Scotiemelius,
2373 2460 2493 2514 quie—

544 2538 637 2581 cius
661 2537 842 2579 liberius
865 2535 1226 2578 honorificencius
1246 2534 1548 2591 possessiones
1571 2548 1673 2576 suas
1695 2539 1740 2577 et
1767 2535 2027 2578 elemosinas
2057 2539 2180 2579 tenet
2210 2541 2255 2579 et
2284 2538 2491 2594 possidet,

548 2618 684 2661 saluis
718 2615 1038 2673 episcopalibus
1070 2648 1079 2657 .
1113 2615 1319 2658 Testibus
1351 2646 1359 2657 .
1394 2615 1459 2657 M.
1496 2615 1700 2671 episeopo
1734 2615 2052 2666 Aberdonensi,
2088 2616 2307 2660 Archenb'
2337 2618 2495 2662 abbate

546 2700 598 2741 de
624 2696 954 2753 Dunfermelyn,
978 2695 1128 2738 Priore
1149 2696 1202 2737 de
1234 2696 1434 2752 Brechyn
1465 2727 1475 2739 .
1510 2695 1688 2737 Andrea
1707 2694 1932 2751 capellano
1954 2695 2007 2737 de
2030 2696 2231 2752 Brechyn
2261 2729 2271 2740 .
2304 2697 2496 2742 Roberto

547 2779 771 2836 capellano
792 2777 923 2834 regis,
955 2776 1146 2832 Hugone
1168 2775 1324 2818 clerico
1344 2775 1477 2832 regis,
1505 2774 1694 2818 Ricardo
1717 2775 1769 2816 de
1791 2774 2033 2826 Prebenda,
2054 2775 2243 2820 Ricardo
2274 2777 2327 2819 de
2358 2778 2497 2822 Aber-

550 2860 733 2903 brothoc
766 2889 776 2899 .
809 2857 944 2914 (A.D.
981 2856 1216 2911 1178-98.)

554 3033 841 3076 Confirmacio
862 3030 1082 3087 Radulphi
1103 3029 1291 3086 episcopi
1314 3028 1633 3084 Brechynensis
1654 3029 1706 3070 de
1729 3029 1910 3071 ecclesia
1930 3029 1982 3070 de
2004 3030 2140 3072 veteri
2165 3031 2350 3074 Munros
2385 3065 2393 3073 .

273 3183 530 3227 CXCVIII.
555 3168 825 3236 Radulphus
846 3178 927 3221 Dei
950 3178 1094 3235 gratia
1115 3177 1433 3233 Brechynensis
1455 3177 1697 3232 episcopus,
1730 3177 1946 3220 vniuersis
1976 3182 2124 3221 sancte
2144 3181 2299 3222 matris
2320 3181 2497 3223 ecclesie

555 3262 657 3304 filiis
678 3264 722 3303 et
742 3259 945 3302 fidelibus
963 3257 1149 3301 salutem
1169 3259 1216 3299 in
1237 3257 1424 3300 Domino
1456 3289 1465 3299 .
1501 3256 1650 3299 Sciant
1669 3261 1894 3312 presentes
1925 3262 1970 3301 et
1996 3259 2133 3301 futuri
2164 3273 2244 3302 nos
2265 3260 2434 3303 dedisse
2455 3267 2498 3303 et
