<?xml version="1.0" encoding="UTF-8"?>
<!DOCTYPE html PUBLIC "-//W3C//DTD XHTML 1.0 Transitional//EN"
    "http://www.w3.org/TR/xhtml1/DTD/xhtml1-transitional.dtd">
<html xmlns="http://www.w3.org/1999/xhtml" xml:lang="en" lang="en">
 <head>
  <title>
</title>
<meta http-equiv="Content-Type" content="text/html;charset=utf-8" />
  <meta name='ocr-system' content='tesseract 3.04.00' />
  <meta name='ocr-capabilities' content='ocr_page ocr_carea ocr_par ocr_line ocrx_word'/>
</head>
<body>
  <div class='ocr_page' id='page_1' title='image "./registrumepiscop02brecuoft_0303.png"; bbox 0 0 3016 3958; ppageno 0'>
   <div class='ocr_carea' id='block_1_1' title="bbox 227 2647 474 2691">
    <p class='ocr_par' dir='ltr' id='par_1_1' title="bbox 227 2647 474 2691">
     <span class='ocr_line' id='line_1_1' title="bbox 227 2647 474 2691; baseline 0.008 -2"><span class='ocrx_word' id='word_1_1' title='bbox 227 2647 474 2691; x_wconf 85' lang='lat' dir='ltr'>CCXLVI.</span> 
     </span>
    </p>
   </div>
   <div class='ocr_carea' id='block_1_2' title="bbox 1008 617 2483 681">
    <p class='ocr_par' dir='ltr' id='par_1_2' title="bbox 1008 617 2483 681">
     <span class='ocr_line' id='line_1_2' title="bbox 1008 617 2483 681; baseline 0.005 -7"><span class='ocrx_word' id='word_1_2' title='bbox 1008 617 1327 674; x_wconf 84' lang='lat' dir='ltr'><strong>CARTAE</strong></span> <span class='ocrx_word' id='word_1_3' title='bbox 1366 619 1998 679; x_wconf 83' lang='lat' dir='ltr'><strong>MISCELLANEAE.</strong></span> <span class='ocrx_word' id='word_1_4' title='bbox 2373 625 2483 681; x_wconf 85' lang='lat'><strong>289</strong></span> 
     </span>
    </p>
   </div>
   <div class='ocr_carea' id='block_1_3' title="bbox 501 795 2489 2218">
    <p class='ocr_par' dir='ltr' id='par_1_3' title="bbox 523 795 2489 1099">
     <span class='ocr_line' id='line_1_3' title="bbox 530 795 2487 859; baseline 0.006 -24"><span class='ocrx_word' id='word_1_5' title='bbox 530 795 857 852; x_wconf 79' lang='lat' dir='ltr'>quibuscunque</span> <span class='ocrx_word' id='word_1_6' title='bbox 899 798 1161 841; x_wconf 85' lang='lat' dir='ltr'><strong>hereditarie</strong></span> <span class='ocrx_word' id='word_1_7' title='bbox 1199 831 1208 841; x_wconf 93' lang='lat'><strong>.</strong></span> <span class='ocrx_word' id='word_1_8' title='bbox 1248 833 1257 842; x_wconf 92' lang='lat'>.</span> <span class='ocrx_word' id='word_1_9' title='bbox 1297 833 1306 842; x_wconf 89' lang='lat'><em>.</em></span> <span class='ocrx_word' id='word_1_10' title='bbox 1344 815 1477 842; x_wconf 91' lang='lat' dir='ltr'><strong>unum</strong></span> <span class='ocrx_word' id='word_1_11' title='bbox 1519 815 1712 844; x_wconf 83' lang='lat' dir='ltr'><strong>annuum</strong></span> <span class='ocrx_word' id='word_1_12' title='bbox 1759 803 1975 845; x_wconf 89' lang='lat' dir='ltr'><strong>redditum</strong></span> <span class='ocrx_word' id='word_1_13' title='bbox 2031 803 2260 859; x_wconf 79' lang='lat' dir='ltr'><strong>sexaginta</strong></span> <span class='ocrx_word' id='word_1_14' title='bbox 2300 807 2345 847; x_wconf 89' lang='lat' dir='ltr'><strong>et</strong></span> <span class='ocrx_word' id='word_1_15' title='bbox 2383 805 2487 847; x_wconf 90' lang='lat' dir='ltr'><strong>duo-</strong></span> 
     </span>
     <span class='ocr_line' id='line_1_4' title="bbox 528 875 2489 926; baseline 0.006 -10"><span class='ocrx_word' id='word_1_16' title='bbox 528 875 664 917; x_wconf 85' lang='lat' dir='ltr'><strong>decim</strong></span> <span class='ocrx_word' id='word_1_17' title='bbox 707 876 923 918; x_wconf 83' lang='lat' dir='ltr'><strong>bollarum</strong></span> <span class='ocrx_word' id='word_1_18' title='bbox 965 878 1116 920; x_wconf 87' lang='lat' dir='ltr'><strong>hordei</strong></span> <span class='ocrx_word' id='word_1_19' title='bbox 1157 893 1253 921; x_wconf 87' lang='lat' dir='ltr'><strong>cum</strong></span> <span class='ocrx_word' id='word_1_20' title='bbox 1290 880 1472 923; x_wconf 80' lang='lat' dir='ltr'><strong>caritate</strong></span> <span class='ocrx_word' id='word_1_21' title='bbox 1508 881 1611 924; x_wconf 88' lang='lat' dir='ltr'><strong>boni</strong></span> <span class='ocrx_word' id='word_1_22' title='bbox 1647 885 1692 924; x_wconf 82' lang='lat' dir='ltr'><strong>et</strong></span> <span class='ocrx_word' id='word_1_23' title='bbox 1729 882 1984 926; x_wconf 87' lang='lat' dir='ltr'><strong>sufficientis</strong></span> <span class='ocrx_word' id='word_1_24' title='bbox 2019 883 2285 925; x_wconf 83' lang='lat' dir='ltr'><strong>mercimonii</strong></span> <span class='ocrx_word' id='word_1_25' title='bbox 2323 898 2489 926; x_wconf 81' lang='lat' dir='ltr'><strong>annua-</strong></span> 
     </span>
     <span class='ocr_line' id='line_1_5' title="bbox 525 955 2483 1019; baseline 0.004 -21"><span class='ocrx_word' id='word_1_26' title='bbox 525 955 605 998; x_wconf 88' lang='lat' dir='ltr'><strong>tim</strong></span> <span class='ocrx_word' id='word_1_27' title='bbox 626 955 742 998; x_wconf 83' lang='lat' dir='ltr'><strong>inter</strong></span> <span class='ocrx_word' id='word_1_28' title='bbox 762 957 876 1000; x_wconf 82' lang='lat' dir='ltr'><strong>festa</strong></span> <span class='ocrx_word' id='word_1_29' title='bbox 907 958 1154 1002; x_wconf 83' lang='lat' dir='ltr'><strong>natiuitatis</strong></span> <span class='ocrx_word' id='word_1_30' title='bbox 1176 958 1354 1002; x_wconf 91' lang='lat' dir='ltr'><strong>Domini</strong></span> <span class='ocrx_word' id='word_1_31' title='bbox 1376 963 1420 1003; x_wconf 86' lang='lat' dir='ltr'><strong>et</strong></span> <span class='ocrx_word' id='word_1_32' title='bbox 1450 961 1767 1017; x_wconf 84' lang='lat' dir='ltr'><strong>purificationis</strong></span> <span class='ocrx_word' id='word_1_33' title='bbox 1797 963 1924 1005; x_wconf 80' lang='lat' dir='ltr'><strong>beate</strong></span> <span class='ocrx_word' id='word_1_34' title='bbox 1948 963 2090 1005; x_wconf 83' lang='lat' dir='ltr'><strong>Marie</strong></span> <span class='ocrx_word' id='word_1_35' title='bbox 2111 962 2313 1019; x_wconf 75' lang='lat' dir='ltr'><strong>Virginis</strong></span> <span class='ocrx_word' id='word_1_36' title='bbox 2333 963 2483 1005; x_wconf 84' lang='lat' dir='ltr'><strong>leuan-</strong></span> 
     </span>
     <span class='ocr_line' id='line_1_6' title="bbox 523 1035 2481 1099; baseline 0.005 -23"><span class='ocrx_word' id='word_1_37' title='bbox 523 1035 622 1077; x_wconf 89' lang='lat' dir='ltr'><strong>dum</strong></span> <span class='ocrx_word' id='word_1_38' title='bbox 658 1070 668 1085; x_wconf 83' lang='grc'><strong><em>,</em></strong></span> <span class='ocrx_word' id='word_1_39' title='bbox 703 1067 713 1078; x_wconf 94' lang='grc'><em>.</em></span> <span class='ocrx_word' id='word_1_40' title='bbox 746 1070 756 1081; x_wconf 89' lang='grc'><strong>.</strong></span> <span class='ocrx_word' id='word_1_41' title='bbox 788 1038 840 1079; x_wconf 86' lang='lat' dir='ltr'><strong>de</strong></span> <span class='ocrx_word' id='word_1_42' title='bbox 874 1071 882 1080; x_wconf 95' lang='lat'><strong><em>.</em></strong></span> <span class='ocrx_word' id='word_1_43' title='bbox 917 1071 926 1082; x_wconf 90' lang='lat'><strong>.</strong></span> <span class='ocrx_word' id='word_1_44' title='bbox 966 1070 974 1080; x_wconf 91' lang='lat'>.</span> <span class='ocrx_word' id='word_1_45' title='bbox 1006 1040 1169 1082; x_wconf 85' lang='lat' dir='ltr'><strong>nostris</strong></span> <span class='ocrx_word' id='word_1_46' title='bbox 1191 1040 1321 1082; x_wconf 88' lang='lat' dir='ltr'><strong>terris</strong></span> <span class='ocrx_word' id='word_1_47' title='bbox 1342 1041 1395 1083; x_wconf 90' lang='lat' dir='ltr'><strong>de</strong></span> <span class='ocrx_word' id='word_1_48' title='bbox 1419 1040 1656 1084; x_wconf 80' lang='lat' dir='ltr'><strong>Caldhame</strong></span> <span class='ocrx_word' id='word_1_49' title='bbox 1678 1056 1775 1084; x_wconf 89' lang='lat' dir='ltr'><strong>cum</strong></span> <span class='ocrx_word' id='word_1_50' title='bbox 1808 1080 1818 1086; x_wconf 88' lang='lat'><strong>.</strong></span> <span class='ocrx_word' id='word_1_51' title='bbox 1852 1076 1861 1085; x_wconf 96' lang='lat'><strong><em>.</em></strong></span> <span class='ocrx_word' id='word_1_52' title='bbox 1896 1076 1906 1086; x_wconf 91' lang='lat'><strong>.</strong></span> <span class='ocrx_word' id='word_1_53' title='bbox 1938 1043 2215 1099; x_wconf 83' lang='lat' dir='ltr'><strong>pertinentiis</strong></span> <span class='ocrx_word' id='word_1_54' title='bbox 2246 1043 2481 1085; x_wconf 81' lang='lat' dir='ltr'><strong>earundem</strong></span> 
     </span>
    </p>

    <p class='ocr_par' dir='ltr' id='par_1_4' title="bbox 501 1118 2482 2218">
     <span class='ocr_line' id='line_1_7' title="bbox 569 1118 2482 1179; baseline 0.002 -19"><span class='ocrx_word' id='word_1_55' title='bbox 569 1149 580 1160; x_wconf 86' lang='lat'><strong>.</strong></span> <span class='ocrx_word' id='word_1_56' title='bbox 615 1150 623 1159; x_wconf 94' lang='lat'><strong>.</strong></span> <span class='ocrx_word' id='word_1_57' title='bbox 658 1132 735 1159; x_wconf 87' lang='lat' dir='ltr'><strong>seu</strong></span> <span class='ocrx_word' id='word_1_58' title='bbox 770 1118 824 1161; x_wconf 91' lang='lat' dir='ltr'><strong>de</strong></span> <span class='ocrx_word' id='word_1_59' title='bbox 855 1118 1002 1174; x_wconf 83' lang='lat' dir='ltr'><strong>aliqua</strong></span> <span class='ocrx_word' id='word_1_60' title='bbox 1039 1119 1273 1161; x_wconf 83' lang='lat' dir='ltr'><strong>earundem</strong></span> <span class='ocrx_word' id='word_1_61' title='bbox 1312 1126 1437 1176; x_wconf 85' lang='lat' dir='ltr'><strong>parte</strong></span> <span class='ocrx_word' id='word_1_62' title='bbox 1468 1121 1718 1176; x_wconf 81' lang='lat' dir='ltr'><strong>jacentibus</strong></span> <span class='ocrx_word' id='word_1_63' title='bbox 1753 1122 1868 1164; x_wconf 87' lang='lat' dir='ltr'><strong>infra</strong></span> <span class='ocrx_word' id='word_1_64' title='bbox 1904 1123 2154 1179; x_wconf 78' lang='lat' dir='ltr'><strong>parochiam</strong></span> <span class='ocrx_word' id='word_1_65' title='bbox 2193 1123 2245 1165; x_wconf 90' lang='lat' dir='ltr'><strong>de</strong></span> <span class='ocrx_word' id='word_1_66' title='bbox 2284 1123 2482 1179; x_wconf 82' lang='lat' dir='ltr'><strong>Brechyn</strong></span> 
     </span>
     <span class='ocr_line' id='line_1_8' title="bbox 520 1198 2479 1258; baseline 0.003 -19"><span class='ocrx_word' id='word_1_67' title='bbox 520 1201 565 1240; x_wconf 80' lang='lat' dir='ltr'><strong>et</strong></span> <span class='ocrx_word' id='word_1_68' title='bbox 604 1198 954 1241; x_wconf 82' lang='lat' dir='ltr'><strong>vicecomitatum</strong></span> <span class='ocrx_word' id='word_1_69' title='bbox 991 1200 1044 1241; x_wconf 91' lang='lat' dir='ltr'><strong>de</strong></span> <span class='ocrx_word' id='word_1_70' title='bbox 1089 1199 1123 1241; x_wconf 92' lang='lat' dir='ltr'>F</span> <span class='ocrx_word' id='word_1_71' title='bbox 1128 1200 1266 1242; x_wconf 81' lang='lat' dir='ltr'><strong>orfair</strong></span> <span class='ocrx_word' id='word_1_72' title='bbox 1295 1233 1302 1243; x_wconf 93' lang='lat'><em>.</em></span> <span class='ocrx_word' id='word_1_73' title='bbox 1340 1201 1592 1243; x_wconf 80' lang='lat' dir='ltr'><strong>Tenendum</strong></span> <span class='ocrx_word' id='word_1_74' title='bbox 1626 1234 1635 1244; x_wconf 92' lang='lat'><strong>.</strong></span> <span class='ocrx_word' id='word_1_75' title='bbox 1671 1233 1681 1244; x_wconf 87' lang='lat'><strong>.</strong></span> <span class='ocrx_word' id='word_1_76' title='bbox 1714 1234 1724 1244; x_wconf 88' lang='lat'><strong>.</strong></span> <span class='ocrx_word' id='word_1_77' title='bbox 1755 1202 1998 1258; x_wconf 89' lang='lat' dir='ltr'><strong>predictum</strong></span> <span class='ocrx_word' id='word_1_78' title='bbox 2035 1216 2229 1245; x_wconf 84' lang='lat' dir='ltr'><strong>annuum</strong></span> <span class='ocrx_word' id='word_1_79' title='bbox 2264 1203 2479 1245; x_wconf 85' lang='lat' dir='ltr'><strong>redditum</strong></span> 
     </span>
     <span class='ocr_line' id='line_1_9' title="bbox 520 1279 2478 1334; baseline 0.003 -14"><span class='ocrx_word' id='word_1_80' title='bbox 520 1312 528 1320; x_wconf 95' lang='lat'>.</span> <span class='ocrx_word' id='word_1_81' title='bbox 562 1311 571 1320; x_wconf 95' lang='lat'><strong>.</strong></span> <span class='ocrx_word' id='word_1_82' title='bbox 606 1311 615 1321; x_wconf 88' lang='lat'><strong>.</strong></span> <span class='ocrx_word' id='word_1_83' title='bbox 647 1279 831 1334; x_wconf 83' lang='lat' dir='ltr'><strong>prefatis</strong></span> <span class='ocrx_word' id='word_1_84' title='bbox 871 1279 1082 1334; x_wconf 80' lang='lat' dir='ltr'><strong>magistro</strong></span> <span class='ocrx_word' id='word_1_85' title='bbox 1124 1280 1308 1322; x_wconf 80' lang='lat' dir='ltr'><strong>Herculi</strong></span> <span class='ocrx_word' id='word_1_86' title='bbox 1348 1284 1394 1323; x_wconf 88' lang='lat' dir='ltr'><strong>et</strong></span> <span class='ocrx_word' id='word_1_87' title='bbox 1428 1281 1684 1324; x_wconf 86' lang='lat' dir='ltr'><strong>Elizabethe</strong></span> <span class='ocrx_word' id='word_1_88' title='bbox 1716 1315 1726 1324; x_wconf 90' lang='lat'><strong><em>.</em></strong></span> <span class='ocrx_word' id='word_1_89' title='bbox 1761 1315 1770 1324; x_wconf 92' lang='lat'><strong><em>.</em></strong></span> <span class='ocrx_word' id='word_1_90' title='bbox 1806 1313 1816 1322; x_wconf 90' lang='lat'><em>.</em></span> <span class='ocrx_word' id='word_1_91' title='bbox 1847 1282 1900 1324; x_wconf 91' lang='lat' dir='ltr'><strong>de</strong></span> <span class='ocrx_word' id='word_1_92' title='bbox 1937 1297 2005 1324; x_wconf 88' lang='lat' dir='ltr'><strong>me</strong></span> <span class='ocrx_word' id='word_1_93' title='bbox 2041 1315 2049 1325; x_wconf 92' lang='lat'><strong><em>.</em></strong></span> <span class='ocrx_word' id='word_1_94' title='bbox 2083 1314 2092 1325; x_wconf 88' lang='lat'>.</span> <span class='ocrx_word' id='word_1_95' title='bbox 2123 1314 2131 1324; x_wconf 89' lang='lat'><strong>.</strong></span> <span class='ocrx_word' id='word_1_96' title='bbox 2164 1285 2210 1325; x_wconf 91' lang='lat' dir='ltr'><strong>et</strong></span> <span class='ocrx_word' id='word_1_97' title='bbox 2245 1283 2478 1325; x_wconf 77' lang='lat' dir='ltr'><strong>heredibus</strong></span> 
     </span>
     <span class='ocr_line' id='line_1_10' title="bbox 516 1358 2476 1416; baseline 0.004 -18"><span class='ocrx_word' id='word_1_98' title='bbox 516 1358 625 1400; x_wconf 88' lang='lat' dir='ltr'><strong>meis</strong></span> <span class='ocrx_word' id='word_1_99' title='bbox 658 1358 703 1399; x_wconf 88' lang='lat' dir='ltr'><strong>in</strong></span> <span class='ocrx_word' id='word_1_100' title='bbox 736 1358 862 1400; x_wconf 89' lang='lat' dir='ltr'><strong>feodo</strong></span> <span class='ocrx_word' id='word_1_101' title='bbox 893 1362 938 1400; x_wconf 87' lang='lat' dir='ltr'><strong>et</strong></span> <span class='ocrx_word' id='word_1_102' title='bbox 968 1359 1210 1401; x_wconf 85' lang='lat' dir='ltr'><strong>hereditate</strong></span> <span class='ocrx_word' id='word_1_103' title='bbox 1240 1360 1561 1416; x_wconf 76' lang='lat' dir='ltr'><strong>imperpetuum</strong></span> <span class='ocrx_word' id='word_1_104' title='bbox 1593 1393 1602 1403; x_wconf 86' lang='lat'><strong>.</strong></span> <span class='ocrx_word' id='word_1_105' title='bbox 1637 1393 1646 1402; x_wconf 91' lang='lat'>.</span> <span class='ocrx_word' id='word_1_106' title='bbox 1681 1395 1691 1404; x_wconf 94' lang='lat'><em>.</em></span> <span class='ocrx_word' id='word_1_107' title='bbox 1725 1361 1960 1404; x_wconf 86' lang='lat' dir='ltr'><strong>Reddendo</strong></span> <span class='ocrx_word' id='word_1_108' title='bbox 1991 1362 2091 1404; x_wconf 88' lang='lat' dir='ltr'><strong>inde</strong></span> <span class='ocrx_word' id='word_1_109' title='bbox 2122 1362 2348 1405; x_wconf 78' lang='lat' dir='ltr'><strong>annuatim</strong></span> <span class='ocrx_word' id='word_1_110' title='bbox 2379 1394 2389 1403; x_wconf 88' lang='lat'><strong>.</strong></span> <span class='ocrx_word' id='word_1_111' title='bbox 2426 1395 2434 1402; x_wconf 92' lang='lat'>.</span> <span class='ocrx_word' id='word_1_112' title='bbox 2468 1393 2476 1405; x_wconf 89' lang='lat'><strong>.</strong></span> 
     </span>
     <span class='ocr_line' id='line_1_11' title="bbox 513 1437 2475 1485; baseline 0.003 -6"><span class='ocrx_word' id='word_1_113' title='bbox 513 1437 619 1479; x_wconf 89' lang='lat' dir='ltr'><strong>mihi</strong></span> <span class='ocrx_word' id='word_1_114' title='bbox 650 1470 660 1480; x_wconf 91' lang='lat'><strong><em>.</em></strong></span> <span class='ocrx_word' id='word_1_115' title='bbox 694 1471 703 1480; x_wconf 89' lang='lat'>.</span> <span class='ocrx_word' id='word_1_116' title='bbox 737 1470 746 1480; x_wconf 95' lang='lat'>.</span> <span class='ocrx_word' id='word_1_117' title='bbox 779 1442 824 1479; x_wconf 88' lang='lat' dir='ltr'><strong>et</strong></span> <span class='ocrx_word' id='word_1_118' title='bbox 863 1438 1096 1480; x_wconf 82' lang='lat' dir='ltr'><strong>heredibus</strong></span> <span class='ocrx_word' id='word_1_119' title='bbox 1137 1439 1245 1481; x_wconf 88' lang='lat' dir='ltr'><strong>meis</strong></span> <span class='ocrx_word' id='word_1_120' title='bbox 1288 1454 1422 1481; x_wconf 89' lang='lat' dir='ltr'><strong>unum</strong></span> <span class='ocrx_word' id='word_1_121' title='bbox 1465 1440 1692 1482; x_wconf 85' lang='lat' dir='ltr'><strong>denarium</strong></span> <span class='ocrx_word' id='word_1_122' title='bbox 1724 1473 1733 1483; x_wconf 95' lang='lat'><strong><em>.</em></strong></span> <span class='ocrx_word' id='word_1_123' title='bbox 1768 1474 1777 1484; x_wconf 91' lang='lat'><strong>.</strong></span> <span class='ocrx_word' id='word_1_124' title='bbox 1813 1472 1823 1482; x_wconf 89' lang='lat'><strong>.</strong></span> <span class='ocrx_word' id='word_1_125' title='bbox 1857 1445 2030 1484; x_wconf 85' lang='lat' dir='ltr'><strong>monete</strong></span> <span class='ocrx_word' id='word_1_126' title='bbox 2062 1475 2072 1484; x_wconf 91' lang='lat'><strong>.</strong></span> <span class='ocrx_word' id='word_1_127' title='bbox 2108 1473 2118 1483; x_wconf 91' lang='lat'>.</span> <span class='ocrx_word' id='word_1_128' title='bbox 2152 1475 2161 1485; x_wconf 93' lang='lat'><strong><em>.</em></strong></span> <span class='ocrx_word' id='word_1_129' title='bbox 2197 1442 2342 1484; x_wconf 84' lang='lat' dir='ltr'><strong>Scotie</strong></span> <span class='ocrx_word' id='word_1_130' title='bbox 2375 1476 2384 1485; x_wconf 92' lang='lat'><strong>.</strong></span> <span class='ocrx_word' id='word_1_131' title='bbox 2418 1475 2427 1485; x_wconf 91' lang='lat'><em>.</em></span> <span class='ocrx_word' id='word_1_132' title='bbox 2465 1474 2475 1484; x_wconf 90' lang='lat'>.</span> 
     </span>
     <span class='ocr_line' id='line_1_12' title="bbox 512 1517 2477 1576; baseline 0.002 -16"><span class='ocrx_word' id='word_1_133' title='bbox 512 1517 700 1574; x_wconf 84' lang='lat' dir='ltr'><strong>Insuper</strong></span> <span class='ocrx_word' id='word_1_134' title='bbox 742 1517 912 1560; x_wconf 84' lang='lat' dir='ltr'><strong>dilectis</strong></span> <span class='ocrx_word' id='word_1_135' title='bbox 958 1518 1121 1560; x_wconf 82' lang='lat' dir='ltr'><strong>nostris</strong></span> <span class='ocrx_word' id='word_1_136' title='bbox 1167 1518 1330 1561; x_wconf 82' lang='lat' dir='ltr'><strong>Joanni</strong></span> <span class='ocrx_word' id='word_1_137' title='bbox 1379 1519 1582 1576; x_wconf 88' lang='lat' dir='ltr'><strong>Kynneir</strong></span> <span class='ocrx_word' id='word_1_138' title='bbox 1625 1519 1865 1564; x_wconf 81' lang='lat' dir='ltr'><strong>feodatario</strong></span> <span class='ocrx_word' id='word_1_139' title='bbox 1914 1522 1967 1564; x_wconf 88' lang='lat' dir='ltr'><strong>de</strong></span> <span class='ocrx_word' id='word_1_140' title='bbox 2015 1522 2220 1565; x_wconf 80' lang='lat' dir='ltr'><strong>Botheris</strong></span> <span class='ocrx_word' id='word_1_141' title='bbox 2264 1555 2273 1565; x_wconf 91' lang='lat'><strong><em>.</em></strong></span> <span class='ocrx_word' id='word_1_142' title='bbox 2323 1554 2333 1564; x_wconf 94' lang='lat'><em>.</em></span> <span class='ocrx_word' id='word_1_143' title='bbox 2380 1554 2390 1564; x_wconf 93' lang='lat'><strong><em>.</em></strong></span> <span class='ocrx_word' id='word_1_144' title='bbox 2433 1527 2477 1565; x_wconf 87' lang='lat' dir='ltr'><strong>et</strong></span> 
     </span>
     <span class='ocr_line' id='line_1_13' title="bbox 509 1598 2471 1659; baseline 0.003 -19"><span class='ocrx_word' id='word_1_145' title='bbox 509 1612 658 1640; x_wconf 87' lang='lat' dir='ltr'><strong>eorum</strong></span> <span class='ocrx_word' id='word_1_146' title='bbox 699 1598 876 1641; x_wconf 73' lang='lat' dir='ltr'><strong>cuilibet</strong></span> <span class='ocrx_word' id='word_1_147' title='bbox 908 1630 918 1639; x_wconf 89' lang='lat'><strong>.</strong></span> <span class='ocrx_word' id='word_1_148' title='bbox 951 1630 961 1641; x_wconf 89' lang='lat'><em>.</em></span> <span class='ocrx_word' id='word_1_149' title='bbox 994 1631 1003 1641; x_wconf 91' lang='lat'><strong>.</strong></span> <span class='ocrx_word' id='word_1_150' title='bbox 1037 1598 1212 1641; x_wconf 84' lang='lat' dir='ltr'><strong>balliuis</strong></span> <span class='ocrx_word' id='word_1_151' title='bbox 1263 1599 1426 1642; x_wconf 86' lang='lat' dir='ltr'><strong>nostris</strong></span> <span class='ocrx_word' id='word_1_152' title='bbox 1460 1630 1470 1641; x_wconf 88' lang='lat'><strong>.</strong></span> <span class='ocrx_word' id='word_1_153' title='bbox 1505 1631 1515 1641; x_wconf 90' lang='lat'>.</span> <span class='ocrx_word' id='word_1_154' title='bbox 1548 1633 1558 1643; x_wconf 87' lang='grc'><strong>.</strong></span> <span class='ocrx_word' id='word_1_155' title='bbox 1592 1600 1778 1643; x_wconf 84' lang='lat' dir='ltr'><strong>salutem</strong></span> <span class='ocrx_word' id='word_1_156' title='bbox 1810 1634 1819 1644; x_wconf 84' lang='lat'><strong>.</strong></span> <span class='ocrx_word' id='word_1_157' title='bbox 1855 1634 1864 1643; x_wconf 95' lang='lat'><em>.</em></span> <span class='ocrx_word' id='word_1_158' title='bbox 1898 1632 1908 1642; x_wconf 91' lang='lat'><strong>.</strong></span> <span class='ocrx_word' id='word_1_159' title='bbox 1940 1602 2202 1658; x_wconf 85' lang='lat' dir='ltr'><strong>precipimus</strong></span> <span class='ocrx_word' id='word_1_160' title='bbox 2236 1633 2246 1644; x_wconf 92' lang='lat'><strong>.</strong></span> <span class='ocrx_word' id='word_1_161' title='bbox 2280 1635 2287 1644; x_wconf 92' lang='lat'><strong>.</strong></span> <span class='ocrx_word' id='word_1_162' title='bbox 2322 1635 2331 1645; x_wconf 91' lang='lat'><em>.</em></span> <span class='ocrx_word' id='word_1_163' title='bbox 2364 1617 2471 1659; x_wconf 85' lang='lat' dir='ltr'><strong>qua-</strong></span> 
     </span>
     <span class='ocr_line' id='line_1_14' title="bbox 506 1679 2471 1739; baseline 0.003 -19"><span class='ocrx_word' id='word_1_164' title='bbox 506 1681 636 1721; x_wconf 81' lang='lat' dir='ltr'><strong>tenus</strong></span> <span class='ocrx_word' id='word_1_165' title='bbox 668 1711 676 1722; x_wconf 94' lang='lat'><strong>.</strong></span> <span class='ocrx_word' id='word_1_166' title='bbox 712 1709 722 1720; x_wconf 88' lang='lat'>.</span> <span class='ocrx_word' id='word_1_167' title='bbox 755 1711 764 1721; x_wconf 88' lang='lat'><em>.</em></span> <span class='ocrx_word' id='word_1_168' title='bbox 798 1679 990 1724; x_wconf 80' lang='lat' dir='ltr'><strong>sasinam</strong></span> <span class='ocrx_word' id='word_1_169' title='bbox 1039 1679 1351 1722; x_wconf 81' lang='lat' dir='ltr'><strong>hereditariam</strong></span> <span class='ocrx_word' id='word_1_170' title='bbox 1385 1710 1396 1722; x_wconf 86' lang='lat'><strong>.</strong></span> <span class='ocrx_word' id='word_1_171' title='bbox 1430 1712 1440 1723; x_wconf 87' lang='lat'><strong><em>.</em></strong></span> <span class='ocrx_word' id='word_1_172' title='bbox 1474 1712 1483 1722; x_wconf 96' lang='lat'>.</span> <span class='ocrx_word' id='word_1_173' title='bbox 1515 1680 1699 1736; x_wconf 76' lang='lat' dir='ltr'><strong>predicti</strong></span> <span class='ocrx_word' id='word_1_174' title='bbox 1745 1682 1877 1723; x_wconf 88' lang='lat' dir='ltr'><strong>annui</strong></span> <span class='ocrx_word' id='word_1_175' title='bbox 1930 1682 2124 1725; x_wconf 86' lang='lat' dir='ltr'><strong>redditus</strong></span> <span class='ocrx_word' id='word_1_176' title='bbox 2157 1714 2167 1724; x_wconf 91' lang='lat'>.</span> <span class='ocrx_word' id='word_1_177' title='bbox 2203 1713 2214 1724; x_wconf 88' lang='lat'>.</span> <span class='ocrx_word' id='word_1_178' title='bbox 2247 1715 2256 1724; x_wconf 93' lang='lat'><strong><em>.</em></strong></span> <span class='ocrx_word' id='word_1_179' title='bbox 2288 1683 2471 1739; x_wconf 84' lang='lat' dir='ltr'><strong>prefatis</strong></span> 
     </span>
     <span class='ocr_line' id='line_1_15' title="bbox 507 1758 2467 1815; baseline 0.003 -15"><span class='ocrx_word' id='word_1_180' title='bbox 507 1759 719 1815; x_wconf 77' lang='lat' dir='ltr'><strong>magistro</strong></span> <span class='ocrx_word' id='word_1_181' title='bbox 741 1758 925 1803; x_wconf 86' lang='lat' dir='ltr'><strong>Herculi</strong></span> <span class='ocrx_word' id='word_1_182' title='bbox 957 1762 1002 1802; x_wconf 87' lang='lat' dir='ltr'><strong>et</strong></span> <span class='ocrx_word' id='word_1_183' title='bbox 1031 1759 1286 1802; x_wconf 83' lang='lat' dir='ltr'><strong>Elizabethe</strong></span> <span class='ocrx_word' id='word_1_184' title='bbox 1319 1792 1329 1802; x_wconf 88' lang='lat'><strong>.</strong></span> <span class='ocrx_word' id='word_1_185' title='bbox 1363 1792 1372 1802; x_wconf 89' lang='lat'>.</span> <span class='ocrx_word' id='word_1_186' title='bbox 1406 1792 1416 1803; x_wconf 83' lang='lat'><strong>.</strong></span> <span class='ocrx_word' id='word_1_187' title='bbox 1449 1760 1699 1806; x_wconf 82' lang='lat' dir='ltr'><strong>deliberetis</strong></span> <span class='ocrx_word' id='word_1_188' title='bbox 1733 1796 1743 1802; x_wconf 75' lang='lat'><em>.</em></span> <span class='ocrx_word' id='word_1_189' title='bbox 1776 1794 1785 1806; x_wconf 87' lang='lat'><em>.</em></span> <span class='ocrx_word' id='word_1_190' title='bbox 1821 1792 1831 1803; x_wconf 85' lang='lat'><strong>.</strong></span> <span class='ocrx_word' id='word_1_191' title='bbox 1865 1762 1917 1804; x_wconf 93' lang='lat' dir='ltr'><strong>In</strong></span> <span class='ocrx_word' id='word_1_192' title='bbox 1940 1763 2063 1805; x_wconf 77' lang='lat' dir='ltr'><strong>cuius</strong></span> <span class='ocrx_word' id='word_1_193' title='bbox 2084 1763 2146 1805; x_wconf 91' lang='lat' dir='ltr'><strong>rei</strong></span> <span class='ocrx_word' id='word_1_194' title='bbox 2168 1763 2467 1806; x_wconf 82' lang='lat' dir='ltr'><strong>testimonium</strong></span> 
     </span>
     <span class='ocr_line' id='line_1_16' title="bbox 506 1839 2470 1900; baseline 0.002 -18"><span class='ocrx_word' id='word_1_195' title='bbox 506 1839 715 1896; x_wconf 87' lang='lat' dir='ltr'><strong>scriptum</strong></span> <span class='ocrx_word' id='word_1_196' title='bbox 736 1840 781 1881; x_wconf 93' lang='lat' dir='ltr'><strong>in</strong></span> <span class='ocrx_word' id='word_1_197' title='bbox 803 1839 975 1882; x_wconf 75' lang='lat' dir='ltr'><strong>officina,</strong></span> <span class='ocrx_word' id='word_1_198' title='bbox 996 1839 1227 1896; x_wconf 78' lang='lat' dir='ltr'><strong>scriptoria.</strong></span> <span class='ocrx_word' id='word_1_199' title='bbox 1243 1839 1404 1882; x_wconf 83' lang='lat' dir='ltr'><strong>Adami</strong></span> <span class='ocrx_word' id='word_1_200' title='bbox 1421 1839 1582 1883; x_wconf 81' lang='lat' dir='ltr'><strong>Lautie</strong></span> <span class='ocrx_word' id='word_1_201' title='bbox 1613 1841 1751 1883; x_wconf 87' lang='lat' dir='ltr'><strong>scribe</strong></span> <span class='ocrx_word' id='word_1_202' title='bbox 1773 1841 1888 1883; x_wconf 84' lang='lat' dir='ltr'><strong>infra</strong></span> <span class='ocrx_word' id='word_1_203' title='bbox 1909 1843 2095 1899; x_wconf 89' lang='lat' dir='ltr'><strong>burgum</strong></span> <span class='ocrx_word' id='word_1_204' title='bbox 2118 1843 2171 1884; x_wconf 88' lang='lat' dir='ltr'><strong>de</strong></span> <span class='ocrx_word' id='word_1_205' title='bbox 2191 1842 2470 1900; x_wconf 86' lang='lat' dir='ltr'><strong>Edinburght</strong></span> 
     </span>
     <span class='ocr_line' id='line_1_17' title="bbox 505 1919 2468 1977; baseline 0.001 -14"><span class='ocrx_word' id='word_1_206' title='bbox 505 1935 584 1977; x_wconf 86' lang='lat' dir='ltr'><strong>per</strong></span> <span class='ocrx_word' id='word_1_207' title='bbox 623 1920 770 1962; x_wconf 81' lang='lat' dir='ltr'><strong>Dauid</strong></span> <span class='ocrx_word' id='word_1_208' title='bbox 810 1920 1072 1963; x_wconf 87' lang='lat' dir='ltr'><strong>Andersoun</strong></span> <span class='ocrx_word' id='word_1_209' title='bbox 1119 1934 1243 1962; x_wconf 89' lang='lat' dir='ltr'><strong>suum</strong></span> <span class='ocrx_word' id='word_1_210' title='bbox 1303 1919 1559 1964; x_wconf 84' lang='lat' dir='ltr'><strong>seruitorem</strong></span> <span class='ocrx_word' id='word_1_211' title='bbox 1606 1920 1796 1976; x_wconf 80' lang='lat' dir='ltr'><strong>sigillum</strong></span> <span class='ocrx_word' id='word_1_212' title='bbox 1838 1926 2036 1963; x_wconf 81' lang='lat' dir='ltr'><strong>nostrum</strong></span> <span class='ocrx_word' id='word_1_213' title='bbox 2078 1936 2263 1965; x_wconf 80' lang='lat' dir='ltr'><strong>unacum</strong></span> <span class='ocrx_word' id='word_1_214' title='bbox 2305 1923 2468 1966; x_wconf 86' lang='lat' dir='ltr'><strong>nostris</strong></span> 
     </span>
     <span class='ocr_line' id='line_1_18' title="bbox 506 1999 2466 2059; baseline 0.001 -16"><span class='ocrx_word' id='word_1_215' title='bbox 506 2001 899 2057; x_wconf 84' lang='lat' dir='ltr'><strong>subscriptionibus</strong></span> <span class='ocrx_word' id='word_1_216' title='bbox 920 1999 1195 2042; x_wconf 82' lang='lat' dir='ltr'><strong>manualibus</strong></span> <span class='ocrx_word' id='word_1_217' title='bbox 1211 2001 1490 2056; x_wconf 82' lang='lat' dir='ltr'><strong>presentibus</strong></span> <span class='ocrx_word' id='word_1_218' title='bbox 1509 2003 1577 2042; x_wconf 85' lang='lat' dir='ltr'><strong>est</strong></span> <span class='ocrx_word' id='word_1_219' title='bbox 1591 2015 1829 2056; x_wconf 81' lang='lat' dir='ltr'><strong>appensum</strong></span> <span class='ocrx_word' id='word_1_220' title='bbox 1849 2001 1963 2057; x_wconf 85' lang='lat' dir='ltr'><strong>apud</strong></span> <span class='ocrx_word' id='word_1_221' title='bbox 1981 2001 2284 2059; x_wconf 87' lang='lat' dir='ltr'><strong>Edinburgum</strong></span> <span class='ocrx_word' id='word_1_222' title='bbox 2301 2003 2466 2044; x_wconf 87' lang='lat' dir='ltr'><strong>decimo</strong></span> 
     </span>
     <span class='ocr_line' id='line_1_19' title="bbox 503 2079 2457 2140; baseline 0.001 -16"><span class='ocrx_word' id='word_1_223' title='bbox 503 2086 626 2124; x_wconf 84' lang='lat' dir='ltr'><strong>sexto</strong></span> <span class='ocrx_word' id='word_1_224' title='bbox 646 2081 714 2123; x_wconf 90' lang='lat' dir='ltr'><strong>die</strong></span> <span class='ocrx_word' id='word_1_225' title='bbox 735 2080 898 2123; x_wconf 83' lang='lat' dir='ltr'><strong>mensis</strong></span> <span class='ocrx_word' id='word_1_226' title='bbox 920 2080 1183 2123; x_wconf 86' lang='lat' dir='ltr'><strong>Novembris</strong></span> <span class='ocrx_word' id='word_1_227' title='bbox 1213 2094 1327 2122; x_wconf 86' lang='lat' dir='ltr'><strong>anno</strong></span> <span class='ocrx_word' id='word_1_228' title='bbox 1351 2079 1526 2124; x_wconf 86' lang='lat' dir='ltr'><strong>Domini</strong></span> <span class='ocrx_word' id='word_1_229' title='bbox 1547 2080 1779 2123; x_wconf 83' lang='lat' dir='ltr'><strong>millesimo</strong></span> <span class='ocrx_word' id='word_1_230' title='bbox 1804 2082 2152 2138; x_wconf 82' lang='lat' dir='ltr'><strong>quingentesimo</strong></span> <span class='ocrx_word' id='word_1_231' title='bbox 2174 2083 2457 2140; x_wconf 85' lang='lat' dir='ltr'><strong>nonagesimo</strong></span> 
     </span>
     <span class='ocr_line' id='line_1_20' title="bbox 501 2159 2463 2218; baseline 0.001 -14"><span class='ocrx_word' id='word_1_232' title='bbox 501 2161 632 2204; x_wconf 84' lang='lat' dir='ltr'><strong>tertio</strong></span> <span class='ocrx_word' id='word_1_233' title='bbox 669 2175 813 2203; x_wconf 79' lang='lat' dir='ltr'><strong>coram</strong></span> <span class='ocrx_word' id='word_1_234' title='bbox 843 2160 913 2203; x_wconf 90' lang='lat' dir='ltr'><strong>his</strong></span> <span class='ocrx_word' id='word_1_235' title='bbox 942 2160 1131 2202; x_wconf 86' lang='lat' dir='ltr'><strong>testibus</strong></span> <span class='ocrx_word' id='word_1_236' title='bbox 1162 2159 1365 2203; x_wconf 81' lang='lat' dir='ltr'><strong>Johanne</strong></span> <span class='ocrx_word' id='word_1_237' title='bbox 1399 2159 1589 2202; x_wconf 81' lang='lat' dir='ltr'><strong>Stewart</strong></span> <span class='ocrx_word' id='word_1_238' title='bbox 1619 2160 1671 2202; x_wconf 87' lang='lat' dir='ltr'><strong>de</strong></span> <span class='ocrx_word' id='word_1_239' title='bbox 1703 2159 1898 2203; x_wconf 84' lang='lat' dir='ltr'><strong>Rosland</strong></span> <span class='ocrx_word' id='word_1_240' title='bbox 1921 2161 1948 2202; x_wconf 88' lang='lat' dir='ltr'><strong>J</strong></span> <span class='ocrx_word' id='word_1_241' title='bbox 1952 2162 2122 2204; x_wconf 81' lang='lat' dir='ltr'><strong>ohanne</strong></span> <span class='ocrx_word' id='word_1_242' title='bbox 2144 2161 2295 2218; x_wconf 81' lang='lat' dir='ltr'><strong>Wylie</strong></span> <span class='ocrx_word' id='word_1_243' title='bbox 2320 2164 2463 2206; x_wconf 78' lang='lat' dir='ltr'><strong>scriba</strong></span> 
     </span>
    </p>
   </div>
   <div class='ocr_carea' id='block_1_4' title="bbox 503 2239 2344 2367">
    <p class='ocr_par' dir='ltr' id='par_1_5' title="bbox 503 2239 2344 2367">
     <span class='ocr_line' id='line_1_21' title="bbox 503 2239 2124 2298; baseline -0.003 -11"><span class='ocrx_word' id='word_1_244' title='bbox 503 2242 647 2287; x_wconf 84' lang='lat' dir='ltr'><strong>Dauid</strong></span> <span class='ocrx_word' id='word_1_245' title='bbox 671 2241 963 2286; x_wconf 79' lang='lat' dir='ltr'><strong>Grindestoun</strong></span> <span class='ocrx_word' id='word_1_246' title='bbox 986 2241 1038 2284; x_wconf 84' lang='lat' dir='ltr'><strong>de</strong></span> <span class='ocrx_word' id='word_1_247' title='bbox 1057 2240 1273 2298; x_wconf 84' lang='lat' dir='ltr'><strong>Kyngask</strong></span> <span class='ocrx_word' id='word_1_248' title='bbox 1296 2239 1442 2284; x_wconf 81' lang='lat' dir='ltr'><strong>Dauid</strong></span> <span class='ocrx_word' id='word_1_249' title='bbox 1462 2239 1670 2283; x_wconf 89' lang='lat' dir='ltr'><strong>Wilsoun</strong></span> <span class='ocrx_word' id='word_1_250' title='bbox 1691 2243 1843 2283; x_wconf 89' lang='lat' dir='ltr'><strong>nostro</strong></span> <span class='ocrx_word' id='word_1_251' title='bbox 1868 2241 2081 2284; x_wconf 85' lang='lat' dir='ltr'><strong>seruitore</strong></span> <span class='ocrx_word' id='word_1_252' title='bbox 2114 2271 2124 2282; x_wconf 91' lang='lat'>.</span> 
     </span>
     <span class='ocr_line' id='line_1_22' title="bbox 1962 2321 2344 2367; baseline 0.01 -4"><span class='ocrx_word' id='word_1_253' title='bbox 1962 2322 2024 2364; x_wconf 91' lang='lat' dir='ltr'><strong>M.</strong></span> <span class='ocrx_word' id='word_1_254' title='bbox 2043 2321 2085 2364; x_wconf 85' lang='lat' dir='ltr'><strong>J.</strong></span> <span class='ocrx_word' id='word_1_255' title='bbox 2100 2322 2301 2365; x_wconf 82' lang='lat' dir='ltr'><strong>Provand</strong></span> <span class='ocrx_word' id='word_1_256' title='bbox 2335 2356 2344 2367; x_wconf 86' lang='lat'><strong>.</strong></span> 
     </span>
    </p>
   </div>
   <div class='ocr_carea' id='block_1_5' title="bbox 1961 2401 2316 2444">
    <p class='ocr_par' dir='ltr' id='par_1_6' title="bbox 1961 2401 2316 2444">
     <span class='ocr_line' id='line_1_23' title="bbox 1961 2401 2316 2444; baseline 0.003 -1"><span class='ocrx_word' id='word_1_257' title='bbox 1961 2401 2122 2443; x_wconf 64' lang='lat' dir='ltr'><strong>Bai-,hia</strong></span> <span class='ocrx_word' id='word_1_258' title='bbox 2144 2401 2274 2444; x_wconf 84' lang='lat' dir='ltr'><strong>Clerk</strong></span> <span class='ocrx_word' id='word_1_259' title='bbox 2308 2435 2316 2444; x_wconf 92' lang='lat'>.</span> 
     </span>
    </p>
   </div>
   <div class='ocr_carea' id='block_1_6' title="bbox 494 2636 2456 3183">
    <p class='ocr_par' dir='ltr' id='par_1_7' title="bbox 494 2636 2456 3183">
     <span class='ocr_line' id='line_1_24' title="bbox 499 2636 2456 2700; baseline -0.003 -9"><span class='ocrx_word' id='word_1_260' title='bbox 499 2636 646 2692; x_wconf 78' lang='lat' dir='ltr'><strong>Carta</strong></span> <span class='ocrx_word' id='word_1_261' title='bbox 667 2660 873 2690; x_wconf 84' lang='lat' dir='ltr'><strong>concessa</strong></span> <span class='ocrx_word' id='word_1_262' title='bbox 894 2645 1024 2688; x_wconf 85' lang='lat' dir='ltr'><strong>simili</strong></span> <span class='ocrx_word' id='word_1_263' title='bbox 1046 2645 1089 2686; x_wconf 91' lang='lat' dir='ltr'><strong>in</strong></span> <span class='ocrx_word' id='word_1_264' title='bbox 1112 2645 1239 2687; x_wconf 85' lang='lat' dir='ltr'><strong>modo</strong></span> <span class='ocrx_word' id='word_1_265' title='bbox 1255 2658 1333 2700; x_wconf 87' lang='lat' dir='ltr'><strong>per</strong></span> <span class='ocrx_word' id='word_1_266' title='bbox 1353 2643 1515 2686; x_wconf 84' lang='lat' dir='ltr'><strong>dietum</strong></span> <span class='ocrx_word' id='word_1_267' title='bbox 1538 2642 1566 2684; x_wconf 89' lang='lat' dir='ltr'><strong>J</strong></span> <span class='ocrx_word' id='word_1_268' title='bbox 1569 2656 1753 2685; x_wconf 81' lang='lat' dir='ltr'><strong>oannem</strong></span> <span class='ocrx_word' id='word_1_269' title='bbox 1774 2642 1979 2684; x_wconf 82' lang='lat' dir='ltr'><strong>Prouand</strong></span> <span class='ocrx_word' id='word_1_270' title='bbox 2002 2656 2098 2684; x_wconf 91' lang='lat' dir='ltr'><strong>cum</strong></span> <span class='ocrx_word' id='word_1_271' title='bbox 2121 2656 2334 2686; x_wconf 88' lang='lat' dir='ltr'><strong>consensu</strong></span> <span class='ocrx_word' id='word_1_272' title='bbox 2353 2658 2456 2686; x_wconf 84' lang='lat' dir='ltr'><strong>suae</strong></span> 
     </span>
     <span class='ocr_line' id='line_1_25' title="bbox 497 2722 2456 2785; baseline -0.003 -14"><span class='ocrx_word' id='word_1_273' title='bbox 497 2742 682 2785; x_wconf 79' lang='lat' dir='ltr'><strong>sponsae</strong></span> <span class='ocrx_word' id='word_1_274' title='bbox 702 2727 926 2784; x_wconf 83' lang='lat' dir='ltr'><strong>praefatae</strong></span> <span class='ocrx_word' id='word_1_275' title='bbox 943 2725 972 2767; x_wconf 85' lang='lat' dir='ltr'>J</span> <span class='ocrx_word' id='word_1_276' title='bbox 975 2725 1105 2767; x_wconf 86' lang='lat' dir='ltr'><strong>oanni</strong></span> <span class='ocrx_word' id='word_1_277' title='bbox 1126 2724 1410 2780; x_wconf 84' lang='lat' dir='ltr'><strong>Fergussoun</strong></span> <span class='ocrx_word' id='word_1_278' title='bbox 1431 2723 1639 2779; x_wconf 85' lang='lat' dir='ltr'><strong>burgensi</strong></span> <span class='ocrx_word' id='word_1_279' title='bbox 1655 2722 1708 2764; x_wconf 92' lang='lat' dir='ltr'><strong>de</strong></span> <span class='ocrx_word' id='word_1_280' title='bbox 1730 2722 1986 2778; x_wconf 83' lang='lat' dir='ltr'><strong>Edinburgh</strong></span> <span class='ocrx_word' id='word_1_281' title='bbox 2010 2727 2055 2765; x_wconf 87' lang='lat' dir='ltr'><strong>et</strong></span> <span class='ocrx_word' id='word_1_282' title='bbox 2075 2722 2104 2765; x_wconf 90' lang='lat' dir='ltr'><strong>J</strong></span> <span class='ocrx_word' id='word_1_283' title='bbox 2106 2737 2273 2765; x_wconf 78' lang='lat' dir='ltr'><strong>oannae</strong></span> <span class='ocrx_word' id='word_1_284' title='bbox 2291 2723 2456 2781; x_wconf 85' lang='lat' dir='ltr'><strong>Young</strong></span> 
     </span>
     <span class='ocr_line' id='line_1_26' title="bbox 495 2802 2452 2864; baseline -0.003 -13"><span class='ocrx_word' id='word_1_285' title='bbox 495 2809 591 2863; x_wconf 89' lang='lat' dir='ltr'><strong>ejus</strong></span> <span class='ocrx_word' id='word_1_286' title='bbox 613 2821 797 2864; x_wconf 86' lang='lat' dir='ltr'><strong>sponsae</strong></span> <span class='ocrx_word' id='word_1_287' title='bbox 817 2806 948 2848; x_wconf 88' lang='lat' dir='ltr'><strong>unius</strong></span> <span class='ocrx_word' id='word_1_288' title='bbox 969 2805 1103 2847; x_wconf 86' lang='lat' dir='ltr'><strong>annui</strong></span> <span class='ocrx_word' id='word_1_289' title='bbox 1124 2804 1318 2846; x_wconf 87' lang='lat' dir='ltr'><strong>redditus</strong></span> <span class='ocrx_word' id='word_1_290' title='bbox 1339 2802 1630 2859; x_wconf 81' lang='lat' dir='ltr'><strong>quadraginta</strong></span> <span class='ocrx_word' id='word_1_291' title='bbox 1649 2802 1863 2845; x_wconf 80' lang='lat' dir='ltr'><strong>bollarum</strong></span> <span class='ocrx_word' id='word_1_292' title='bbox 1886 2802 2005 2844; x_wconf 90' lang='lat' dir='ltr'><strong>ordei</strong></span> <span class='ocrx_word' id='word_1_293' title='bbox 2027 2817 2125 2845; x_wconf 90' lang='lat' dir='ltr'><strong>cum</strong></span> <span class='ocrx_word' id='word_1_294' title='bbox 2156 2804 2275 2859; x_wconf 81' lang='lat' dir='ltr'><strong>petia</strong></span> <span class='ocrx_word' id='word_1_295' title='bbox 2296 2805 2452 2860; x_wconf 90' lang='lat' dir='ltr'><strong>cuique</strong></span> 
     </span>
     <span class='ocr_line' id='line_1_27' title="bbox 495 2882 2450 2943; baseline -0.002 -12"><span class='ocrx_word' id='word_1_296' title='bbox 495 2888 638 2931; x_wconf 86' lang='lat' dir='ltr'><strong>bollae</strong></span> <span class='ocrx_word' id='word_1_297' title='bbox 674 2887 869 2943; x_wconf 86' lang='lat' dir='ltr'><strong>ejusdem</strong></span> <span class='ocrx_word' id='word_1_298' title='bbox 900 2886 952 2928; x_wconf 90' lang='lat' dir='ltr'><strong>de</strong></span> <span class='ocrx_word' id='word_1_299' title='bbox 983 2885 1214 2928; x_wconf 82' lang='lat' dir='ltr'><strong>antedictis</strong></span> <span class='ocrx_word' id='word_1_300' title='bbox 1245 2884 1376 2926; x_wconf 86' lang='lat' dir='ltr'><strong>terris</strong></span> <span class='ocrx_word' id='word_1_301' title='bbox 1406 2883 1459 2925; x_wconf 89' lang='lat' dir='ltr'><strong>de</strong></span> <span class='ocrx_word' id='word_1_302' title='bbox 1496 2882 1689 2925; x_wconf 82' lang='lat' dir='ltr'><strong>Gaddam</strong></span> <span class='ocrx_word' id='word_1_303' title='bbox 1721 2915 1730 2925; x_wconf 90' lang='lat'><strong>.</strong></span> <span class='ocrx_word' id='word_1_304' title='bbox 1764 2883 1888 2924; x_wconf 81' lang='lat' dir='ltr'><strong>Haec</strong></span> <span class='ocrx_word' id='word_1_305' title='bbox 1924 2885 2048 2925; x_wconf 86' lang='lat' dir='ltr'><strong>carta</strong></span> <span class='ocrx_word' id='word_1_306' title='bbox 2078 2884 2305 2926; x_wconf 79' lang='lat' dir='ltr'><strong>continens</strong></span> <span class='ocrx_word' id='word_1_307' title='bbox 2335 2885 2381 2926; x_wconf 90' lang='lat' dir='ltr'><strong>in</strong></span> <span class='ocrx_word' id='word_1_308' title='bbox 2405 2899 2450 2927; x_wconf 87' lang='lat' dir='ltr'><strong>se</strong></span> 
     </span>
     <span class='ocr_line' id='line_1_28' title="bbox 495 2963 2450 3025; baseline -0.002 -14"><span class='ocrx_word' id='word_1_309' title='bbox 495 2972 774 3025; x_wconf 81' lang='lat' dir='ltr'><strong>praecept-um</strong></span> <span class='ocrx_word' id='word_1_310' title='bbox 797 2966 984 3010; x_wconf 81' lang='lat' dir='ltr'><strong>saisinae</strong></span> <span class='ocrx_word' id='word_1_311' title='bbox 1006 2965 1151 3008; x_wconf 82' lang='lat' dir='ltr'><strong>Dauid</strong></span> <span class='ocrx_word' id='word_1_312' title='bbox 1175 2964 1301 3021; x_wconf 86' lang='lat' dir='ltr'><strong>Segie</strong></span> <span class='ocrx_word' id='word_1_313' title='bbox 1323 2963 1523 3006; x_wconf 82' lang='lat' dir='ltr'><strong>citinario</strong></span> <span class='ocrx_word' id='word_1_314' title='bbox 1544 2963 1590 3004; x_wconf 90' lang='lat' dir='ltr'><strong>in</strong></span> <span class='ocrx_word' id='word_1_315' title='bbox 1607 2963 1794 3005; x_wconf 89' lang='lat' dir='ltr'><strong>Brechin</strong></span> <span class='ocrx_word' id='word_1_316' title='bbox 1822 2963 1979 3005; x_wconf 81' lang='lat' dir='ltr'><strong>ballivo</strong></span> <span class='ocrx_word' id='word_1_317' title='bbox 1997 2964 2102 3006; x_wconf 85' lang='lat' dir='ltr'><strong>data</strong></span> <span class='ocrx_word' id='word_1_318' title='bbox 2122 2967 2191 3007; x_wconf 85' lang='lat' dir='ltr'><strong>est</strong></span> <span class='ocrx_word' id='word_1_319' title='bbox 2213 2979 2358 3006; x_wconf 84' lang='lat' dir='ltr'><strong>coram</strong></span> <span class='ocrx_word' id='word_1_320' title='bbox 2380 2966 2450 3007; x_wconf 89' lang='lat' dir='ltr'><strong>his</strong></span> 
     </span>
     <span class='ocr_line' id='line_1_29' title="bbox 494 3042 2450 3100; baseline -0.003 -9"><span class='ocrx_word' id='word_1_321' title='bbox 494 3048 682 3091; x_wconf 86' lang='lat' dir='ltr'><strong>testibus</strong></span> <span class='ocrx_word' id='word_1_322' title='bbox 703 3047 730 3089; x_wconf 90' lang='lat' dir='ltr'><strong>J</strong></span> <span class='ocrx_word' id='word_1_323' title='bbox 735 3061 874 3089; x_wconf 84' lang='lat' dir='ltr'><strong>oanne</strong></span> <span class='ocrx_word' id='word_1_324' title='bbox 899 3046 1053 3089; x_wconf 83' lang='lat' dir='ltr'><strong>Oreieh</strong></span> <span class='ocrx_word' id='word_1_325' title='bbox 1086 3045 1176 3086; x_wconf 92' lang='lat' dir='ltr'><strong>filio</strong></span> <span class='ocrx_word' id='word_1_326' title='bbox 1213 3047 1258 3086; x_wconf 87' lang='lat' dir='ltr'><strong>et</strong></span> <span class='ocrx_word' id='word_1_327' title='bbox 1289 3044 1475 3086; x_wconf 86' lang='lat' dir='ltr'><strong>haerede</strong></span> <span class='ocrx_word' id='word_1_328' title='bbox 1496 3046 1735 3099; x_wconf 84' lang='lat' dir='ltr'><strong>apparente</strong></span> <span class='ocrx_word' id='word_1_329' title='bbox 1759 3042 1788 3084; x_wconf 86' lang='lat' dir='ltr'>J</span> <span class='ocrx_word' id='word_1_330' title='bbox 1791 3043 1953 3090; x_wconf 51' lang='lat' dir='ltr'><strong>oannis,</strong></span> <span class='ocrx_word' id='word_1_331' title='bbox 1969 3043 2123 3085; x_wconf 85' lang='lat' dir='ltr'><strong>Creich</strong></span> <span class='ocrx_word' id='word_1_332' title='bbox 2143 3044 2377 3100; x_wconf 82' lang='lat' dir='ltr'><strong>burgensis</strong></span> <span class='ocrx_word' id='word_1_333' title='bbox 2398 3045 2450 3086; x_wconf 88' lang='lat' dir='ltr'><strong>de</strong></span> 
     </span>
     <span class='ocr_line' id='line_1_30' title="bbox 496 3123 2450 3183; baseline -0.001 -14"><span class='ocrx_word' id='word_1_334' title='bbox 496 3127 753 3183; x_wconf 86' lang='lat' dir='ltr'><strong>Edinburgh</strong></span> <span class='ocrx_word' id='word_1_335' title='bbox 790 3126 933 3168; x_wconf 87' lang='lat' dir='ltr'><strong>David</strong></span> <span class='ocrx_word' id='word_1_336' title='bbox 966 3125 1172 3167; x_wconf 85' lang='lat' dir='ltr'><strong>Wilsoun</strong></span> <span class='ocrx_word' id='word_1_337' title='bbox 1208 3124 1416 3166; x_wconf 83' lang='lat' dir='ltr'><strong>servitore</strong></span> <span class='ocrx_word' id='word_1_338' title='bbox 1448 3123 1551 3166; x_wconf 90' lang='lat' dir='ltr'><strong>dicti</strong></span> <span class='ocrx_word' id='word_1_339' title='bbox 1577 3123 1606 3164; x_wconf 85' lang='lat' dir='ltr'><strong>J</strong></span> <span class='ocrx_word' id='word_1_340' title='bbox 1609 3123 1762 3165; x_wconf 80' lang='lat' dir='ltr'><strong>oannis</strong></span> <span class='ocrx_word' id='word_1_341' title='bbox 1783 3123 1988 3166; x_wconf 79' lang='lat' dir='ltr'><strong>Prona-nd</strong></span> <span class='ocrx_word' id='word_1_342' title='bbox 2009 3127 2054 3166; x_wconf 89' lang='lat' dir='ltr'><strong>et</strong></span> <span class='ocrx_word' id='word_1_343' title='bbox 2074 3123 2239 3166; x_wconf 83' lang='lat' dir='ltr'><strong>Jacobo</strong></span> <span class='ocrx_word' id='word_1_344' title='bbox 2264 3124 2450 3168; x_wconf 74' lang='lat' dir='ltr'><strong>Tar-bert</strong></span> 
     </span>
    </p>
   </div>
   <div class='ocr_carea' id='block_1_7' title="bbox 497 3206 1265 3263">
    <p class='ocr_par' dir='ltr' id='par_1_8' title="bbox 497 3206 1265 3263">
     <span class='ocr_line' id='line_1_31' title="bbox 497 3206 1265 3263; baseline -0.001 -15"><span class='ocrx_word' id='word_1_345' title='bbox 497 3207 667 3250; x_wconf 84' lang='lat' dir='ltr'><strong>notario</strong></span> <span class='ocrx_word' id='word_1_346' title='bbox 688 3207 876 3263; x_wconf 88' lang='lat' dir='ltr'><strong>publico,</strong></span> <span class='ocrx_word' id='word_1_347' title='bbox 905 3206 954 3248; x_wconf 89' lang='lat'><strong>10</strong></span> <span class='ocrx_word' id='word_1_348' title='bbox 978 3206 1087 3248; x_wconf 81' lang='lat' dir='ltr'><strong>Maii</strong></span> <span class='ocrx_word' id='word_1_349' title='bbox 1116 3208 1222 3249; x_wconf 83' lang='lat'>1594</span> <span class='ocrx_word' id='word_1_350' title='bbox 1257 3238 1265 3247; x_wconf 93' lang='lat'><em>.</em></span> 
     </span>
    </p>
   </div>
  </div>
 </body>
</html>
