3016 3958
501 635 613 690 160
864 711 867 713 ‚
1085 635 1380 691 CARTAE
1421 636 1923 694 ORIGINALES.

505 824 630 872 berti
671 823 933 873 Thowlace
971 826 1228 874 tresdecim
1267 826 1408 875 solidi
1447 832 1654 890 quatuor
1698 829 1882 876 denarii
1926 829 1989 876 de
2030 829 2177 878 terris
2212 829 2248 876 J
2250 829 2452 877 ohannis

511 914 698 962 Guthre
719 915 967 979 occupatis
999 931 1088 979 per
1122 914 1379 963 Matildam
1402 915 1571 964 Cabell
1603 932 1693 966 sex
1726 916 1868 966 solidi
1890 921 2003 966 octo
2025 917 2210 966 denarii
2231 918 2293 966 de
2316 918 2460 967 terris

510 1004 748 1067 quondam
769 1004 805 1051 J
807 1004 1007 1053 ohannis
1030 1003 1247 1052 Sffidlare
1271 1020 1393 1054 unus
1423 1005 1647 1055 denarius
1679 1007 1741 1054 de
1773 1006 1919 1055 terris
1943 1005 2191 1055 Malcolmi
2213 1006 2317 1054 Cob
2342 1022 2463 1054 unus

511 1092 734 1140 denarius
773 1097 825 1140 et
865 1094 925 1140 de
966 1093 1109 1142 terris
1149 1094 1328 1141 domiui
1365 1093 1402 1140 J
1404 1093 1606 1143 ohannis
1648 1094 1848 1143 Walcar
1880 1093 2115 1159 capellani
2149 1095 2245 1143 duo
2280 1094 2465 1143 denarii

505 1181 778 1241 jacentibus
813 1181 939 1229 infra
974 1181 1236 1230 Ciuitatem
1269 1182 1535 1245 predictam
1571 1181 1854 1232 Teueudam
1891 1188 1942 1232 et
1978 1184 2246 1232 habendam
2288 1184 2468 1232 dictam

512 1285 746 1317 summam
767 1270 1024 1318 tresdecim
1058 1285 1323 1318 marcarum
1360 1274 1412 1319 et
1446 1275 1561 1319 octo
1596 1271 1898 1320 denariorum
1936 1309 1947 1318 .
1981 1308 1994 1318 .
2033 1309 2046 1320 .
2081 1273 2282 1336 prefatis
2311 1271 2470 1336 capel-

513 1357 638 1407 lanis
674 1362 727 1406 et
763 1374 927 1406 eorum
962 1359 1314 1407 succesoribus
1348 1359 1467 1407 dicti
1489 1360 1623 1408 chori
1656 1361 1805 1409 etiam
1838 1360 2100 1425 capellanis
2132 1361 2182 1409 in
2215 1377 2385 1425 puram
2418 1366 2469 1410 et

498 1451 797 1512 'perpetuam
818 1447 1127 1497 elemosinam
1149 1453 1201 1496 et
1233 1450 1296 1496 ad
1330 1465 1521 1497 manum
1543 1454 1781 1498 mortuam
1803 1451 2151 1515 imperpetuum
2187 1488 2199 1497 .
2235 1488 2246 1496 .
2282 1488 2295 1497 .
2331 1451 2470 1499 Faci-

515 1538 642 1584 endo
679 1537 791 1584 inde
825 1537 1075 1584 annuatim
1111 1537 1230 1585 dicti
1266 1537 1501 1601 capellani
1536 1543 1588 1586 et
1623 1555 1787 1587 eorum
1822 1555 2123 1588 successores
2155 1540 2358 1604 predicti
2381 1557 2468 1604 pro

515 1625 766 1673 animabus
801 1626 1032 1689 predictis
1067 1626 1209 1674 modo
1243 1626 1326 1690 qui
1347 1627 1564 1690 sequitur
1583 1627 1852 1676 orationum
1876 1628 2102 1692 suffragia
2123 1628 2346 1676 videlicet
2369 1629 2468 1676 die-

518 1713 609 1762 bus
628 1713 793 1762 obitus
814 1715 1056 1778 quondam
1077 1714 1231 1778 patris
1252 1718 1304 1762 et
1322 1715 1495 1763 matris
1516 1720 1785 1764 nostrorum
1801 1733 1946 1764 unum
1969 1716 2261 1780 solempnem
2283 1717 2466 1764 obitum

519 1817 628 1849 cum
649 1802 976 1851 anniuersario
999 1802 1222 1851 videlicet
1242 1802 1444 1867 placebo
1477 1804 1628 1867 dirige
1664 1809 1717 1852 et
1752 1820 1863 1853 cum
1893 1806 2051 1854 missis
2073 1806 2133 1853 de
2157 1805 2321 1869 requie
2343 1805 2467 1852 infra

520 1891 702 1939 dictum
725 1891 920 1939 chorum
943 1890 1249 1955 solempniori
1270 1893 1413 1940 modo
1445 1908 1542 1962 quo
1573 1893 1678 1941 fieri
1708 1893 1889 1957 poterit
1922 1893 2258 1942 celebrandum
2279 1899 2331 1942 et
2352 1909 2469 1958 qua-

519 1979 640 2027 libet
659 1980 782 2027 feria
802 1983 946 2028 sexta
967 1979 1190 2029 videlicet
1212 1980 1290 2028 die
1314 1981 1519 2029 Veneris
1540 1981 1895 2030 ebdomadatim
1919 1999 2007 2046 pro
2027 1983 2166 2032 nobis
2187 1999 2329 2032 unam
2356 1984 2468 2032 mis-

522 2084 626 2116 sam
647 2069 709 2116 de
730 2068 920 2116 nomine
940 2069 978 2116 J
979 2085 1063 2117 esu
1085 2086 1173 2132 per
1193 2070 1348 2118 dictos
1370 2070 1643 2134 capellanos
1677 2076 1729 2119 et
1765 2087 1931 2120 eorum
1965 2087 2263 2121 successores
2282 2073 2468 2137 predic-

523 2162 603 2205 tos
623 2158 687 2205 ad
708 2173 943 2206 summum
964 2157 1119 2206 altare
1141 2158 1270 2206 dicte
1293 2158 1496 2207 ecclesie
1518 2160 1809 2210 cathedralis
1841 2178 1929 2225 pro
1962 2166 2192 2226 perpetuo
2213 2161 2467 2225 solempni-

522 2251 602 2294 ter
632 2246 966 2295 celebrandam
1001 2251 1053 2295 et
1087 2251 1197 2310 post
1232 2252 1447 2296 nostrum
1484 2249 1730 2297 deceoeum
1764 2250 1950 2298 obitum
1981 2255 2198 2299 nostrum
2218 2251 2465 2299 annuatim

525 2335 745 2384 similiter
776 2335 1088 2399 solempniter
1122 2335 1459 2384 celebrandum
1487 2337 1614 2385 sicut
1648 2354 1737 2401 pro
1770 2339 2000 2401 predictis
2032 2340 2269 2402 quondam
2291 2340 2468 2388 nostris

523 2428 661 2487 patre
697 2428 749 2472 et
785 2427 939 2472 matre
974 2429 1029 2472 ut
1064 2425 1282 2488 superius
1316 2441 1595 2489 expremum
1617 2431 1694 2475 est
1729 2463 1741 2473 .
1777 2428 1839 2474 In
1871 2428 2007 2477 cuius
2038 2429 2110 2476 rei
2141 2428 2466 2477 testimonium

525 2512 737 2576 presenti
770 2516 904 2560 carte
935 2517 1099 2561 nostre
1137 2513 1519 2562 mortificationis
1550 2498 1773 2578 maguum
1808 2515 2013 2580 sigillum
2045 2521 2259 2568 nostrum
2293 2519 2468 2583 apponi

526 2601 823 2665 precepimus
844 2601 1069 2650 Testibus
1090 2603 1353 2650 reuerendo
1373 2603 1425 2649 in
1447 2602 1608 2652 Cristo
1630 2609 1769 2668 patre
1794 2604 2040 2654 willelmo
2062 2606 2303 2670 Episcopo
2323 2606 2468 2654 Abir-

525 2691 723 2738 doneusi
743 2690 896 2738 nostri
917 2690 1093 2738 secreti
1115 2689 1258 2753 sigilli
1279 2692 1482 2748 custode
1504 2691 1696 2741 dilectis
1717 2694 2079 2756 consanguineis
2098 2695 2276 2743 uostris
2297 2695 2468 2744 Archi-

523 2779 668 2827 baldo
706 2779 881 2827 comite
919 2779 981 2826 de
1022 2778 1184 2842 Ergile
1223 2779 1416 2827 domino
1454 2780 1706 2843 Campbell
1745 2786 1797 2830 et
1837 2782 1966 2830 Lorn
2003 2783 2232 2846 magistro
2269 2784 2465 2848 hospitii

525 2867 677 2915 nostri
714 2867 925 2914 Patricio
962 2868 1139 2915 comite
1171 2869 1233 2915 de
1267 2868 1511 2917 Boithuile
1544 2870 1737 2918 domino
1770 2869 1928 2933 Halys
1961 2871 2163 2920 Matheo
2194 2872 2370 2920 comite
2403 2873 2463 2921 de

529 2955 754 3002 Levenax
787 2955 980 3004 domino
1013 2955 1213 3003 Dernlie
1255 2956 1534 3005 Alexandro
1566 2959 1761 3007 domino
1794 2959 1956 3007 Hume
1988 2975 2160 3023 magno
2202 2962 2463 3009 camerario

526 3048 691 3092 nostro
712 3044 908 3091 Andrea
928 3045 1121 3092 domino
1152 3043 1289 3107 Gray
1313 3045 1584 3107 justiciario
1604 3051 1771 3095 nostro
1793 3047 2051 3096 venerabili
2072 3049 2123 3096 in
2144 3048 2305 3097 Cristo
2325 3053 2463 3112 patre

523 3132 712 3180 Jacobo
750 3132 925 3180 abbate
964 3133 1026 3180 de
1065 3132 1399 3196 Dunfermling
1432 3134 1732 3182 thesaurario
1768 3140 1935 3184 nostro
1971 3140 2024 3184 et
2068 3136 2246 3185 dilecto
2289 3137 2463 3186 clerico

527 3226 692 3269 nostro
723 3221 950 3283 magistro
982 3222 1187 3270 Gawino
1220 3221 1422 3269 Dunbar
1451 3221 1787 3271 archidiacono
1820 3223 2162 3273 Sanctiandree
2195 3230 2461 3275 nostrorum

525 3309 784 3358 rotulorum
819 3315 870 3357 et
906 3310 1095 3372 registri
1127 3325 1188 3358 ac
1221 3309 1407 3359 consilii
1430 3308 1606 3359 elerico
1626 3313 1753 3375 apud
1784 3312 1990 3360 Brechin
2012 3317 2186 3362 octauo
2218 3315 2296 3362 die
2330 3331 2460 3364 men-
