3008 3996
502 1181 572 1229 II.

597 648 635 700 4
1153 649 1444 708 GARTAE
1488 652 1986 709 ORIGINALES.

601 924 748 973 Carta
776 925 976 974 Roberti
1005 925 1184 990 Broyss
1207 943 1348 992 super
1370 929 1669 979 immunitate
1693 934 1924 978 terrarum
1968 935 2017 978 et
2041 930 2384 994 possessionum
2409 932 2531 995 epis-

599 1014 703 1078 copi
728 1018 778 1063 et
801 1013 996 1078 capituli
1023 1014 1359 1066 Brechinensis
1382 1018 1442 1066 ab
1467 1018 1595 1067 omni
1620 1018 1816 1068 servitio
1839 1022 1889 1066 et
1913 1018 2166 1067 exactione
2191 1018 2393 1067 seculari
2430 1047 2441 1057 ·

607 1159 883 1241 Robertus
901 1194 993 1242 Dei
1009 1196 1164 1258 gratia
1185 1196 1294 1243 Rex
1316 1194 1566 1243 Scotorum
1606 1222 1615 1232 ·
1651 1193 1685 1240 J
1690 1193 1945 1242 usticiariis
1965 1193 2338 1243 Vicecomitibus
2353 1194 2531 1258 Burgo-

600 1298 700 1330 rum
719 1283 971 1346 prepositis
985 1288 1210 1332 eteorum
1226 1283 1417 1332 balliuis
1432 1282 1711 1346 Ceterisque
1730 1282 1960 1330 ministris
1978 1286 2026 1330 et
2045 1282 2260 1331 fidelibus
2277 1283 2452 1332 nostris
2468 1284 2528 1330 ad

599 1387 715 1434 quos
738 1376 982 1435 presentes
1005 1373 1141 1421 litere
1161 1377 1321 1422 nostre
1346 1371 1648 1436 peruenerint
1686 1398 1696 1409 ·
1733 1369 1945 1418 Salutem
1984 1398 1995 1408 ·
2034 1370 2262 1419 Nolentes
2284 1371 2425 1420 sicuti
2443 1386 2530 1419 nec

599 1460 823 1509 debemus
846 1463 970 1525 quod
995 1466 1121 1511 terre
1145 1462 1343 1510 ecclesie
1369 1459 1703 1509 Brechinensis
1726 1475 1817 1522 que
1845 1459 2082 1522 Episcopo
2107 1459 2303 1506 Decano
2328 1458 2531 1507 Canoni-

598 1549 666 1597 cis
689 1553 772 1597 aut
808 1549 1079 1614 Capellanis
1113 1551 1323 1599 eiusdem
1359 1549 1558 1598 ecclesie
1594 1547 1906 1599 communiter
1939 1551 2022 1595 aut
2059 1548 2248 1596 diuisim
2282 1548 2330 1595 in
2364 1541 2531 1611 puram'

598 1642 647 1686 et
670 1642 945 1702 perpetuam
971 1639 1263 1689 elimosinam
1289 1642 1398 1688 sunt
1423 1637 1596 1686 collate
1621 1653 1651 1684 a
1675 1635 1874 1684 diuersis
1896 1635 2226 1685 fundatoribus
2248 1640 2296 1684 et
2322 1636 2530 1684 infeoda-

597 1726 778 1775 toribus
812 1727 911 1775 suis
945 1727 1299 1792 quibuscunque
1339 1728 1418 1791 qui
1453 1725 1702 1776 seruicium
1741 1728 1951 1773 nostrum
1988 1707 2145 1772 facere
2179 1728 2403 1773 tenentur
2443 1741 2529 1788 pro

598 1815 774 1863 eisdem
814 1816 875 1863 ad
917 1816 1180 1879 predictum
1220 1815 1471 1865 seruicium
1505 1818 1718 1863 nostrum
1753 1829 1839 1877 per
1872 1829 2174 1877 quoscunque
2209 1813 2413 1862 balliuos
2446 1829 2530 1862 seu

598 1904 837 1953 ministros
851 1905 909 1952 de
927 1909 1087 1952 cetero
1102 1904 1446 1968 compellantur
1472 1931 1482 1942 ·
1510 1902 1660 1951 Vobis
1677 1901 1980 1965 precipiendo
2000 1903 2277 1950 mandamus
2295 1906 2529 1966 quatenus

599 1993 1000 2057 quotienscunque
1047 1993 1299 2043 seruicium
1341 1996 1552 2041 nostrum
1601 1991 1659 2039 de
1706 1990 1847 2038 terris
1892 1989 1989 2038 suis
2034 1990 2262 2053 predictis
2317 1991 2528 2038 debitum

599 2082 786 2144 exigere
810 2097 893 2130 vos
915 2081 1166 2144 contigerit
1190 2081 1341 2144 ipsum
1365 2079 1615 2130 seruicium
1650 2095 1680 2127 a
1715 2078 2042 2126 fundatoribus
2076 2082 2125 2126 et
2160 2079 2529 2131 infeodatoribus

598 2171 696 2219 suis
730 2170 810 2233 qui
845 2171 907 2217 ad
942 2169 1058 2217 illud
1091 2169 1341 2218 seruicium
1375 2172 1601 2217 tenentur
1629 2166 1847 2215 totaliter
1883 2166 2086 2229 exigatis
2121 2171 2170 2215 et
2205 2184 2366 2216 eorum
2389 2171 2528 2219 feoda

599 2257 824 2322 capitalia
858 2258 898 2306 si
944 2273 1137 2306 necesse
1182 2258 1326 2305 fuerit
1363 2273 1451 2320 *pro
1489 2256 1618 2304 dicto
1666 2255 1868 2303 seruieio
1905 2255 2064 2304 debite
2101 2256 2408 2320 distringatis‚
2459 2259 2528 2309 ita

600 2348 724 2411 quod
758 2351 884 2395 terre
903 2347 1142 2395 dictorum
1180 2346 1404 2410 Episcopi
1431 2345 1614 2393 Decani
1631 2343 1980 2393 *canonicorum
2007 2347 2056 2392 et
2079 2343 2441 2408 Capellanorum
2477 2352 2527 2396 et

600 2451 759 2484 eorum
795 2435 1116 2498 possessiones
1154 2435 1214 2482 ab
1255 2434 1519 2482 huiusmodi
1554 2433 1772 2481 oneribus
1805 2437 1855 2480 et
1890 2432 2217 2482 exactionibus
2250 2434 2397 2483 libere
2433 2436 2527 2485 sint

600 2524 788 2587 penitus
811 2527 955 2587 atque
979 2523 1132 2587 quitte
1169 2551 1179 2561 ·
1218 2523 1533 2586 Firmiterque
1556 2521 1857 2586 prohibemus
1880 2537 1939 2569 ne
1965 2521 2069 2585 quis
2093 2522 2220 2585 ipsos
2240 2523 2526 2588 Episcopum

602 2613 849 2660 Decanum
874 2611 1140 2660 Canonicos
1162 2615 1246 2659 aut
1271 2610 1554 2675 Capellanos
1577 2626 1660 2659 seu
1684 2626 1844 2658 eorum
1863 2609 2066 2674 aliquem
2086 2611 2298 2660 homines
2317 2629 2426 2662 suos
2443 2630 2526 2663 seu

601 2716 761 2749 eorum
809 2699 934 2748 bona
973 2698 1047 2747 vel
1087 2699 1406 2762 possessiones
1446 2702 1612 2746 contra
1650 2697 1938 2761 presentium
1979 2703 2243 2747 nostrarum
2282 2699 2525 2750 literarum

599 2794 812 2837 tenorem
847 2787 1118 2851 aliqualiter
1149 2803 1347 2850 grauare
1381 2803 1464 2836 seu
1499 2802 1672 2835 vexare
1707 2790 1947 2850 presumat
1971 2801 2112 2850 super
2134 2792 2343 2837 nostram
2367 2789 2526 2852 plena-

604 2879 721 2926 riam
761 2877 1107 2925 forisfacturam
1146 2904 1157 2914 ·
1195 2876 1260 2924 Et
1301 2876 1341 2924 si
1373 2876 1485 2939 quid
1520 2876 1580 2923 ab
1616 2874 1685 2924 eis
1724 2875 1774 2922 in
1815 2875 2054 2938 premissis
2084 2879 2308 2924 exactum
2342 2877 2417 2926 ,vel
2457 2879 2526 2927 eis

604 2966 878 3014 iniuriatum
909 2964 1066 3019 fuerit,
1103 2965 1150 3012 id
1186 2965 1275 3012 sibi
1311 2964 1495 3013 restitui
1533 2963 1701 3026 corrigi
1730 2967 1780 3011 et
1802 2963 2046 3011 reformari
2067 2963 2255 3012 faciatis
2289 2966 2526 3028 quotiens-

603 3071 784 3119 cunque
821 3058 870 3102 et
907 3054 1278 3117 quandocunque
1303 3052 1649 3101 rationabiliter
1683 3067 1772 3115 'per
1804 3050 1934 3115 ipsos
1967 3050 2041 3098 vel
2076 3051 2281 3114 ipsorum
2319 3052 2521 3117 aliquem

601 3144 785 3195 fueritis
830 3142 1045 3206 requisiti
1083 3169 1093 3179 ·
1131 3142 1190 3188 In
1227 3141 1360 3190 cuius
1395 3141 1464 3189 rei
1491 3139 1820 3189 testimonium
1854 3139 1940 3187 has
1974 3138 2138 3188 literas
2172 3143 2358 3189 nostras
2393 3142 2523 3191 vobis

603 3231 918 3281 ostendendas
951 3233 1001 3278 et
1034 3245 1180 3293 penes
1215 3230 1362 3293 ipsam
1399 3227 1647 3277 ecclesiam
1693 3230 1923 3291 perpetuo
1968 3242 2264 3278 remansuras
2298 3228 2387 3277 sibi
2421 3228 2521 3278 fieri

601 3322 797 3369 fecimus
841 3322 1061 3384 patentes
1098 3346 1108 3357 ·
1145 3319 1287 3382 Apud
1327 3317 1531 3366 Brechin
1560 3319 1736 3380 quarto
1762 3315 1846 3363 xdie
1883 3315 2162 3365 Decembris
2209 3317 2348 3367 Anno
2392 3320 2521 3382 regui

603 3409 752 3458 nostri
778 3409 959 3463 Quarto
998 3434 1008 3446 ·
