3016 3958
515 622 592 680 70
1073 625 1364 682 CARTAE
1408 627 1906 688 ORIGINALES.

510 815 558 863 in
586 816 669 863 X0·
692 818 829 879 patre
854 818 904 863 et
927 816 1118 863 domino
1141 816 1174 863 J
1179 817 1364 865 ohanne
1392 817 1631 882 Episcopo
1655 822 1820 867 nostro
1851 819 1990 869 nobis
2025 819 2140 867 inibi
2176 824 2225 869 et
2260 821 2349 871 sibi
2385 838 2459 870 as-

509 904 789 954 sistentibus
812 904 1026 969 per-lecta
1062 909 1136 953 est
1175 904 1343 953 citatio
1382 904 1499 954 dicti
1537 906 1714 955 domini
1739 908 1891 956 nostri
1926 908 2136 972 episcopi
2160 914 2328 959 contra
2354 911 2460 959 Ma-

507 994 709 1058 gistrum
734 993 1002 1043 Gilbertum
1043 995 1269 1043 Forestar
1305 994 1689 1044 archidiaconum
1725 999 1842 1045 tunc
1878 1002 2149 1061 presentem
2185 1000 2246 1047 ad
2282 999 2461 1049 instan-

509 1083 628 1132 tiam
672 1083 970 1133 dominorum
1021 1083 1238 1131 Gaufridi
1281 1082 1553 1132 cancellarii
1605 1084 1806 1134 Roberti
1857 1086 2054 1151 Mernys
2100 1091 2150 1136 et
2198 1087 2460 1137 Alexandri

513 1172 740 1221 Rochede
763 1175 880 1221 tunc
904 1171 1222 1221 stallariorum
1249 1187 1430 1221 necnon
1469 1173 1646 1221 domini
1685 1174 1906 1224 Duncani
1944 1192 2030 1240 pro
2061 1180 2176 1226 tunc
2214 1178 2376 1225 vicarii
2402 1179 2461 1226 de

511 1262 818 1311 Strathechin
842 1261 1131 1326 presentium
1156 1266 1205 1310 et
1232 1262 1466 1311 iustitiam
1505 1263 1564 1311 de
1597 1263 1727 1312 dicto
1761 1264 2096 1314 archidiacono
2121 1266 2462 1315 instantissime

511 1350 776 1414 petentium
815 1379 825 1389 ·
863 1351 1002 1400 Unde
1027 1351 1183 1401 dictus
1208 1352 1494 1401 reuerendus
1523 1356 1663 1416 pater
1700 1353 1908 1417 partium
1946 1354 2180 1403 dictarum
2220 1355 2463 1419 petitioni-

513 1440 602 1489 bus
625 1444 675 1488 et
711 1440 1095 1505 responsionibus
1128 1441 1681 1492 subsecutisrationibus
1716 1446 1765 1492 et
1802 1442 2165 1506 allegationibus
2189 1445 2366 1493 auditis
2401 1446 2461 1493 ad

511 1526 699 1593 longum
747 1529 1026 1593 quibusdam
1067 1528 1177 1577 hinc
1218 1529 1328 1578 inde
1366 1530 1550 1593 negatis
1597 1535 1646 1580 et
1693 1532 1973 1596 quibusdam
2010 1534 2239 1583 confessis
2273 1539 2322 1583 et
2357 1539 2462 1583 tan-

514 1618 620 1667 dem
647 1618 862 1683 partibus
885 1622 1026 1667 extra
1049 1617 1310 1682 capitulum
1334 1618 1604 1676 subtractis,
1631 1620 1851 1670 dominus
1886 1625 2049 1671 noster
2083 1622 2332 1687 episcopus
2355 1639 2460 1672 cum

515 1711 677 1756 nostro
702 1706 898 1756 consilio
923 1711 972 1755 et
997 1707 1392 1756 determinatione
1430 1711 1481 1756 et
1516 1709 1775 1757 secundum
1812 1713 1997 1759 statuta
2019 1711 2214 1775 capituli
2239 1713 2389 1761 nostri
2413 1718 2462 1761 et

516 1795 715 1846 ecclesie
753 1812 783 1844 a
819 1795 994 1845 nostris
1018 1795 1432 1860 predecessoribus
1457 1800 1507 1845 et
1532 1796 1669 1846 nobis
1690 1797 1923 1848 hactenus
1952 1798 2116 1862 jurata
2149 1803 2198 1849 et
2222 1801 2463 1866 hucusque

515 1884 859 1935 inuiolabiliter
882 1885 1150 1942 obseruata,
1177 1889 1226 1934 et
1251 1889 1303 1934 ut
1327 1885 1536 1950 quietius
1561 1889 1610 1934 et
1633 1884 1828 1935 liberius
1853 1887 1969 1937 dicti
1994 1888 2210 1938 canonici
2234 1894 2284 1938 et
2308 1891 2465 1955 capel-

519 1975 616 2024 lani
640 1975 747 2024 Deo
770 1974 1006 2024 seruirent
1025 1979 1075 2024 et
1096 1974 1238 2024 dictis
1259 1974 1597 2024 controuersiis
1621 1979 1671 2024 et
1696 1976 1883 2025 debatis
1907 1981 2134 2041 quantum
2159 1978 2207 2026 in
2233 1978 2335 2043 ipso
2360 1985 2464 2028 erat

517 2070 565 2113 et
596 2066 644 2112 in
681 2064 817 2113 nobis
850 2064 988 2112 finem
1026 2063 1298 2128 imponens;
1335 2064 1597 2113 Decretum
1624 2065 1954 2129 capitulariter
1976 2066 2127 2115 edidit
2166 2072 2214 2116 et
2248 2069 2464 2132 partibus

517 2154 701 2219 copiam
725 2153 835 2202 hinc
875 2154 983 2201 inde
1021 2154 1122 2201 fieri
1162 2154 1377 2203 decreuit
1415 2154 1501 2203 sub
1535 2170 1677 2202 manu
1700 2154 1873 2203 notarii
1898 2159 1948 2203 et
1972 2155 2212 2204 obseruari
2236 2158 2462 2221 precepit,

517 2244 650 2292 cuius
687 2242 867 2291 decreti
905 2247 1044 2291 tenor
1080 2242 1294 2306 sequitur
1331 2246 1381 2291 et
1419 2247 1492 2292 est
1530 2241 1643 2292 talis
1681 2271 1691 2281 ·
1727 2242 1978 2292 Ordinatio
2017 2245 2193 2293 domini
2238 2246 2462 2311 Episcopi

521 2332 856 2381 Brechinensis
895 2331 1026 2380 facta
1067 2332 1114 2379 in
1154 2330 1364 2395 capitulo
1390 2330 1615 2380 Generali
1650 2332 1711 2380 ad
1746 2332 1836 2379 hoc
1871 2332 2145 2396 specialiter
2179 2340 2464 2400 congregato

518 2427 618 2470 tam
643 2421 975 2470 canonicorum
1012 2436 1153 2485 quam
1193 2420 1456 2469 Rectorum
1489 2426 1538 2469 et
1579 2420 1877 2469 Vicariorum
1916 2421 2043 2470 dicte
2083 2423 2298 2473 dioecesis
2337 2427 2462 2489 apud

523 2510 728 2559 Brechin
751 2509 1102 2558 vicesimonono
1126 2509 1202 2557 die
1227 2508 1402 2558 mensis
1427 2508 1650 2558 Octobris
1686 2511 1826 2558 Anno
1855 2510 2049 2559 Domini
2074 2511 2323 2563 millesimo
2347 2531 2463 2579 qua-

524 2600 889 2663 dringentesimo
924 2599 1146 2649 vicesimo
1180 2615 1304 2648 nono
1339 2614 1481 2663 super
1515 2599 1728 2649 diuersas
1762 2599 1975 2650 actiones
1999 2605 2166 2651 contra
2188 2603 2463 2667 magistrum

525 2690 791 2739 Gilbertum
818 2688 1077 2737 Forestarii
1101 2688 1485 2737 archidiaconum
1509 2687 1636 2737 dicte
1671 2687 1872 2738 ecclesie
1909 2689 2243 2740 Brechinensis
2276 2708 2361 2756 per
2395 2693 2467 2741 di-

525 2795 688 2829 uersos
728 2782 1073 2843 conquerentes
1119 2777 1398 2842 propositas,
1443 2777 1536 2833 Qui
1577 2777 1938 2828 archidiaconus
1978 2779 2039 2827 ad
2080 2779 2365 2829 audiendum
2412 2787 2461 2830 et

527 2868 874 2934 procedendum
921 2867 967 2914 in
1016 2866 1157 2915 dictis
1202 2866 1470 2915 actionibus
1504 2881 1687 2915 necnon
1721 2867 1783 2914 ad
1819 2866 2140 2916 diffiniendum
2175 2869 2365 2919 easdem
2401 2872 2462 2919 ad

529 2958 794 3023 predictum
818 2955 942 3004 diem
967 2954 1175 3019 legitime
1199 2955 1378 3004 citatus
1412 2954 1504 3003 fuit
1541 2970 1648 3003 cum
1684 2954 1982 3004 intimatione
2007 2958 2135 3021 quod
2157 2957 2259 3007 siue
2282 2960 2464 3008 venerit

530 3048 630 3097 siue
654 3061 748 3095 non
772 3048 821 3093 et
845 3044 990 3093 etiam
1015 3047 1154 3108 prout
1190 3044 1238 3091 in
1275 3043 1427 3093 literis
1461 3043 1704 3093 citationis
1728 3044 1994 3094 huiusmodi
2019 3061 2080 3094 ex
2104 3045 2214 3095 inde
2237 3048 2466 3099 confectis

531 3135 716 3200 plenius
738 3133 1008 3182 continetur
1044 3132 1125 3181 ubi
1159 3147 1266 3180 cum
1301 3131 1499 3181 consilio
1533 3137 1584 3181 et
1618 3133 2012 3183 determinatione
2046 3135 2254 3184 omnium
2277 3139 2468 3186 canoni-

533 3239 694 3274 corum
717 3226 831 3271 tunc
855 3221 1031 3269 ibidem
1056 3221 1363 3270 existentium
1386 3220 1552 3271 extitit
1575 3221 1820 3270 decretum
1854 3226 1904 3271 et
1938 3223 2304 3274 determinatum
2328 3233 2468 3290 prout

534 3314 747 3379 sequitur
784 3340 794 3351 ·
833 3311 992 3359 Primo
1033 3311 1158 3374 quod
1199 3310 1497 3374 possidentes
1544 3314 1748 3375 quatuor
1793 3311 2052 3376 dignitates
2097 3313 2224 3363 dicte
2271 3315 2469 3365 ecclesie
