3016 3958
319 1225 604 1274 CLXXXI.

291 2556 605 2606 CLXXXII.

1180 590 1474 645 OARTAE
1519 592 2019 648 ORIGINALES.
2471 599 2583 651 243

630 771 780 820 lorum
806 775 992 837 registri
1027 793 1084 825 ac
1121 779 1304 827 consilii
1330 780 1502 828 clerico
1528 782 1655 829 dicto
1682 782 1971 830 Archibaldo
2013 784 2172 846 Naper
2208 784 2265 831 de
2305 785 2571 848 Merching-

628 865 769 910 stoun
787 863 1082 925 justiciariae
1107 867 1279 917 clerico
1318 874 1365 918 et
1400 871 1433 917 J
1438 887 1588 918 oanne
1627 872 1764 919 Seott
1801 873 1858 918 de
1896 872 2233 921 Scotistarvett
2259 872 2566 922 cancellariae

628 951 862 1000 directore
887 954 1117 1004 militibus
1155 985 1165 996 ι
1203 959 1266 1005 24
1292 959 1578 1006 Jun111624
1618 988 1627 996 ·

640 1192 824 1270 Carta
846 1222 1093 1271 continens
1128 1224 1175 1270 in
1212 1240 1262 1272 se
1298 1230 1605 1288 praeceptum
1631 1225 1834 1274 saisinae
1858 1241 2084 1274 concessa
2118 1244 2203 1290 per
2238 1228 2395 1275 David
2423 1229 2570 1276 Ram-

627 1327 712 1373 say
751 1310 987 1371 juniorem
1031 1313 1088 1359 de
1133 1312 1381 1361 Balmaine
1427 1314 1460 1359 J
1466 1315 1607 1361 oanni
1650 1315 1856 1362 Moncur
1897 1316 1957 1362 de
1999 1315 2185 1363 Slaines
2231 1321 2463 1364 terrarum
2511 1320 2568 1365 de

627 1399 862 1447 Coischno
902 1400 1235 1449 Auchtochter
1274 1406 1323 1449 et
1365 1403 1640 1449 Knokbank
1679 1419 1785 1450 cum
1823 1404 2124 1466 pertinentiis
2169 1406 2425 1452 earundem
2468 1407 2568 1468 qui-

626 1489 898 1551 buscunque
929 1489 1193 1550 jacentium
1232 1490 1354 1538 infra
1391 1490 1633 1538 baroniam
1673 1492 1730 1538 de
1770 1492 2037 1554 Mondynes
2071 1493 2343 1555 parochiam
2369 1495 2426 1541 de
2454 1495 2568 1542 For-

627 1578 780 1623 doune
805 1580 854 1624 et
879 1576 1262 1625 vicecomitatum
1283 1580 1341 1626 de
1363 1578 1685 1636 Kincardine3
1709 1582 2021 1628 tenendarum
2047 1583 2106 1628 de
2130 1583 2355 1644 magistro
2379 1583 2413 1628 J
2417 1584 2565 1630 acobo

628 1665 822 1714 Sibbald
849 1667 906 1714 de
934 1667 1058 1714 Kair
1081 1671 1266 1716 rectore
1303 1669 1361 1715 de
1399 1668 1661 1716 Benholme
1687 1673 1736 1717 et
1761 1670 1936 1717 barone
1968 1670 2190 1718 baroniae
2215 1671 2273 1717 de
2300 1671 2567 1734 Mondynes

626 1755 867 1819 superiore
907 1757 1161 1804 earundem
1202 1757 1251 1804 in
1288 1757 1550 1805 feodifirma
1587 1762 1635 1806 et
1660 1758 1957 1806 haereditate
1993 1759 2040 1805 in
2076 1763 2356 1822 perpetuum
2392 1786 2402 1798 ο
2441 1760 2569 1807 Red-

627 1846 781 1892 dendo
817 1845 927 1893 inde
951 1846 1196 1894 annuatim
1222 1847 1439 1909 praefato
1465 1847 1690 1909 magistro
1714 1847 1748 1893 J
1752 1847 1901 1894 acobo
1938 1846 2133 1894 Sibbald
2169 1852 2217 1894 et
2253 1847 2350 1895 suis
2384 1863 2568 1896 succes-

628 1935 816 1983 soribus
862 1935 1118 1983 baronibus
1167 1935 1324 1983 dictae
1371 1935 1596 1983 baroniae
1643 1951 1873 1983 summam
1905 1939 2033 1999 ‘octo
2078 1934 2302 1982 librarum
2350 1940 2566 1984 monetae

628 2023 820 2072 Scotiae
856 2051 867 2062 ·
905 2023 1092 2071 Ballivo
1117 2024 1166 2070 in
1189 2028 1446 2088 praecepto
1471 2024 1714 2071 nominato
1741 2023 1979 2072 Gulielmo
2005 2024 2244 2071 Grahame
2270 2025 2328 2071 de

763 2141 772 2150 ·
811 2113 943 2160 Data
967 2129 1123 2160 coram
1148 2113 1223 2161 his
1245 2113 1453 2161 testibus
1475 2113 1509 2159 J
1514 2129 1667 2160 oanne
1694 2111 1884 2160 Collace
1908 2112 2160 2159 feoditario
2189 2113 2246 2159 de
2273 2112 2566 2161 Balnamoon

628 2202 845 2250 Roberto
889 2201 1207 2250 Middiltoune
1251 2203 1308 2249 de
1352 2201 1578 2249 Caldame
1619 2201 1653 2247 J
1659 2217 1808 2248 oanne
1852 2199 2056 2263 Barclay
2099 2201 2156 2247 de
2200 2201 2470 2249 Johnstoun
2518 2207 2567 2249 et

628 2291 828 2338 Andrea
853 2291 1064 2353 Ramsay
1088 2290 1184 2338 filio
1210 2291 1360 2354 ipsius
1388 2291 1544 2338 David
1578 2290 1790 2352 Ramsay
1827 2317 1836 2326 ·
1876 2289 1938 2335 12
1965 2288 2132 2335 Martii
2160 2289 2286 2336 1625
2327 2316 2336 2325 ·

645 2526 829 2604 Carta
852 2557 1105 2602 earundem
1129 2559 1362 2602 terrarum
1402 2555 1450 2601 in
1489 2553 1623 2601 vitali
1662 2553 1851 2600 redditu
1887 2568 2112 2600 concessa
2148 2569 2233 2615 per
2270 2554 2447 2601 dictum
2484 2556 2570 2602 Jo-

633 2646 835 2692 hannem
862 2645 1064 2691 Moncur
1090 2644 1392 2706 Margaretae
1419 2642 1610 2690 Collace
1636 2658 1748 2689 suae
1784 2641 1970 2703 conjugi
2007 2657 2091 2704 pro
2127 2643 2474 2691 renuntiatione
2499 2645 2568 2691 in-

631 2732 915 2782 feodationis
949 2731 1040 2795 ipsi
1063 2732 1240 2779 virtute
1276 2729 1564 2778 matrimonii
1601 2746 1686 2793 pro
1722 2733 1933 2792 tempore
1972 2745 2085 2777 suae
2123 2729 2249 2777 vitae
2288 2730 2569 2794 pertinentis

634 2822 774 2871 villae
799 2826 847 2869 et
872 2825 1104 2869 terrarum
1131 2821 1188 2866 de
1214 2819 1420 2882 Fawsyd
1447 2822 1495 2865 et
1522 2818 1726 2865 Brackie
1762 2816 1986 2864 umbralis
2019 2818 2327 2867 dimidietatis
2350 2819 2489 2867 villae
2524 2825 2572 2868 et

633 2917 865 2960 terrarum
892 2910 949 2956 de
976 2907 1218 2956 Blaklaws
1242 2907 1409 2955 solaris
1434 2906 1743 2954 dimidietatis
1767 2905 1904 2952 villae
1930 2910 1978 2953 et
2001 2910 2233 2954 terrarum
2259 2909 2317 2956 de
2344 2908 2571 2958 Glasland

635 2999 802 3049 solaris
848 3001 1045 3061 quartae
1086 2996 1236 3060 partis
1281 2997 1338 3042 de
1387 2993 1695 3043 Fischerland
1742 2993 1861 3042 alias
1905 2999 2166 3058 nuncupat.
2215 2996 2422 3060 Bredley
2464 3015 2569 3046 cum

636 3088 839 3154 piscaria
881 3086 1094 3133 alborum
1141 3085 1339 3148 piscium
1389 3083 1555 3131 iisdem
1601 3082 1742 3130 terris
1782 3082 2082 3129 incumbente
2128 3087 2353 3147 tanquam
2403 3087 2574 3149 princi-

635 3177 826 3242 palium,
851 3189 1032 3221 necnon
1057 3177 1290 3221 terrarum
1315 3172 1404 3220 sibi
1429 3186 1770 3225 concessarum,
1795 3171 1934 3217 modo
1968 3171 2226 3233 praedicto,
2263 3174 2310 3220 in
2346 3176 2573 3222 securita-

635 3272 734 3315 tem
780 3264 1101 3328 praefatarum
1141 3266 1389 3315 terrarum,
1435 3259 1666 3314 videlicet,
1706 3258 1844 3306 villae
1892 3263 1941 3306 et
1988 3262 2222 3307 terrarum
2271 3264 2328 3309 de
2378 3263 2574 3325 Slaynes
