3016 3958
476 671 589 725 204
1045 669 1341 725 CARTAE
1385 669 1891 726 ORIGINALES.

474 861 587 910 viris
611 862 814 910 dominis
852 862 1094 909 Richardo
1130 865 1179 908 et
1214 859 1413 909 Andrea
1448 861 1798 925 Fyndlaysonis
1832 862 2020 910 Jacobo
2056 861 2236 925 Scharp
2263 860 2428 908 Allex-

474 952 622 999 andro
651 950 826 999 Moriss
850 950 1011 998 Dauid
1038 949 1280 997 Meldrum
1305 950 1512 1013 Georgio
1538 950 1737 999 Vilsone
1774 955 1823 999 et
1858 951 1892 998 J
1897 967 2048 999 oanne
2076 950 2228 998 Thine
2265 950 2422 1014 capel-

474 1037 597 1088 lanis
619 1039 841 1088 choristis
865 1039 1065 1087 ecclesie
1092 1038 1386 1088 cathedralis
1412 1040 1750 1088 Brechinensis
1775 1055 1881 1088 cum
1908 1040 2109 1089 diuersis
2133 1038 2243 1088 aliis
2279 1067 2289 1077 ·

474 1151 506 1197 J
512 1168 688 1199 oannes
714 1153 812 1200 dns.
839 1152 897 1198 de
924 1151 1115 1214 Erskyn
1154 1179 1164 1190 ·
1234 1150 1268 1197 J
1273 1167 1315 1199 o.
1341 1151 1593 1215 episcopus
1618 1151 1955 1200 Brechinensis
1992 1179 2003 1188 ·

1219 1239 1287 1286 V9
1313 1241 1524 1289 decanus
1549 1240 1888 1289 Brechinensis
1927 1268 1936 1278 ·

1212 1331 1246 1377 ‚J
1251 1346 1429 1379 oannes
1450 1330 1686 1394 Hepburn
1704 1330 2030 1379 thesaurarius
2051 1329 2386 1378 Brechinensis
2411 1355 2420 1365 ·

1211 1420 1244 1466 J
1249 1436 1291 1467 o.
1318 1419 1572 1467 Cokburne
1598 1423 1788 1467 rectour
1811 1419 1870 1466 de
1897 1418 2105 1466 Kilmoir
2142 1447 2153 1456 ·

1214 1508 1375 1556 Dauid
1402 1508 1657 1572 Lyndesay
1936 1510 1994 1556 de
2020 1509 2250 1572 Fynevyn
2290 1537 2299 1546 ·

1213 1598 1283 1645 M.
1310 1597 1516 1646 Thomas
1542 1598 1833 1661 Skrymgour
1855 1602 2109 1662 precentor
2134 1598 2423 1646 Brechinen-

1349 1686 1415 1735 sis
1438 1703 1582 1734 manu
1606 1703 1695 1735 sua
1733 1715 1744 1725 ·

1213 1776 1247 1823 J
1252 1776 1428 1824 acobus
1452 1775 1807 1825 archedecanus
1832 1776 2170 1825 Brechinensis
2210 1806 2219 1814 ·

1218 1866 1278 1912 R.
1309 1864 1486 1913 Erskin
1512 1865 1852 1928 prebendarius
1877 1866 1935 1913 de
1961 1865 2248 1929 Glenberwy
2286 1894 2296 1903 ·

1213 1955 1268 2002 Τ.
1294 1953 1612 2002 Abercrumie
1636 1958 1795 2002 rector
1819 1955 1876 2002 de
1903 1954 2160 2017 Buttergill
2199 1983 2209 1992 ·

1213 2043 1335 2092 Dns.
1374 2043 1408 2090 ,J
1412 2043 1624 2091 ohannes
1667 2042 1968 2092 Vilzemsone
2015 2042 2289 2107 capellanus
2335 2061 2421 2108 pro

1347 2147 1456 2181 meo
1492 2148 1725 2182 consensu
1763 2160 1774 2170 ·

1217 2221 1336 2270 Dns.
1362 2220 1591 2269 Nicolaus
1618 2221 1886 2269 Thomsone
1910 2237 2051 2268 manu
2077 2237 2164 2269 sua
2202 2249 2212 2259 ι

477 2406 580 2452 Ane
612 2408 807 2467 precept
845 2403 899 2450 of
931 2401 1069 2450 Sesin
1092 2400 1233 2463 geuin
1267 2400 1326 2447 be
1356 2400 1439 2447 the
1477 2399 1609 2447 larde
1647 2399 1701 2447 of
1732 2380 2040 2448 Strakffltene
2078 2404 2143 2448 to‘
2171 2401 2308 2449 infeft
2347 2402 2420 2450 his

475 2493 609 2556 wyiff
626 2492 880 2554 according
896 2495 948 2539 to
971 2491 1054 2538 the
1079 2493 1313 2538 contract.

188 2649 450 2698 CXXXV.
489 2617 744 2696 Andreas
771 2648 1014 2695 Wentoun
1051 2648 1109 2694 de
1147 2646 1426 2710 Stradichty
1449 2646 1626 2695 martin
1662 2645 1851 2695 dilectis
1887 2648 2006 2696 meis
2039 2648 2225 2696 Jacobo
2250 2649 2423 2696 Scrim-

477 2753 622 2800 geom·
646 2739 703 2784 de
730 2736 1025 2800 Balbuchlye
1365 2739 1414 2783 et
1439 2751 1600 2783 eorum
1627 2734 1823 2783 cuilibet
1848 2736 2136 2784 coniunctim
2162 2741 2211 2785 et
2235 2737 2422 2786 diuisim

478 2826 668 2874 balliuis
692 2826 809 2874 meis
832 2826 880 2872 in
904 2826 993 2872 hac
1017 2828 1152 2888 parte
1177 2823 1451 2888 specialiter
1479 2824 1755 2873 constitutis
1791 2824 2005 2873 Salutem
2033 2826 2157 2880 Quia
2181 2826 2228 2873 in
2252 2825 2423 2889 perim-

483 2914 742 2979 pletionem
790 2914 942 2976 partis
987 2913 1233 2961 cuiusdam
1280 2916 1558 2961 contractus
1604 2913 1729 2960 inter
1773 2913 2096 2961 honorabilem
2143 2914 2292 2962 virum
2338 2915 2425 2962 do-

483 3004 688 3051 hannem
715 3002 1014 3065 Scrimgeour
1038 3001 1436 3050 constabularium
1459 3001 1517 3048 de
1542 2999 1716 3047 Dunde
1742 3004 1791 3048 et
1817 2998 2100 3050 Elesabetht
2125 3002 2425 3065 Scrimgeour

486 3093 588 3141 eius
622 3091 764 3138 filiam
803 3091 862 3137 ab
887 3105 983 3137 una
1017 3094 1066 3138 et
1101 3106 1176 3137 me
1212 3090 1272 3138 ab
1308 3088 1462 3137 altera
1483 3089 1699 3152 partibus
1722 3088 1824 3136 nati
1849 3092 1898 3136 et
1923 3090 2125 3138 confecti
2149 3107 2294 3153 penes
2318 3107 2427 3140 con-

487 3184 696 3230 tractum
739 3179 1025 3226 matrimonii
1068 3180 1193 3227 inter
1231 3194 1307 3226 me
1346 3181 1396 3225 et
1438 3177 1614 3224 dictam
1659 3176 1941 3225 Elesabetht
1983 3177 2031 3224 in
2067 3178 2188 3226 facie
2226 3179 2424 3228 ecclesie

490 3268 824 3318 solemnisandi
849 3271 897 3315 et
922 3267 970 3314 in
994 3268 1298 3316 donationem
1324 3269 1520 3330 propter
1547 3265 1739 3328 nuptias
1775 3249 1883 3312 dedi
1920 3269 1969 3313 et
2005 3267 2215 3315 concessi
2239 3269 2421 3331 prefate

493 3356 774 3406 Elesabetht
799 3372 902 3403 mee
927 3371 1096 3419 sponse
1120 3357 1278 3404 future
1314 3356 1362 3402 in
1398 3369 1484 3403 sua
1508 3369 1627 3417 pura
1649 3353 1918 3417 virginitate
1942 3357 2096 3402 totam
2121 3358 2170 3402 et
2195 3355 2424 3419 integram
