3016 3958
343 1517 584 1566 CXXXI.

1163 618 1456 675 CARTAE
1501 620 2000 679 ORIGINALES.
2454 628 2561 686 197

607 805 718 853 endi
778 805 930 870 patris
968 834 977 844 ·
1017 834 1026 844 ·
1067 835 1077 844 ·
1113 808 1414 871 presentibus
1460 811 1636 860 ibidem
1685 814 2030 863 venerabilibus
2075 819 2123 863 et
2171 816 2389 866 discretis
2440 818 2550 866 viris

606 894 828 943 videlicet
851 896 1077 959 magistro
1100 897 1134 944 J
1138 897 1323 945 ohanne
1349 899 1573 948 Cokburn
1598 905 1782 950 rectore
1819 904 1877 951 de
1915 904 2119 967 Kylmor
2153 906 2377 968 magistro
2403 906 2547 954 Alex-

605 984 754 1032 andro
779 984 895 1033 Vite
920 984 1167 1049 capellano
1192 990 1242 1035 et
1269 987 1481 1036 Henrico
1507 989 1792 1052 Congiltoun
1815 993 2019 1042 testibus
2044 995 2104 1041 ad
2128 995 2357 1057 premissa
2394 1023 2403 1033 ·
2443 1024 2452 1033 ·

675 1073 740 1121 Et
766 1089 852 1137 ego
876 1090 987 1123 vero
1015 1075 1286 1125 Richardus
1311 1075 1499 1141 Capper
1515 1079 1752 1141 presbiter
1771 1081 2106 1131 Brechinensis
2126 1083 2369 1133 dioceseos
2394 1100 2549 1133 sacro-

605 1167 771 1212 sancte
795 1164 923 1213 sedis
945 1165 1208 1229 apostolice
1233 1167 1351 1214 autte
1372 1165 1504 1214 norius
1527 1168 1688 1231 pub⁰¹¹⁵
1726 1197 1735 1207 ·
1775 1198 1785 1207 ·
1825 1198 1834 1207 ·

609 1366 988 1415 Instrumentum
1013 1367 1188 1416 saisine
1214 1367 1261 1435 in
1285 1369 1499 1417 fauorem
1525 1371 1739 1434 magistri
1765 1371 1945 1420 Thome
1973 1372 2211 1420 Meldrum
2239 1374 2297 1421 de
2324 1374 2447 1437 Segy
2485 1403 2494 1412 ·

620 1488 698 1568 In
737 1521 832 1569 Dei
869 1522 1060 1570 nomine
1100 1522 1260 1571 Amen
1299 1552 1310 1562 ·
1350 1552 1360 1562 ·
1401 1553 1410 1563 ·
1449 1526 1635 1574 cunctis
1672 1531 1838 1590 pateat
1878 1555 1888 1564 ·
1928 1556 1937 1565 ·
1978 1555 1988 1565 ·
2027 1530 2150 1592 quod
2176 1545 2300 1578 anno
2329 1531 2543 1578 incarna-

608 1610 753 1659 tionis
792 1611 1046 1660 Dominice
1084 1612 1337 1662 millesimo
1376 1615 1754 1678 quingentesimo
1777 1617 2136 1680 quadragesimo
2165 1623 2336 1666 octauo
2374 1620 2547 1668 mensis

609 1715 720 1748 vero
754 1690 977 1748 ‚Ianuarii
1013 1701 1090 1749 die
1129 1702 1314 1751 decimo
1355 1730 1364 1742 ·
1405 1731 1415 1741 -
1455 1732 1465 1741 ·
1502 1705 1818 1767 personaliter
1853 1706 2144 1755 constitutus
2171 1707 2459 1756 honorabilis
2487 1710 2554 1755 vir

608 1789 836 1853 magister
873 1790 1108 1854 Georgius
1141 1791 1392 1856 ⁸Meldrum
1430 1797 1705 1843 attornatus
1742 1795 1956 1859 magistri
1997 1797 2177 1845 Thome
2218 1797 2454 1845 Meldrum
2495 1800 2552 1844 de

610 1879 735 1942 Segy
762 1907 772 1916 ·
811 1907 820 1917 -
861 1907 871 1916 ·
908 1883 1076 1928 tenens
1100 1880 1148 1927 in
1174 1881 1392 1931 manibus
1416 1884 1515 1931 suis
1540 1884 1777 1947 quoddam
1802 1889 2081 1949 preceptum
2106 1902 2321 1949 supreme
2347 1888 2549 1936 Domine

609 1972 771 2017 nostre
794 1969 975 2032 Regine
992 1970 1192 2017 formam
1212 1971 1429 2035 precepti
1447 1972 1622 2021 saisine
1646 1973 1694 2020 in
1719 1989 1769 2022 se
1804 1974 2053 2022 continens
2091 2003 2100 2012 ·
2141 2003 2150 2012 ·
2190 2004 2199 2012 ·
2236 1975 2389 2038 sigillo
2413 1976 2553 2039 vulgo

613 2061 783 2106 vocato
816 2074 876 2121 ye
913 2062 1107 2122 quarter
1129 2058 1235 2108 seill
1273 2087 1283 2098 -
1323 2087 1333 2097 ·
1373 2087 1384 2098 ·
1420 2060 1678 2123 sigillatum
1718 2090 1728 2100 ·
1769 2090 1779 2100 ·
1819 2091 1828 2100 ·
1866 2064 1994 2126 quod
2017 2063 2217 2112 honesto
2243 2064 2341 2112 viro
2367 2066 2555 2113 Andree

616 2147 933 2196 Hendersoun
958 2148 1041 2195 uni
1065 2148 1399 2197 vicecomitum
1424 2151 1482 2197 de
1508 2151 1679 2198 Forfar
1703 2151 1751 2198 in
1775 2152 1866 2199 hac
1901 2157 2038 2216 parte
2064 2153 2111 2199 in
2137 2154 2302 2201 eodem
2328 2160 2554 2218 precepto

615 2236 945 2301 principaliter
981 2238 1227 2286 nominato
1266 2266 1275 2276 ·
1316 2267 1326 2277 ·
1363 2267 1373 2277 ·
1409 2243 1687 2288 reuerenter
1725 2241 1943 2289 exhibuit
1969 2246 2017 2289 et
2055 2243 2351 2305 presentauit
2395 2244 2554 2298 Quod-

617 2328 806 2390 quidem
840 2332 1118 2391 preceptum
1154 2328 1368 2392 prefatus
1391 2329 1655 2377 vicecomes
1694 2357 1704 2367 ·
1744 2358 1753 2367 ·
1793 2357 1804 2368 ·
1841 2330 1983 2377 michi
2008 2330 2195 2378 notario
2218 2331 2408 2394 publico
2447 2360 2456 2369 -
2496 2360 2505 2369 ·

617 2417 817 2465 tradidit
841 2416 1176 2480 perlegendum
1199 2418 1346 2466 Cuius
1368 2422 1508 2466 tenor
1531 2419 1746 2482 sequitur
1772 2447 1782 2457 ·
1822 2447 1832 2456 ·
1871 2447 1881 2456 ·
1910 2419 2067 2467 Maria
2087 2420 2179 2466 Dei
2203 2420 2357 2482 gratia
2374 2421 2556 2483 Regina

621 2508 895 2556 Scottorum
918 2507 1188 2555 vicecomiti
1224 2511 1274 2556 et
1309 2506 1501 2556 balliuis
1528 2508 1627 2556 suis
1665 2508 1723 2555 de
1761 2508 1931 2556 Forfar
1965 2523 2146 2555 necnon
2172 2507 2359 2556 dilectis
2383 2510 2558 2558 nostris

619 2597 816 2645 Andree
842 2597 1116 2646 Henrisoun
1146 2596 1432 2645 Alexandro
1462 2597 1615 2646 Dwns
1643 2597 1677 2643 J
1681 2596 1854 2644 ohanni
1879 2595 2086 2659 Dougall
2122 2624 2132 2633 ·
2170 2632 2181 2642 .
2221 2625 2230 2633 -
2268 2597 2555 2645 vicecomiti-

622 2688 709 2736 bus
732 2687 908 2737 nostris
928 2687 985 2734 de
1011 2687 1183 2735 Forfar
1220 2715 1230 2725 ·
1270 2715 1280 2725 ·
1319 2715 1330 2725 ·
1368 2686 1584 2735 Salutem
1624 2714 1633 2723 ·
1671 2685 1845 2734 Sciatis
1870 2685 1992 2747 quod
2017 2684 2301 2747 precipimus
2325 2702 2410 2748 per
2433 2686 2552 2734 alias

620 2777 787 2826 literas
831 2780 1021 2825 nostras
1067 2777 1329 2824 reuerendo
1375 2776 1425 2823 in
1472 2775 1664 2824 Christo
1710 2774 1836 2838 patri
1883 2773 2103 2836 episcopo
2152 2773 2458 2823 Brechinensi
2505 2779 2553 2822 et

622 2867 814 2916 balliuis
848 2867 946 2915 suis
979 2867 1106 2929 quod
1140 2866 1264 2914 iuste
1300 2869 1349 2914 et
1384 2866 1485 2914 sine
1522 2864 1749 2912 dilatione
1784 2861 1947 2909 haberi
1980 2861 2158 2909 faciant
2194 2861 2368 2910 dilecto
2392 2867 2553 2911 nostro

618 2957 845 3019 magistro
882 2956 1062 3003 Thome
1101 2954 1343 3002 Meldrum
1373 2955 1431 3001 de
1465 2953 1590 3016 Segy
1627 2981 1636 2990 -
1677 2980 1686 2989 ·
1725 2978 1736 2989 ·
1773 2950 1994 2999 saisinam
2031 2950 2089 2996 de
2124 2950 2241 2998 totis
2273 2955 2322 2999 et
2358 2951 2552 3014 integris

613 3045 755 3094 terris
778 3043 1067 3093 tenementis
1091 3043 1209 3091 ortis
1232 3043 1414 3091 horreis
1437 3042 1561 3090 acris
1584 3045 1815 3088 terrarum
1841 3038 1890 3101 ly
1914 3038 2061 3086 crofts
2086 3042 2134 3086 et
2163 3040 2332 3088 annuis
2357 3041 2552 3088 redditi-

614 3135 703 3183 bus
738 3150 843 3181 cum
879 3132 1183 3196 pertinentiis
1218 3131 1500 3194 subscriptis
1535 3128 1756 3178 videlicet
1786 3129 1844 3174 de
1883 3155 1893 3165 ·
1933 3155 1943 3164 ·
1983 3155 1993 3164 ·
2031 3143 2122 3174 uno
2146 3131 2420 3176 tenemento
2446 3145 2550 3176 cum

615 3227 720 3271 orto
743 3223 913 3271 horreo
937 3221 1148 3270 eiusdem
1177 3224 1348 3269 vocato
1389 3218 1669 3281 Buttirgask
1702 3216 1814 3263 land
1843 3216 2037 3278 jacente
2073 3232 2134 3263 ex
2169 3220 2306 3289 parte
2333 3218 2551 3265 orientali

616 3311 841 3360 Ciuitatis
865 3309 1202 3359 Brechinensis
1226 3309 1351 3357 inter
1374 3312 1528 3356 terras
1557 3305 1756 3355 Ricardi
1782 3305 2052 3368 Schapman
2076 3305 2137 3352 ad
2163 3309 2375 3355 austrum
2401 3310 2551 3354 terras
