3016 3958
334 1474 518 1523 xcvl.

1042 654 1337 712 CARTAE
1383 654 1889 712 ORIGINALES.
2396 659 2505 715 159

544 843 674 909 lippo
711 845 918 894 Annaud
953 845 1178 896 Johaune
1216 846 1413 912 Nudrye
1453 845 1665 896 Patricio
1701 844 1922 912 Synclnir
1944 845 2224 897 Alexandro
2250 848 2501 911 Lyndesay

542 933 766 983 Johanne
790 934 973 985 Cowtis
1010 939 1060 985 et
1099 935 1292 986 domiuo
1317 934 1531 986 Henrico
1555 935 1736 986 Thome
1760 934 2010 1001 capellano
2036 950 2143 984 cum
2168 935 2370 987 diuersis
2392 935 2499 986 aliis

542 1023 748 1074 testibus
784 1060 794 1071 .

550 1225 860 1276 Mortificatio
905 1225 1080 1275 Jacobi
1118 1225 1280 1291 quarti
1307 1225 1455 1290 Regis
1494 1225 1640 1275 annui
1675 1225 1891 1276 redditus
1933 1226 1992 1275 de
2026 1224 2189 1291 paruis
2234 1224 2497 1274 redditibus

549 1314 772 1366 Civitatis
796 1314 1132 1366 Brechinensis
1155 1314 1414 1381 capellanis
1437 1303 1570 1365 chori
1593 1314 1795 1365 ecclesie
1819 1312 2108 1364 cathedralis
2142 1350 2154 1361 .

554 1441 609 1519 J
613 1473 791 1523 acobus
832 1471 929 1521 Dei
968 1471 1124 1536 gratia.
1163 1486 1249 1520 rex
1292 1470 1544 1520 Scotorum
1585 1469 1805 1520 omuibus
1842 1470 2004 1535 probis
2043 1471 2314 1523 hominibus
2348 1474 2524 1523 totius·

545 1569 673 1613 terre
717 1578 800 1613 sue
841 1560 1028 1611 olorinis
1067 1565 1119 1611 et
1159 1560 1296 1611 laicis
1337 1558 1553 1611 Salutem
1589 1559 1768 1610 Sciatis
1801 1575 1891 1610 nos
1923 1560 1973 1609 iu
2007 1566 2311 1626 augmentum
2349 1562 2498 1611 diuini

546 1654 704 1703 cultus
728 1656 779 1702 et
803 1651 851 1701 in
875 1650 1066 1700 laudem
1090 1654 1141 1700 et
1164 1650 1392 1700 honorem
1422 1649 1618 1700 Domini
1641 1649 1794 1700 nostri
1816 1650 1852 1699 J
1855 1665 1939 1700 esu
1963 1650 2110 1701 Cristi
2133 1651 2498 1717 beatissimeque

546 1741 740 1807 virginis
763 1740 921 1790 Marie
955 1755 1015 1789 nc
1048 1740 1258 1789 omnium
1282 1742 1557 1789 sanctorum
1592 1742 1642 1788 et
1677 1754 1764 1804 pro
1797 1737 1953 1789 salute
1976 1738 2237 1789 animarum
2262 1741 2495 1805 quondam

546 1831 943 1882 nobilissimorum
969 1830 1123 1895 patris
1146 1833 1197 1879 et
1219 1829 1388 1879 matris
1410 1832 1679 1878 nostrorum
1714 1843 1910 1893 quorum
1946 1828 2195 1879 animabus
2216 1829 2500 1894 propitietur

548 1923 682 1972 Deus
705 1936 887 1971 necnon
912 1936 999 1986 pro
1022 1919 1178 1970 salute
1201 1919 1357 1969 anime
1392 1922 1554 1969 nostre
1587 1918 1774 1969 dedisse
1810 1954 1822 1967 .
1860 1954 1871 1965 .
1909 1955 1919 1966 .
1956 1917 2145 1968 dilectis
2167 1918 2344 1968 nostris
2366 1919 2496 1968 chori

548 1998 752 2063 ecclesie*
775 2009 1065 2061 cathedralis
1088 2008 1315 2059 Ciuitatis
1344 2008 1682 2058 Brechineusis
1709 2006 1968 2073 capellanis
1990 2022 2221 2057 summam
2244 2007 2496 2057 tresdecim

548 2117 812 2153 marcarum
852 2105 902 2151 et
938 2104 1051 2150 octo
1088 2098 1388 2149 denariorum
1416 2097 1596 2148 usualis
1618 2100 1810 2147 monete
1833 2096 1965 2161 regui
1987 2096 2138 2146 nostri
2162 2096 2408 2146 annuatim
2432 2095 2500 2145 le-

548 2170 753 2243 uandam
792 2228 803 2240 .
842 2226 854 2239 .
891 2227 902 2239 .
938 2191 999 2240 de
1043 2188 1240 2239 minutis
1284 2188 1386 2238 siue
1431 2186 1593 2253 paruis
1638 2185 1816 2236 nostris
1854 2185 2024 2235 annuis
2064 2184 2329 2235 redditibus
2370 2185 2496 2235 dicte

547 2281 777 2333 Ciuitatis
812 2278 1148 2331 Brechinensis
1179 2278 1242 2327 ad
1279 2278 1399 2326 duos
1429 2275 1542 2325 anni
1579 2275 1809 2325 terminos
1842 2278 2097 2325 consuetos
2131 2310 2143 2322 .
2181 2310 2192 2322 .
2229 2311 2240 2322 .
2276 2273 2498 2324 videlicet

547 2374 606 2423 de
628 2373 772 2423 terris
795 2369 973 2421 domini
995 2369 1031 2417 J
1034 2367 1235 2418 ohannis
1263 2365 1510 2431 Chepman
1533 2363 1767 2430 capellani
1791 2363 2071 2413 inhabitatis
2093 2379 2179 2428 per
2204 2362 2495 2413 Willelmum

548 2462 725 2520 Quhite
749 2461 843 2510 duo
866 2458 1005 2510 solidi
1028 2460 1141 2507 octo
1164 2455 1347 2506 denarii
1386 2456 1446 2505 de
1482 2454 1626 2504 terris
1650 2452 1768 2503 dicti
1792 2452 1969 2502 domini
1992 2452 2026 2500 J
2030 2451 2229 2502 ohannis
2252 2452 2497 2516 occupatis

546 2569 632 2619 per
656 2549 910 2602 Isobellsm
938 2548 1108 2597 Potter
1130 2546 1295 2595 decem
1319 2543 1459 2595 solidi
1495 2544 1555 2592 de
1591 2542 1639 2592 le
1677 2541 1848 2592 Forkit
1879 2540 1987 2590 akir
2009 2544 2059 2590 et
2083 2539 2380 2589 dimidietate
2403 2540 2496 2590 orti

546 2639 860 2693 occidentalis
881 2638 930 2687 in
952 2635 1174 2686 manibus
1193 2632 1425 2683 Richardi
1445 2632 1702 2697 Lyndescy
1719 2630 1959 2680 existente
1977 2632 2089 2678 octo
2110 2627 2250 2679 solidi
2274 2629 2333 2678 de
2355 2629 2498 2679 terris

547 2730 761 2797 magistri
799 2727 961 2778 Dauid
998 2724 1182 2776 Gordiu
1216 2738 1304 2773 sex
1344 2720 1485 2772 solidi
1524 2720 1584 2778 de
1620 2718 1765 2769 terris
1798 2718 1834 2767 J
1837 2717 2038 2768 ohannis
2077 2717 2373 2767 Durewarde
2410 2733 2497 2768 sex

548 2820 687 2871 solidi
729 2820 789 2868 de
828 2816 972 2867 terris
1013 2812 1266 2863 Laureucii
1304 2810 1474 2875 Smyth
1511 2808 1765 2859 tresdecim
1804 2806 1944 2857 solidi
1982 2809 2187 2871 quatuor
2221 2805 2401 2856 denarii
2438 2807 2497 2855 de

547 2911 690 2963 terris
711 2910 746 2959 J
749 2907 950 2959 ohannis
972 2904 1159 2956 Guthre
1193 2902 1320 2951 iuter
1356 2901 1478 2949 duas
1515 2896 1726 2947 venellas
1748 2895 1991 2946 sexdecim
2015 2894 2156 2945 solidi
2179 2899 2290 2945 octo
2314 2896 2495 2945 denarii

549 3003 609 3052 de
649 2999 793 3051 terris
830 2999 865 3047 J
869 2996 1069 3047 ohannis
1109 2989 1327 3043 Tendaill
1369 2991 1533 3039 decem
1575 2986 1731 3038 solidi
1758 2987 1817 3035 de
1854 2984 1998 3035 terris
2038 2984 2270 3034 Richardi
2318 2985 2497 3049 Turiug

550 3089 798 3156 occupatis
827 3103 914 3154 per
942 3087 977 3135 J
980 3085 1179 3135 acobum
1214 3082 1328 3147 Myr
1357 3078 1612 3131 tresdecim
1644 3075 1785 3127 solidi
1820 3078 2024 3141 quotuor
2047 3074 2229 3124 denarii
2264 3075 2324 3124 de
2356 3075 2499 3124 terris

552 3179 724 3248 prefati
752 3175 985 3229 Richardi
1009 3173 1189 3238 Turing
1210 3169 1456 3237 occupatis
1489 3183 1575 3234 per
1605 3167 1642 3216 J
1643 3166 1844 3216 acobum
1871 3165 2042 3214 Potter
2065 3162 2333 3229 quindecim
2358 3162 2496 3212 solidi

555 3272 615 3320 de
651 3268 794 3319 terris
828 3267 863 3316 J
866 3264 1002 3316 acobi
1040 3262 1236 3313 Cutlnre
1260 3258 1514 3311 tresdecim
1539 3255 1679 3307 solidi
1703 3258 1911 3320 quatuor
1944 3252 2126 3303 denarii
2166 3254 2226 3302 de
2261 3252 2404 3302 terris
2440 3252 2499 3300 de

555 3361 600 3409 le
626 3357 824 3409 Fetheis
846 3354 1127 3405 inhabitatis
1161 3367 1248 3418 per
1282 3350 1317 3398 J
1319 3350 1520 3399 acobum
1555 3345 1689 3395 Petir
1724 3343 1964 3395 sexdecim
1989 3341 2129 3393 solidi
2155 3342 2214 3391 de
2237 3340 2378 3390 terris
2403 3341 2499 3390 Ro-
