<?xml version="1.0" encoding="UTF-8"?>
<!DOCTYPE html PUBLIC "-//W3C//DTD XHTML 1.0 Transitional//EN"
    "http://www.w3.org/TR/xhtml1/DTD/xhtml1-transitional.dtd">
<html xmlns="http://www.w3.org/1999/xhtml" xml:lang="en" lang="en">
 <head>
  <title>
</title>
<meta http-equiv="Content-Type" content="text/html;charset=utf-8" />
  <meta name='ocr-system' content='tesseract 3.04.00' />
  <meta name='ocr-capabilities' content='ocr_page ocr_carea ocr_par ocr_line ocrx_word'/>
</head>
<body>
  <div class='ocr_page' id='page_1' title='image "./registrumepiscop02brecuoft_0327.png"; bbox 0 0 3016 3958; ppageno 0'>
   <div class='ocr_carea' id='block_1_1' title="bbox 1002 611 2472 676">
    <p class='ocr_par' dir='ltr' id='par_1_1' title="bbox 1002 611 2472 676">
     <span class='ocr_line' id='line_1_1' title="bbox 1002 611 2472 676; baseline 0.005 -9"><span class='ocrx_word' id='word_1_1' title='bbox 1002 611 1212 667; x_wconf 80' lang='lat' dir='ltr'><strong>OART</strong></span> <span class='ocrx_word' id='word_1_2' title='bbox 1223 612 1323 668; x_wconf 84' lang='grc' dir='ltr'>ΑΕ</span> <span class='ocrx_word' id='word_1_3' title='bbox 1363 612 1996 671; x_wconf 83' lang='lat' dir='ltr'><strong>MISOELLANEAE.</strong></span> <span class='ocrx_word' id='word_1_4' title='bbox 2360 620 2472 676; x_wconf 86' lang='lat'>313</span> 
     </span>
    </p>
   </div>
   <div class='ocr_carea' id='block_1_2' title="bbox 496 789 2479 3171">
    <p class='ocr_par' dir='ltr' id='par_1_2' title="bbox 516 789 2479 1239">
     <span class='ocr_line' id='line_1_2' title="bbox 633 789 2479 851; baseline 0.006 -22"><span class='ocrx_word' id='word_1_5' title='bbox 633 818 643 829; x_wconf 87' lang='lat'><strong>.</strong></span> <span class='ocrx_word' id='word_1_6' title='bbox 690 789 876 844; x_wconf 86' lang='lat' dir='ltr'>quadam</span> <span class='ocrx_word' id='word_1_7' title='bbox 909 791 1162 834; x_wconf 71' lang='lat' dir='ltr'>rationabili</span> <span class='ocrx_word' id='word_1_8' title='bbox 1199 794 1558 850; x_wconf 74' lang='lat' dir='ltr'>augmentatione</span> <span class='ocrx_word' id='word_1_9' title='bbox 1603 826 1613 837; x_wconf 90' lang='lat'><strong><em>.</em></strong></span> <span class='ocrx_word' id='word_1_10' title='bbox 1661 826 1671 835; x_wconf 92' lang='lat'><strong>.</strong></span> <span class='ocrx_word' id='word_1_11' title='bbox 1717 825 1727 836; x_wconf 92' lang='lat'>.</span> <span class='ocrx_word' id='word_1_12' title='bbox 1774 794 1967 850; x_wconf 75' lang='lat' dir='ltr'>Quorum</span> <span class='ocrx_word' id='word_1_13' title='bbox 1998 799 2199 851; x_wconf 83' lang='lat' dir='ltr'>respectu</span> <span class='ocrx_word' id='word_1_14' title='bbox 2231 797 2479 840; x_wconf 78' lang='lat' dir='ltr'>Alexander</span> 
     </span>
     <span class='ocr_line' id='line_1_3' title="bbox 517 869 2476 931; baseline 0.005 -21"><span class='ocrx_word' id='word_1_15' title='bbox 517 869 748 926; x_wconf 90' lang='lat' dir='ltr'>episcopus</span> <span class='ocrx_word' id='word_1_16' title='bbox 780 871 1088 915; x_wconf 88' lang='lat' dir='ltr'>Brechinensis</span> <span class='ocrx_word' id='word_1_17' title='bbox 1110 873 1154 914; x_wconf 90' lang='lat' dir='ltr'>in</span> <span class='ocrx_word' id='word_1_18' title='bbox 1186 877 1230 915; x_wconf 92' lang='lat' dir='ltr'>et</span> <span class='ocrx_word' id='word_1_19' title='bbox 1259 874 1314 915; x_wconf 87' lang='lat' dir='ltr'>ad</span> <span class='ocrx_word' id='word_1_20' title='bbox 1348 905 1358 915; x_wconf 92' lang='lat'><strong>.</strong></span> <span class='ocrx_word' id='word_1_21' title='bbox 1391 905 1400 916; x_wconf 92' lang='lat'><strong>.</strong></span> <span class='ocrx_word' id='word_1_22' title='bbox 1434 905 1442 917; x_wconf 90' lang='lat'><em>.</em></span> <span class='ocrx_word' id='word_1_23' title='bbox 1475 873 1666 916; x_wconf 86' lang='lat' dir='ltr'>decimas</span> <span class='ocrx_word' id='word_1_24' title='bbox 1696 873 1899 931; x_wconf 86' lang='lat' dir='ltr'>garbales</span> <span class='ocrx_word' id='word_1_25' title='bbox 1934 905 1944 916; x_wconf 91' lang='lat'><strong>.</strong></span> <span class='ocrx_word' id='word_1_26' title='bbox 1977 908 1985 917; x_wconf 97' lang='lat'><strong><em>.</em></strong></span> <span class='ocrx_word' id='word_1_27' title='bbox 2020 908 2029 917; x_wconf 91' lang='lat'><strong>.</strong></span> <span class='ocrx_word' id='word_1_28' title='bbox 2062 876 2354 931; x_wconf 82' lang='lat' dir='ltr'>predictarum</span> <span class='ocrx_word' id='word_1_29' title='bbox 2390 882 2476 920; x_wconf 83' lang='lat' dir='ltr'>ter-</span> 
     </span>
     <span class='ocr_line' id='line_1_4' title="bbox 516 950 2471 1018; baseline 0.003 -26"><span class='ocrx_word' id='word_1_30' title='bbox 516 963 664 992; x_wconf 85' lang='lat' dir='ltr'>rarum</span> <span class='ocrx_word' id='word_1_31' title='bbox 686 950 739 993; x_wconf 91' lang='lat' dir='ltr'>de</span> <span class='ocrx_word' id='word_1_32' title='bbox 760 950 1074 1018; x_wconf 83' lang='lat' dir='ltr'>Watterstoun</span> <span class='ocrx_word' id='word_1_33' title='bbox 1106 986 1115 995; x_wconf 94' lang='lat'><strong><em>.</em></strong></span> <span class='ocrx_word' id='word_1_34' title='bbox 1149 985 1158 995; x_wconf 90' lang='lat'><strong>.</strong></span> <span class='ocrx_word' id='word_1_35' title='bbox 1194 983 1204 995; x_wconf 85' lang='lat'><strong>.</strong></span> <span class='ocrx_word' id='word_1_36' title='bbox 1236 954 1290 995; x_wconf 91' lang='lat' dir='ltr'>ad</span> <span class='ocrx_word' id='word_1_37' title='bbox 1313 968 1359 996; x_wconf 91' lang='lat' dir='ltr'>se</span> <span class='ocrx_word' id='word_1_38' title='bbox 1381 957 1590 1010; x_wconf 79' lang='lat' dir='ltr'>tanquam</span> <span class='ocrx_word' id='word_1_39' title='bbox 1621 957 1791 1010; x_wconf 91' lang='lat' dir='ltr'>partem</span> <span class='ocrx_word' id='word_1_40' title='bbox 1810 955 2064 1012; x_wconf 83' lang='lat' dir='ltr'>patrimonii</span> <span class='ocrx_word' id='word_1_41' title='bbox 2096 985 2108 997; x_wconf 88' lang='lat'><strong>.</strong></span> <span class='ocrx_word' id='word_1_42' title='bbox 2141 989 2150 998; x_wconf 89' lang='lat'><strong><em>.</em></strong></span> <span class='ocrx_word' id='word_1_43' title='bbox 2188 988 2197 997; x_wconf 91' lang='lat'>.</span> <span class='ocrx_word' id='word_1_44' title='bbox 2228 956 2334 998; x_wconf 89' lang='lat' dir='ltr'>dicti</span> <span class='ocrx_word' id='word_1_45' title='bbox 2365 958 2471 1012; x_wconf 87' lang='lat' dir='ltr'>epis-</span> 
     </span>
     <span class='ocr_line' id='line_1_5' title="bbox 516 1032 2476 1090; baseline 0.003 -18"><span class='ocrx_word' id='word_1_46' title='bbox 516 1033 699 1086; x_wconf 88' lang='lat' dir='ltr'>copatus</span> <span class='ocrx_word' id='word_1_47' title='bbox 733 1062 743 1073; x_wconf 93' lang='lat'><strong>.</strong></span> <span class='ocrx_word' id='word_1_48' title='bbox 778 1061 788 1072; x_wconf 87' lang='lat'><em>.</em></span> <span class='ocrx_word' id='word_1_49' title='bbox 822 1064 831 1074; x_wconf 89' lang='lat'><strong>.</strong></span> <span class='ocrx_word' id='word_1_50' title='bbox 863 1032 1134 1088; x_wconf 80' lang='lat' dir='ltr'>pertinentes</span> <span class='ocrx_word' id='word_1_51' title='bbox 1163 1032 1237 1089; x_wconf 89' lang='lat' dir='ltr'>jus</span> <span class='ocrx_word' id='word_1_52' title='bbox 1356 1064 1367 1075; x_wconf 85' lang='lat'><strong>.</strong></span> <span class='ocrx_word' id='word_1_53' title='bbox 1400 1037 1504 1076; x_wconf 87' lang='lat' dir='ltr'>tunc</span> <span class='ocrx_word' id='word_1_54' title='bbox 1535 1034 1744 1090; x_wconf 88' lang='lat' dir='ltr'>temporis</span> <span class='ocrx_word' id='word_1_55' title='bbox 1774 1034 1941 1078; x_wconf 87' lang='lat' dir='ltr'>habens</span> <span class='ocrx_word' id='word_1_56' title='bbox 1972 1066 1982 1078; x_wconf 89' lang='lat'><strong>.</strong></span> <span class='ocrx_word' id='word_1_57' title='bbox 2015 1066 2024 1076; x_wconf 87' lang='lat'><strong>.</strong></span> <span class='ocrx_word' id='word_1_58' title='bbox 2059 1066 2068 1076; x_wconf 90' lang='lat'><em>.</em></span> <span class='ocrx_word' id='word_1_59' title='bbox 2100 1035 2219 1078; x_wconf 81' lang='lat' dir='ltr'>ultra</span> <span class='ocrx_word' id='word_1_60' title='bbox 2253 1036 2476 1079; x_wconf 83' lang='lat' dir='ltr'>hominum</span> 
     </span>
     <span class='ocr_line' id='line_1_6' title="bbox 516 1099 2476 1168; baseline 0.003 -16"><span class='ocrx_word' id='word_1_61' title='bbox 516 1111 768 1153; x_wconf 84' lang='lat' dir='ltr'>memoriam</span> <span class='ocrx_word' id='word_1_62' title='bbox 791 1115 836 1154; x_wconf 89' lang='lat' dir='ltr'>et</span> <span class='ocrx_word' id='word_1_63' title='bbox 858 1099 1078 1155; x_wconf 87' lang='lat' dir='ltr'>Robertus</span> <span class='ocrx_word' id='word_1_64' title='bbox 1095 1112 1295 1168; x_wconf 87' lang='lat' dir='ltr'>Kynneir</span> <span class='ocrx_word' id='word_1_65' title='bbox 1315 1113 1504 1155; x_wconf 88' lang='lat' dir='ltr'>vicarius</span> <span class='ocrx_word' id='word_1_66' title='bbox 1520 1113 1634 1156; x_wconf 87' lang='lat' dir='ltr'>dicte</span> <span class='ocrx_word' id='word_1_67' title='bbox 1651 1113 1831 1156; x_wconf 85' lang='lat' dir='ltr'>ecclesie</span> <span class='ocrx_word' id='word_1_68' title='bbox 1864 1145 1874 1156; x_wconf 91' lang='lat'>.</span> <span class='ocrx_word' id='word_1_69' title='bbox 1910 1145 1921 1156; x_wconf 90' lang='lat'>.</span> <span class='ocrx_word' id='word_1_70' title='bbox 1952 1146 1962 1157; x_wconf 91' lang='lat'><strong><em>.</em></strong></span> <span class='ocrx_word' id='word_1_71' title='bbox 1994 1115 2047 1157; x_wconf 90' lang='lat' dir='ltr'>de</span> <span class='ocrx_word' id='word_1_72' title='bbox 2070 1115 2258 1158; x_wconf 90' lang='lat' dir='ltr'>Brechin</span> <span class='ocrx_word' id='word_1_73' title='bbox 2275 1116 2476 1159; x_wconf 85' lang='lat' dir='ltr'>similiter</span> 
     </span>
     <span class='ocr_line' id='line_1_7' title="bbox 516 1192 2476 1239; baseline 0.003 -6"><span class='ocrx_word' id='word_1_74' title='bbox 516 1192 562 1232; x_wconf 91' lang='lat' dir='ltr'>in</span> <span class='ocrx_word' id='word_1_75' title='bbox 584 1194 629 1233; x_wconf 91' lang='lat' dir='ltr'>et</span> <span class='ocrx_word' id='word_1_76' title='bbox 653 1192 708 1234; x_wconf 86' lang='lat' dir='ltr'>ad</span> <span class='ocrx_word' id='word_1_77' title='bbox 739 1223 749 1234; x_wconf 90' lang='lat'><strong>.</strong></span> <span class='ocrx_word' id='word_1_78' title='bbox 785 1223 795 1234; x_wconf 89' lang='lat'><strong>.</strong></span> <span class='ocrx_word' id='word_1_79' title='bbox 829 1224 838 1234; x_wconf 87' lang='lat'><strong>.</strong></span> <span class='ocrx_word' id='word_1_80' title='bbox 872 1192 1054 1235; x_wconf 85' lang='lat' dir='ltr'>vicarias</span> <span class='ocrx_word' id='word_1_81' title='bbox 1075 1197 1120 1234; x_wconf 88' lang='lat' dir='ltr'>et</span> <span class='ocrx_word' id='word_1_82' title='bbox 1150 1192 1342 1235; x_wconf 86' lang='lat' dir='ltr'>minutas</span> <span class='ocrx_word' id='word_1_83' title='bbox 1376 1193 1566 1235; x_wconf 80' lang='lat' dir='ltr'>decimas</span> <span class='ocrx_word' id='word_1_84' title='bbox 1601 1193 1814 1236; x_wconf 88' lang='lat' dir='ltr'>dictarum</span> <span class='ocrx_word' id='word_1_85' title='bbox 1853 1197 2071 1237; x_wconf 87' lang='lat' dir='ltr'>terrarum</span> <span class='ocrx_word' id='word_1_86' title='bbox 2091 1196 2144 1237; x_wconf 91' lang='lat' dir='ltr'>de</span> <span class='ocrx_word' id='word_1_87' title='bbox 2165 1195 2476 1239; x_wconf 87' lang='lat' dir='ltr'>Watterstoun</span> 
     </span>
    </p>

    <p class='ocr_par' dir='ltr' id='par_1_3' title="bbox 563 1271 2336 1332">
     <span class='ocr_line' id='line_1_8' title="bbox 563 1271 2336 1332; baseline 0.003 -18"><span class='ocrx_word' id='word_1_88' title='bbox 563 1304 572 1313; x_wconf 90' lang='lat'><strong>.</strong></span> <span class='ocrx_word' id='word_1_89' title='bbox 605 1303 616 1315; x_wconf 83' lang='lat'>.</span> <span class='ocrx_word' id='word_1_90' title='bbox 647 1271 703 1314; x_wconf 88' lang='lat' dir='ltr'>ad</span> <span class='ocrx_word' id='word_1_91' title='bbox 725 1286 771 1314; x_wconf 88' lang='lat' dir='ltr'>se</span> <span class='ocrx_word' id='word_1_92' title='bbox 792 1275 1002 1328; x_wconf 86' lang='lat' dir='ltr'>tanquam</span> <span class='ocrx_word' id='word_1_93' title='bbox 1023 1272 1245 1328; x_wconf 86' lang='lat' dir='ltr'>propriam</span> <span class='ocrx_word' id='word_1_94' title='bbox 1270 1275 1440 1328; x_wconf 87' lang='lat' dir='ltr'>partem</span> <span class='ocrx_word' id='word_1_95' title='bbox 1460 1273 1712 1329; x_wconf 85' lang='lat' dir='ltr'>patrimonii</span> <span class='ocrx_word' id='word_1_96' title='bbox 1742 1274 1856 1317; x_wconf 85' lang='lat' dir='ltr'>dicte</span> <span class='ocrx_word' id='word_1_97' title='bbox 1884 1275 2045 1317; x_wconf 84' lang='lat' dir='ltr'>vicarie</span> <span class='ocrx_word' id='word_1_98' title='bbox 2065 1276 2336 1332; x_wconf 83' lang='lat' dir='ltr'>pertinentes</span> 
     </span>
    </p>

    <p class='ocr_par' dir='ltr' id='par_1_4' title="bbox 508 1352 2473 1809">
     <span class='ocr_line' id='line_1_9' title="bbox 508 1352 2472 1415; baseline 0.003 -21"><span class='ocrx_word' id='word_1_99' title='bbox 508 1353 584 1407; x_wconf 87' lang='lat' dir='ltr'>jus</span> <span class='ocrx_word' id='word_1_100' title='bbox 621 1385 630 1394; x_wconf 91' lang='lat'><strong><em>.</em></strong></span> <span class='ocrx_word' id='word_1_101' title='bbox 670 1385 679 1394; x_wconf 91' lang='lat'>.</span> <span class='ocrx_word' id='word_1_102' title='bbox 719 1385 728 1394; x_wconf 94' lang='lat'>.</span> <span class='ocrx_word' id='word_1_103' title='bbox 765 1356 869 1395; x_wconf 88' lang='lat' dir='ltr'>tunc</span> <span class='ocrx_word' id='word_1_104' title='bbox 906 1352 1116 1408; x_wconf 87' lang='lat' dir='ltr'>temporis</span> <span class='ocrx_word' id='word_1_105' title='bbox 1157 1352 1324 1395; x_wconf 88' lang='lat' dir='ltr'>habens</span> <span class='ocrx_word' id='word_1_106' title='bbox 1355 1383 1365 1395; x_wconf 92' lang='lat'><strong>.</strong></span> <span class='ocrx_word' id='word_1_107' title='bbox 1402 1385 1410 1394; x_wconf 91' lang='lat'><strong>.</strong></span> <span class='ocrx_word' id='word_1_108' title='bbox 1445 1383 1456 1395; x_wconf 85' lang='lat'><strong>.</strong></span> <span class='ocrx_word' id='word_1_109' title='bbox 1486 1353 1605 1396; x_wconf 88' lang='lat' dir='ltr'>ultra</span> <span class='ocrx_word' id='word_1_110' title='bbox 1643 1354 1868 1396; x_wconf 89' lang='lat' dir='ltr'>hominum</span> <span class='ocrx_word' id='word_1_111' title='bbox 1908 1355 2163 1398; x_wconf 83' lang='lat' dir='ltr'>memoriam</span> <span class='ocrx_word' id='word_1_112' title='bbox 2207 1389 2216 1399; x_wconf 94' lang='lat'><em>.</em></span> <span class='ocrx_word' id='word_1_113' title='bbox 2251 1390 2260 1400; x_wconf 93' lang='lat'><strong>.</strong></span> <span class='ocrx_word' id='word_1_114' title='bbox 2296 1388 2306 1398; x_wconf 95' lang='lat'>.</span> <span class='ocrx_word' id='word_1_115' title='bbox 2350 1371 2472 1415; x_wconf 84' lang='lat' dir='ltr'>mag-</span> 
     </span>
     <span class='ocr_line' id='line_1_10' title="bbox 517 1432 2473 1493; baseline 0.003 -19"><span class='ocrx_word' id='word_1_116' title='bbox 517 1446 675 1489; x_wconf 84' lang='lat' dir='ltr'>nopere</span> <span class='ocrx_word' id='word_1_117' title='bbox 697 1433 740 1474; x_wconf 92' lang='lat' dir='ltr'>in</span> <span class='ocrx_word' id='word_1_118' title='bbox 762 1432 1030 1475; x_wconf 84' lang='lat' dir='ltr'>conscientia</span> <span class='ocrx_word' id='word_1_119' title='bbox 1060 1446 1158 1474; x_wconf 91' lang='lat' dir='ltr'>cum</span> <span class='ocrx_word' id='word_1_120' title='bbox 1188 1432 1416 1489; x_wconf 80' lang='lat' dir='ltr'>premissis</span> <span class='ocrx_word' id='word_1_121' title='bbox 1445 1433 1553 1475; x_wconf 91' lang='lat' dir='ltr'>moti</span> <span class='ocrx_word' id='word_1_122' title='bbox 1584 1464 1594 1475; x_wconf 89' lang='lat'><em>.</em></span> <span class='ocrx_word' id='word_1_123' title='bbox 1630 1466 1638 1474; x_wconf 94' lang='lat'><strong>.</strong></span> <span class='ocrx_word' id='word_1_124' title='bbox 1673 1465 1683 1474; x_wconf 88' lang='lat'>.</span> <span class='ocrx_word' id='word_1_125' title='bbox 1713 1437 1759 1476; x_wconf 88' lang='lat' dir='ltr'>et</span> <span class='ocrx_word' id='word_1_126' title='bbox 1788 1434 1939 1477; x_wconf 88' lang='lat' dir='ltr'>eadem</span> <span class='ocrx_word' id='word_1_127' title='bbox 1971 1435 2026 1477; x_wconf 88' lang='lat' dir='ltr'>ad</span> <span class='ocrx_word' id='word_1_128' title='bbox 2055 1436 2251 1492; x_wconf 87' lang='lat' dir='ltr'>ipsorum</span> <span class='ocrx_word' id='word_1_129' title='bbox 2281 1440 2473 1493; x_wconf 87' lang='lat' dir='ltr'>potesta-</span> 
     </span>
     <span class='ocr_line' id='line_1_11' title="bbox 511 1512 2472 1573; baseline 0.003 -18"><span class='ocrx_word' id='word_1_130' title='bbox 511 1516 600 1555; x_wconf 90' lang='lat' dir='ltr'>tem</span> <span class='ocrx_word' id='word_1_131' title='bbox 634 1512 848 1554; x_wconf 87' lang='lat' dir='ltr'>remederi</span> <span class='ocrx_word' id='word_1_132' title='bbox 884 1512 1097 1562; x_wconf 89' lang='lat' dir='ltr'>volentes,</span> <span class='ocrx_word' id='word_1_133' title='bbox 1132 1515 1366 1569; x_wconf 89' lang='lat' dir='ltr'>propterea</span> <span class='ocrx_word' id='word_1_134' title='bbox 1397 1513 1482 1569; x_wconf 91' lang='lat' dir='ltr'>ipsi</span> <span class='ocrx_word' id='word_1_135' title='bbox 1513 1545 1522 1555; x_wconf 93' lang='lat'>.</span> <span class='ocrx_word' id='word_1_136' title='bbox 1558 1544 1568 1554; x_wconf 93' lang='lat'>.</span> <span class='ocrx_word' id='word_1_137' title='bbox 1602 1544 1612 1554; x_wconf 92' lang='lat'>.</span> <span class='ocrx_word' id='word_1_138' title='bbox 1645 1528 1743 1556; x_wconf 88' lang='lat' dir='ltr'>cum</span> <span class='ocrx_word' id='word_1_139' title='bbox 1776 1514 2050 1557; x_wconf 88' lang='lat' dir='ltr'>auisamento</span> <span class='ocrx_word' id='word_1_140' title='bbox 2081 1519 2232 1558; x_wconf 91' lang='lat' dir='ltr'>nostro</span> <span class='ocrx_word' id='word_1_141' title='bbox 2263 1520 2472 1573; x_wconf 88' lang='lat' dir='ltr'>tanquam</span> 
     </span>
     <span class='ocr_line' id='line_1_12' title="bbox 511 1593 2472 1649; baseline 0.002 -14"><span class='ocrx_word' id='word_1_142' title='bbox 511 1593 759 1636; x_wconf 86' lang='lat' dir='ltr'>indubitato</span> <span class='ocrx_word' id='word_1_143' title='bbox 781 1595 966 1649; x_wconf 90' lang='lat' dir='ltr'>patrono</span> <span class='ocrx_word' id='word_1_144' title='bbox 987 1593 1093 1635; x_wconf 88' lang='lat' dir='ltr'>dicti</span> <span class='ocrx_word' id='word_1_145' title='bbox 1115 1593 1392 1649; x_wconf 84' lang='lat' dir='ltr'>episcopatus</span> <span class='ocrx_word' id='word_1_146' title='bbox 1412 1593 1598 1636; x_wconf 88' lang='lat' dir='ltr'>rectorie</span> <span class='ocrx_word' id='word_1_147' title='bbox 1615 1597 1660 1636; x_wconf 91' lang='lat' dir='ltr'>et</span> <span class='ocrx_word' id='word_1_148' title='bbox 1680 1593 1839 1636; x_wconf 86' lang='lat' dir='ltr'>vicarie</span> <span class='ocrx_word' id='word_1_149' title='bbox 1857 1594 2165 1638; x_wconf 87' lang='lat' dir='ltr'>Brechinensis</span> <span class='ocrx_word' id='word_1_150' title='bbox 2187 1610 2354 1640; x_wconf 89' lang='lat' dir='ltr'>necnon</span> <span class='ocrx_word' id='word_1_151' title='bbox 2375 1611 2472 1639; x_wconf 90' lang='lat' dir='ltr'>cum</span> 
     </span>
     <span class='ocr_line' id='line_1_13' title="bbox 511 1673 2469 1730; baseline 0.002 -14"><span class='ocrx_word' id='word_1_152' title='bbox 511 1675 786 1716; x_wconf 86' lang='lat' dir='ltr'>auisamento</span> <span class='ocrx_word' id='word_1_153' title='bbox 823 1673 976 1715; x_wconf 88' lang='lat' dir='ltr'>decani</span> <span class='ocrx_word' id='word_1_154' title='bbox 1021 1673 1327 1716; x_wconf 87' lang='lat' dir='ltr'>canonicorum</span> <span class='ocrx_word' id='word_1_155' title='bbox 1359 1676 1404 1716; x_wconf 89' lang='lat' dir='ltr'>et</span> <span class='ocrx_word' id='word_1_156' title='bbox 1433 1673 1612 1730; x_wconf 85' lang='lat' dir='ltr'>capituli</span> <span class='ocrx_word' id='word_1_157' title='bbox 1653 1674 1916 1716; x_wconf 85' lang='lat' dir='ltr'>cathedralis</span> <span class='ocrx_word' id='word_1_158' title='bbox 1948 1674 2128 1717; x_wconf 87' lang='lat' dir='ltr'>ecclesie</span> <span class='ocrx_word' id='word_1_159' title='bbox 2160 1676 2469 1719; x_wconf 87' lang='lat' dir='ltr'>Brechinensis</span> 
     </span>
     <span class='ocr_line' id='line_1_14' title="bbox 513 1753 2381 1809; baseline 0 -11"><span class='ocrx_word' id='word_1_160' title='bbox 513 1787 522 1797; x_wconf 90' lang='lat'>.</span> <span class='ocrx_word' id='word_1_161' title='bbox 555 1786 566 1797; x_wconf 89' lang='lat'><strong>.</strong></span> <span class='ocrx_word' id='word_1_162' title='bbox 599 1787 608 1798; x_wconf 93' lang='lat'>.</span> <span class='ocrx_word' id='word_1_163' title='bbox 641 1754 856 1796; x_wconf 88' lang='lat' dir='ltr'>dederunt</span> <span class='ocrx_word' id='word_1_164' title='bbox 889 1786 898 1794; x_wconf 92' lang='lat'>.</span> <span class='ocrx_word' id='word_1_165' title='bbox 933 1785 943 1795; x_wconf 93' lang='lat'><em>.</em></span> <span class='ocrx_word' id='word_1_166' title='bbox 977 1784 987 1794; x_wconf 95' lang='lat'>.</span> <span class='ocrx_word' id='word_1_167' title='bbox 1021 1753 1276 1809; x_wconf 88' lang='lat' dir='ltr'>simpliciter</span> <span class='ocrx_word' id='word_1_168' title='bbox 1297 1755 1342 1796; x_wconf 91' lang='lat' dir='ltr'>et</span> <span class='ocrx_word' id='word_1_169' title='bbox 1361 1753 1682 1809; x_wconf 87' lang='lat' dir='ltr'>imperpetuum</span> <span class='ocrx_word' id='word_1_170' title='bbox 1713 1785 1723 1795; x_wconf 89' lang='lat'><strong>.</strong></span> <span class='ocrx_word' id='word_1_171' title='bbox 1756 1786 1766 1796; x_wconf 87' lang='lat'><strong>.</strong></span> <span class='ocrx_word' id='word_1_172' title='bbox 1803 1786 1811 1795; x_wconf 92' lang='lat'><strong>.</strong></span> <span class='ocrx_word' id='word_1_173' title='bbox 1842 1754 1897 1795; x_wconf 87' lang='lat' dir='ltr'>ad</span> <span class='ocrx_word' id='word_1_174' title='bbox 1918 1754 2079 1796; x_wconf 86' lang='lat' dir='ltr'>dicta-m</span> <span class='ocrx_word' id='word_1_175' title='bbox 2111 1755 2336 1798; x_wconf 89' lang='lat' dir='ltr'>ecclesiam</span> <span class='ocrx_word' id='word_1_176' title='bbox 2370 1787 2381 1797; x_wconf 88' lang='lat'><strong>.</strong></span> 
     </span>
    </p>

    <p class='ocr_par' dir='ltr' id='par_1_5' title="bbox 509 1833 2378 1889">
     <span class='ocr_line' id='line_1_15' title="bbox 509 1833 2378 1889; baseline 0.001 -12"><span class='ocrx_word' id='word_1_177' title='bbox 509 1835 562 1877; x_wconf 92' lang='lat' dir='ltr'>de</span> <span class='ocrx_word' id='word_1_178' title='bbox 599 1834 742 1876; x_wconf 88' lang='lat' dir='ltr'>Ferne</span> <span class='ocrx_word' id='word_1_179' title='bbox 776 1864 786 1875; x_wconf 88' lang='lat'><strong>.</strong></span> <span class='ocrx_word' id='word_1_180' title='bbox 826 1863 838 1875; x_wconf 87' lang='lat'><strong>.</strong></span> <span class='ocrx_word' id='word_1_181' title='bbox 879 1866 887 1875; x_wconf 96' lang='lat'><strong><em>.</em></strong></span> <span class='ocrx_word' id='word_1_182' title='bbox 918 1833 1104 1876; x_wconf 85' lang='lat' dir='ltr'>acetiam</span> <span class='ocrx_word' id='word_1_183' title='bbox 1141 1833 1198 1874; x_wconf 90' lang='lat' dir='ltr'>ad</span> <span class='ocrx_word' id='word_1_184' title='bbox 1234 1835 1428 1875; x_wconf 86' lang='lat' dir='ltr'>rectores</span> <span class='ocrx_word' id='word_1_185' title='bbox 1460 1864 1470 1875; x_wconf 91' lang='lat'><strong>.</strong></span> <span class='ocrx_word' id='word_1_186' title='bbox 1503 1865 1513 1875; x_wconf 86' lang='lat'><strong>.</strong></span> <span class='ocrx_word' id='word_1_187' title='bbox 1548 1863 1559 1874; x_wconf 88' lang='lat'>.</span> <span class='ocrx_word' id='word_1_188' title='bbox 1590 1833 1785 1875; x_wconf 88' lang='lat' dir='ltr'>eiusdem</span> <span class='ocrx_word' id='word_1_189' title='bbox 1820 1838 2047 1889; x_wconf 84' lang='lat' dir='ltr'>presentes</span> <span class='ocrx_word' id='word_1_190' title='bbox 2083 1838 2128 1877; x_wconf 91' lang='lat' dir='ltr'>et</span> <span class='ocrx_word' id='word_1_191' title='bbox 2163 1835 2337 1879; x_wconf 86' lang='lat' dir='ltr'>futuros</span> <span class='ocrx_word' id='word_1_192' title='bbox 2369 1869 2378 1878; x_wconf 93' lang='lat'><strong>.</strong></span> 
     </span>
    </p>

    <p class='ocr_par' dir='ltr' id='par_1_6' title="bbox 505 1912 2472 2130">
     <span class='ocr_line' id='line_1_16' title="bbox 511 1912 2469 1971; baseline 0.002 -14"><span class='ocrx_word' id='word_1_193' title='bbox 511 1915 651 1957; x_wconf 85' lang='lat' dir='ltr'>dictas</span> <span class='ocrx_word' id='word_1_194' title='bbox 684 1914 875 1956; x_wconf 89' lang='lat' dir='ltr'>decimas</span> <span class='ocrx_word' id='word_1_195' title='bbox 906 1913 1111 1970; x_wconf 87' lang='lat' dir='ltr'>garbales</span> <span class='ocrx_word' id='word_1_196' title='bbox 1147 1927 1316 1955; x_wconf 90' lang='lat' dir='ltr'>necnon</span> <span class='ocrx_word' id='word_1_197' title='bbox 1360 1945 1369 1955; x_wconf 92' lang='lat'>.</span> <span class='ocrx_word' id='word_1_198' title='bbox 1416 1945 1425 1955; x_wconf 92' lang='lat'>.</span> <span class='ocrx_word' id='word_1_199' title='bbox 1472 1945 1481 1955; x_wconf 94' lang='lat'>.</span> <span class='ocrx_word' id='word_1_200' title='bbox 1524 1912 1711 1955; x_wconf 86' lang='lat' dir='ltr'>vicarias</span> <span class='ocrx_word' id='word_1_201' title='bbox 1747 1913 1938 1956; x_wconf 88' lang='lat' dir='ltr'>decimas</span> <span class='ocrx_word' id='word_1_202' title='bbox 1970 1919 2243 1971; x_wconf 86' lang='lat' dir='ltr'>nuncupatas</span> <span class='ocrx_word' id='word_1_203' title='bbox 2277 1917 2469 1960; x_wconf 85' lang='lat' dir='ltr'>minutas</span> 
     </span>
     <span class='ocr_line' id='line_1_17' title="bbox 513 1992 2472 2050; baseline 0.001 -13"><span class='ocrx_word' id='word_1_204' title='bbox 513 1995 705 2037; x_wconf 88' lang='lat' dir='ltr'>decimas</span> <span class='ocrx_word' id='word_1_205' title='bbox 739 2025 749 2036; x_wconf 88' lang='lat'>.</span> <span class='ocrx_word' id='word_1_206' title='bbox 784 2027 793 2037; x_wconf 87' lang='lat'><strong>.</strong></span> <span class='ocrx_word' id='word_1_207' title='bbox 835 2027 844 2036; x_wconf 91' lang='lat'>.</span> <span class='ocrx_word' id='word_1_208' title='bbox 876 1993 1168 2050; x_wconf 85' lang='lat' dir='ltr'>predictarum</span> <span class='ocrx_word' id='word_1_209' title='bbox 1200 1996 1417 2034; x_wconf 87' lang='lat' dir='ltr'>terrarum</span> <span class='ocrx_word' id='word_1_210' title='bbox 1449 1993 1501 2034; x_wconf 88' lang='lat' dir='ltr'>de</span> <span class='ocrx_word' id='word_1_211' title='bbox 1531 1992 1844 2036; x_wconf 59' lang='lat' dir='ltr'>WVatterstoun</span> <span class='ocrx_word' id='word_1_212' title='bbox 1882 2024 1892 2035; x_wconf 89' lang='lat'>.</span> <span class='ocrx_word' id='word_1_213' title='bbox 1933 2025 1943 2037; x_wconf 93' lang='lat'><strong>.</strong></span> <span class='ocrx_word' id='word_1_214' title='bbox 1983 2027 1992 2036; x_wconf 92' lang='lat'><strong>.</strong></span> <span class='ocrx_word' id='word_1_215' title='bbox 2025 1995 2225 2038; x_wconf 85' lang='lat' dir='ltr'>videlicet</span> <span class='ocrx_word' id='word_1_216' title='bbox 2256 2028 2265 2039; x_wconf 85' lang='lat'><em>.</em></span> <span class='ocrx_word' id='word_1_217' title='bbox 2301 2026 2311 2037; x_wconf 91' lang='lat'><strong>.</strong></span> <span class='ocrx_word' id='word_1_218' title='bbox 2344 2028 2354 2039; x_wconf 94' lang='lat'><strong>.</strong></span> <span class='ocrx_word' id='word_1_219' title='bbox 2384 2001 2472 2039; x_wconf 80' lang='lat' dir='ltr'>ter-</span> 
     </span>
     <span class='ocr_line' id='line_1_18' title="bbox 505 2072 2381 2130; baseline 0 -12"><span class='ocrx_word' id='word_1_220' title='bbox 505 2091 655 2119; x_wconf 86' lang='lat' dir='ltr'>rarum</span> <span class='ocrx_word' id='word_1_221' title='bbox 676 2074 1000 2118; x_wconf 86' lang='lat' dir='ltr'>dominicalium</span> <span class='ocrx_word' id='word_1_222' title='bbox 1030 2074 1088 2116; x_wconf 89' lang='lat' dir='ltr'>lie</span> <span class='ocrx_word' id='word_1_223' title='bbox 1126 2073 1303 2130; x_wconf 84' lang='lat' dir='ltr'>Maynis</span> <span class='ocrx_word' id='word_1_224' title='bbox 1335 2106 1344 2115; x_wconf 91' lang='lat'><strong>.</strong></span> <span class='ocrx_word' id='word_1_225' title='bbox 1380 2104 1390 2115; x_wconf 88' lang='lat'>.</span> <span class='ocrx_word' id='word_1_226' title='bbox 1424 2106 1434 2116; x_wconf 89' lang='lat'>.</span> <span class='ocrx_word' id='word_1_227' title='bbox 1465 2072 1614 2116; x_wconf 89' lang='lat' dir='ltr'>Eister</span> <span class='ocrx_word' id='word_1_228' title='bbox 1644 2073 1832 2116; x_wconf 89' lang='lat' dir='ltr'>Hiltoun</span> <span class='ocrx_word' id='word_1_229' title='bbox 1868 2077 1913 2116; x_wconf 90' lang='lat' dir='ltr'>et</span> <span class='ocrx_word' id='word_1_230' title='bbox 1949 2074 2130 2118; x_wconf 88' lang='lat' dir='ltr'>Wester</span> <span class='ocrx_word' id='word_1_231' title='bbox 2149 2076 2338 2119; x_wconf 91' lang='lat' dir='ltr'>Hiltoun</span> <span class='ocrx_word' id='word_1_232' title='bbox 2371 2108 2381 2118; x_wconf 88' lang='lat'><strong>.</strong></span> 
     </span>
    </p>

    <p class='ocr_par' dir='ltr' id='par_1_7' title="bbox 496 2152 2466 3171">
     <span class='ocr_line' id='line_1_19' title="bbox 503 2152 2466 2200; baseline 0 -1"><span class='ocrx_word' id='word_1_233' title='bbox 503 2157 740 2200; x_wconf 88' lang='lat' dir='ltr'>molendini</span> <span class='ocrx_word' id='word_1_234' title='bbox 771 2159 816 2198; x_wconf 87' lang='lat' dir='ltr'>et</span> <span class='ocrx_word' id='word_1_235' title='bbox 844 2159 1062 2198; x_wconf 86' lang='lat' dir='ltr'>terrarum</span> <span class='ocrx_word' id='word_1_236' title='bbox 1094 2152 1507 2196; x_wconf 86' lang='lat' dir='ltr'>molendinariarum</span> <span class='ocrx_word' id='word_1_237' title='bbox 1538 2153 1731 2196; x_wconf 89' lang='lat' dir='ltr'>eiusdem</span> <span class='ocrx_word' id='word_1_238' title='bbox 1761 2153 2007 2198; x_wconf 90' lang='lat' dir='ltr'>Windisoir</span> <span class='ocrx_word' id='word_1_239' title='bbox 2034 2159 2077 2198; x_wconf 83' lang='lat' dir='ltr'>et</span> <span class='ocrx_word' id='word_1_240' title='bbox 2109 2155 2347 2199; x_wconf 88' lang='lat' dir='ltr'>Blaklawis</span> <span class='ocrx_word' id='word_1_241' title='bbox 2369 2171 2466 2199; x_wconf 88' lang='lat' dir='ltr'>cum</span> 
     </span>
     <span class='ocr_line' id='line_1_20' title="bbox 504 2234 2465 2292; baseline 0 -13"><span class='ocrx_word' id='word_1_242' title='bbox 504 2238 703 2280; x_wconf 88' lang='lat' dir='ltr'>omnibus</span> <span class='ocrx_word' id='word_1_243' title='bbox 737 2268 746 2278; x_wconf 88' lang='lat'>.</span> <span class='ocrx_word' id='word_1_244' title='bbox 783 2268 791 2278; x_wconf 92' lang='lat'><strong>.</strong></span> <span class='ocrx_word' id='word_1_245' title='bbox 823 2268 832 2279; x_wconf 88' lang='lat'><em>.</em></span> <span class='ocrx_word' id='word_1_246' title='bbox 865 2235 1141 2292; x_wconf 87' lang='lat' dir='ltr'>pertinentiis</span> <span class='ocrx_word' id='word_1_247' title='bbox 1172 2265 1183 2276; x_wconf 88' lang='lat'><strong>.</strong></span> <span class='ocrx_word' id='word_1_248' title='bbox 1218 2266 1227 2277; x_wconf 91' lang='lat'>.</span> <span class='ocrx_word' id='word_1_249' title='bbox 1260 2267 1270 2276; x_wconf 91' lang='lat'>.</span> <span class='ocrx_word' id='word_1_250' title='bbox 1303 2248 1492 2276; x_wconf 86' lang='lat' dir='ltr'>unacum</span> <span class='ocrx_word' id='word_1_251' title='bbox 1523 2234 1723 2276; x_wconf 88' lang='lat' dir='ltr'>omnibus</span> <span class='ocrx_word' id='word_1_252' title='bbox 1755 2265 1766 2275; x_wconf 88' lang='lat'><strong>.</strong></span> <span class='ocrx_word' id='word_1_253' title='bbox 1799 2267 1808 2276; x_wconf 89' lang='lat'><strong>.</strong></span> <span class='ocrx_word' id='word_1_254' title='bbox 1843 2265 1853 2275; x_wconf 90' lang='lat'><strong><em>.</em></strong></span> <span class='ocrx_word' id='word_1_255' title='bbox 1891 2236 2048 2278; x_wconf 86' lang='lat' dir='ltr'>annuis</span> <span class='ocrx_word' id='word_1_256' title='bbox 2080 2238 2296 2280; x_wconf 87' lang='lat' dir='ltr'>censubus</span> <span class='ocrx_word' id='word_1_257' title='bbox 2327 2238 2465 2279; x_wconf 85' lang='lat' dir='ltr'>firmis</span> 
     </span>
     <span class='ocr_line' id='line_1_21' title="bbox 502 2314 2462 2373; baseline 0 -14"><span class='ocrx_word' id='word_1_258' title='bbox 502 2317 681 2360; x_wconf 85' lang='lat' dir='ltr'>decimis</span> <span class='ocrx_word' id='word_1_259' title='bbox 711 2315 974 2373; x_wconf 84' lang='lat' dir='ltr'>pecuniariis</span> <span class='ocrx_word' id='word_1_260' title='bbox 1005 2315 1210 2372; x_wconf 82' lang='lat' dir='ltr'>proficuis</span> <span class='ocrx_word' id='word_1_261' title='bbox 1242 2318 1286 2356; x_wconf 88' lang='lat' dir='ltr'>et</span> <span class='ocrx_word' id='word_1_262' title='bbox 1317 2314 1507 2357; x_wconf 86' lang='lat' dir='ltr'>deuoriis</span> <span class='ocrx_word' id='word_1_263' title='bbox 1539 2347 1548 2356; x_wconf 90' lang='lat'>.</span> <span class='ocrx_word' id='word_1_264' title='bbox 1583 2347 1592 2356; x_wconf 87' lang='lat'><strong>.</strong></span> <span class='ocrx_word' id='word_1_265' title='bbox 1627 2347 1636 2356; x_wconf 87' lang='lat'><strong>.</strong></span> <span class='ocrx_word' id='word_1_266' title='bbox 1669 2314 1883 2356; x_wconf 87' lang='lat' dir='ltr'>dictarum</span> <span class='ocrx_word' id='word_1_267' title='bbox 1914 2315 2178 2358; x_wconf 89' lang='lat' dir='ltr'>deeimarum</span> <span class='ocrx_word' id='word_1_268' title='bbox 2217 2318 2462 2373; x_wconf 85' lang='lat' dir='ltr'>garbalium</span> 
     </span>
     <span class='ocr_line' id='line_1_22' title="bbox 502 2395 2462 2454; baseline 0 -15"><span class='ocrx_word' id='word_1_269' title='bbox 502 2413 633 2454; x_wconf 85' lang='lat' dir='ltr'>quam</span> <span class='ocrx_word' id='word_1_270' title='bbox 674 2396 934 2439; x_wconf 86' lang='lat' dir='ltr'>vicariarum</span> <span class='ocrx_word' id='word_1_271' title='bbox 976 2398 1020 2436; x_wconf 90' lang='lat' dir='ltr'>et</span> <span class='ocrx_word' id='word_1_272' title='bbox 1059 2395 1327 2436; x_wconf 79' lang='lat' dir='ltr'>minutarum</span> <span class='ocrx_word' id='word_1_273' title='bbox 1373 2426 1382 2435; x_wconf 82' lang='lat'><strong>.</strong></span> <span class='ocrx_word' id='word_1_274' title='bbox 1427 2425 1436 2436; x_wconf 91' lang='lat'><strong>.</strong></span> <span class='ocrx_word' id='word_1_275' title='bbox 1483 2426 1492 2436; x_wconf 88' lang='lat'>.</span> <span class='ocrx_word' id='word_1_276' title='bbox 1530 2408 1885 2450; x_wconf 81' lang='lat' dir='ltr'>quarumcunque</span> <span class='ocrx_word' id='word_1_277' title='bbox 1918 2425 1929 2435; x_wconf 88' lang='grc'><strong>.</strong></span> <span class='ocrx_word' id='word_1_278' title='bbox 1963 2425 1973 2435; x_wconf 87' lang='grc'><strong><em>.</em></strong></span> <span class='ocrx_word' id='word_1_279' title='bbox 2007 2426 2018 2436; x_wconf 92' lang='grc'><strong>.</strong></span> <span class='ocrx_word' id='word_1_280' title='bbox 2050 2400 2096 2438; x_wconf 86' lang='lat' dir='ltr'>et</span> <span class='ocrx_word' id='word_1_281' title='bbox 2131 2427 2138 2437; x_wconf 93' lang='lat'><strong>.</strong></span> <span class='ocrx_word' id='word_1_282' title='bbox 2170 2428 2180 2438; x_wconf 90' lang='lat'>.</span> <span class='ocrx_word' id='word_1_283' title='bbox 2215 2429 2224 2438; x_wconf 89' lang='lat'>.</span> <span class='ocrx_word' id='word_1_284' title='bbox 2257 2411 2462 2452; x_wconf 84' lang='lat' dir='ltr'>expresse</span> 
     </span>
     <span class='ocr_line' id='line_1_23' title="bbox 500 2473 2458 2533; baseline -0.001 -13"><span class='ocrx_word' id='word_1_285' title='bbox 500 2478 798 2520; x_wconf 85' lang='lat' dir='ltr'>dissoluerunt</span> <span class='ocrx_word' id='word_1_286' title='bbox 838 2479 883 2518; x_wconf 92' lang='lat' dir='ltr'>et</span> <span class='ocrx_word' id='word_1_287' title='bbox 917 2475 1221 2517; x_wconf 79' lang='lat' dir='ltr'>disuniuerunt</span> <span class='ocrx_word' id='word_1_288' title='bbox 1252 2505 1262 2515; x_wconf 90' lang='lat'><strong>.</strong></span> <span class='ocrx_word' id='word_1_289' title='bbox 1301 2506 1308 2515; x_wconf 94' lang='lat'>.</span> <span class='ocrx_word' id='word_1_290' title='bbox 1343 2504 1351 2516; x_wconf 91' lang='lat'>.</span> <span class='ocrx_word' id='word_1_291' title='bbox 1384 2473 1602 2530; x_wconf 87' lang='lat' dir='ltr'>predictas</span> <span class='ocrx_word' id='word_1_292' title='bbox 1639 2474 1828 2516; x_wconf 86' lang='lat' dir='ltr'>decimas</span> <span class='ocrx_word' id='word_1_293' title='bbox 1860 2507 1869 2516; x_wconf 89' lang='lat'><strong>.</strong></span> <span class='ocrx_word' id='word_1_294' title='bbox 1905 2504 1916 2515; x_wconf 88' lang='lat'><strong>.</strong></span> <span class='ocrx_word' id='word_1_295' title='bbox 1949 2507 1958 2516; x_wconf 92' lang='lat'>.</span> <span class='ocrx_word' id='word_1_296' title='bbox 1991 2489 2018 2516; x_wconf 89' lang='lat' dir='ltr'>a</span> <span class='ocrx_word' id='word_1_297' title='bbox 2052 2475 2167 2517; x_wconf 88' lang='lat' dir='ltr'>dicto</span> <span class='ocrx_word' id='word_1_298' title='bbox 2204 2477 2458 2533; x_wconf 78' lang='lat' dir='ltr'>episcopatu</span> 
     </span>
     <span class='ocr_line' id='line_1_24' title="bbox 504 2538 2459 2613; baseline -0.001 -13"><span class='ocrx_word' id='word_1_299' title='bbox 504 2556 786 2600; x_wconf 89' lang='lat' dir='ltr'>Brechinensi</span> <span class='ocrx_word' id='word_1_300' title='bbox 807 2559 851 2598; x_wconf 90' lang='lat' dir='ltr'>et</span> <span class='ocrx_word' id='word_1_301' title='bbox 871 2555 1034 2597; x_wconf 85' lang='lat' dir='ltr'>vicaria</span> <span class='ocrx_word' id='word_1_302' title='bbox 1053 2538 1166 2596; x_wconf 79' lang='lat' dir='ltr'>dicte</span> <span class='ocrx_word' id='word_1_303' title='bbox 1188 2553 1367 2596; x_wconf 88' lang='lat' dir='ltr'>ecclesie</span> <span class='ocrx_word' id='word_1_304' title='bbox 1389 2552 1653 2609; x_wconf 87' lang='lat' dir='ltr'>parochialis</span> <span class='ocrx_word' id='word_1_305' title='bbox 1684 2553 1877 2596; x_wconf 79' lang='lat' dir='ltr'>eiusdem</span> <span class='ocrx_word' id='word_1_306' title='bbox 1913 2586 1920 2595; x_wconf 91' lang='lat'>.</span> <span class='ocrx_word' id='word_1_307' title='bbox 1956 2587 1965 2596; x_wconf 95' lang='lat'><strong>.</strong></span> <span class='ocrx_word' id='word_1_308' title='bbox 2000 2585 2012 2596; x_wconf 90' lang='lat'><strong>.</strong></span> <span class='ocrx_word' id='word_1_309' title='bbox 2044 2558 2089 2597; x_wconf 92' lang='lat' dir='ltr'>et</span> <span class='ocrx_word' id='word_1_310' title='bbox 2120 2557 2175 2598; x_wconf 87' lang='lat' dir='ltr'>ab</span> <span class='ocrx_word' id='word_1_311' title='bbox 2206 2556 2315 2613; x_wconf 90' lang='lat' dir='ltr'>ipsis</span> <span class='ocrx_word' id='word_1_312' title='bbox 2346 2557 2459 2613; x_wconf 84' lang='lat' dir='ltr'>epis-</span> 
     </span>
     <span class='ocr_line' id='line_1_25' title="bbox 499 2633 2455 2694; baseline -0.001 -14"><span class='ocrx_word' id='word_1_313' title='bbox 499 2639 618 2694; x_wconf 89' lang='lat' dir='ltr'>copis</span> <span class='ocrx_word' id='word_1_314' title='bbox 640 2641 685 2680; x_wconf 88' lang='lat' dir='ltr'>et</span> <span class='ocrx_word' id='word_1_315' title='bbox 706 2636 877 2678; x_wconf 80' lang='lat' dir='ltr'>vicariis</span> <span class='ocrx_word' id='word_1_316' title='bbox 897 2635 1177 2691; x_wconf 89' lang='lat' dir='ltr'>ipsorumque</span> <span class='ocrx_word' id='word_1_317' title='bbox 1204 2633 1527 2676; x_wconf 88' lang='lat' dir='ltr'>successoribus</span> <span class='ocrx_word' id='word_1_318' title='bbox 1559 2665 1568 2674; x_wconf 91' lang='lat'>.</span> <span class='ocrx_word' id='word_1_319' title='bbox 1602 2665 1610 2674; x_wconf 91' lang='lat'>.</span> <span class='ocrx_word' id='word_1_320' title='bbox 1644 2665 1654 2674; x_wconf 88' lang='lat'>.</span> <span class='ocrx_word' id='word_1_321' title='bbox 1688 2633 1944 2689; x_wconf 85' lang='lat' dir='ltr'>simpliciter</span> <span class='ocrx_word' id='word_1_322' title='bbox 1968 2637 2013 2676; x_wconf 88' lang='lat' dir='ltr'>et</span> <span class='ocrx_word' id='word_1_323' title='bbox 2033 2634 2353 2692; x_wconf 85' lang='lat' dir='ltr'>imperpetuum</span> <span class='ocrx_word' id='word_1_324' title='bbox 2379 2669 2387 2677; x_wconf 90' lang='lat'><strong>.</strong></span> <span class='ocrx_word' id='word_1_325' title='bbox 2411 2669 2420 2678; x_wconf 91' lang='lat'>.</span> <span class='ocrx_word' id='word_1_326' title='bbox 2448 2671 2455 2679; x_wconf 94' lang='lat'>.</span> 
     </span>
     <span class='ocr_line' id='line_1_26' title="bbox 500 2712 2456 2772; baseline -0.001 -11"><span class='ocrx_word' id='word_1_327' title='bbox 500 2719 685 2761; x_wconf 86' lang='lat' dir='ltr'>acetiam</span> <span class='ocrx_word' id='word_1_328' title='bbox 708 2715 1004 2758; x_wconf 84' lang='lat' dir='ltr'>dissoluerunt</span> <span class='ocrx_word' id='word_1_329' title='bbox 1024 2717 1069 2756; x_wconf 89' lang='lat' dir='ltr'>et</span> <span class='ocrx_word' id='word_1_330' title='bbox 1089 2713 1396 2754; x_wconf 89' lang='lat' dir='ltr'>disuniuerunt</span> <span class='ocrx_word' id='word_1_331' title='bbox 1416 2713 1471 2754; x_wconf 87' lang='lat' dir='ltr'>ab</span> <span class='ocrx_word' id='word_1_332' title='bbox 1493 2712 1643 2754; x_wconf 85' lang='lat' dir='ltr'>eadem</span> <span class='ocrx_word' id='word_1_333' title='bbox 1672 2712 1857 2754; x_wconf 88' lang='lat' dir='ltr'>ecclesia</span> <span class='ocrx_word' id='word_1_334' title='bbox 1879 2714 2163 2757; x_wconf 83' lang='lat' dir='ltr'>Brechinensi</span> <span class='ocrx_word' id='word_1_335' title='bbox 2184 2719 2230 2759; x_wconf 88' lang='lat' dir='ltr'>et</span> <span class='ocrx_word' id='word_1_336' title='bbox 2250 2718 2456 2772; x_wconf 86' lang='lat' dir='ltr'>parochia</span> 
     </span>
     <span class='ocr_line' id='line_1_27' title="bbox 500 2792 2456 2848; baseline -0.001 -7"><span class='ocrx_word' id='word_1_337' title='bbox 500 2798 691 2842; x_wconf 88' lang='lat' dir='ltr'>eiusdem</span> <span class='ocrx_word' id='word_1_338' title='bbox 725 2829 734 2839; x_wconf 85' lang='lat'><strong><em>.</em></strong></span> <span class='ocrx_word' id='word_1_339' title='bbox 770 2827 781 2838; x_wconf 83' lang='lat'><strong>.</strong></span> <span class='ocrx_word' id='word_1_340' title='bbox 814 2828 823 2838; x_wconf 93' lang='lat'><strong>.</strong></span> <span class='ocrx_word' id='word_1_341' title='bbox 856 2795 995 2837; x_wconf 90' lang='lat' dir='ltr'>dictos</span> <span class='ocrx_word' id='word_1_342' title='bbox 1036 2792 1326 2835; x_wconf 86' lang='lat' dir='ltr'>hereditarios</span> <span class='ocrx_word' id='word_1_343' title='bbox 1368 2795 1568 2834; x_wconf 84' lang='lat' dir='ltr'>tenentes</span> <span class='ocrx_word' id='word_1_344' title='bbox 1612 2796 1894 2848; x_wconf 88' lang='lat' dir='ltr'>occupatores</span> <span class='ocrx_word' id='word_1_345' title='bbox 1934 2824 1944 2835; x_wconf 92' lang='lat'><strong><em>.</em></strong></span> <span class='ocrx_word' id='word_1_346' title='bbox 1979 2826 1988 2836; x_wconf 93' lang='lat'>.</span> <span class='ocrx_word' id='word_1_347' title='bbox 2025 2827 2034 2837; x_wconf 91' lang='lat'>.</span> <span class='ocrx_word' id='word_1_348' title='bbox 2073 2798 2117 2838; x_wconf 91' lang='lat' dir='ltr'>et</span> <span class='ocrx_word' id='word_1_349' title='bbox 2156 2796 2323 2840; x_wconf 88' lang='lat' dir='ltr'>incolas</span> <span class='ocrx_word' id='word_1_350' title='bbox 2361 2830 2370 2839; x_wconf 90' lang='lat'><strong>.</strong></span> <span class='ocrx_word' id='word_1_351' title='bbox 2404 2830 2413 2839; x_wconf 93' lang='lat'>.</span> <span class='ocrx_word' id='word_1_352' title='bbox 2448 2832 2456 2840; x_wconf 92' lang='lat'><em>.</em></span> 
     </span>
     <span class='ocr_line' id='line_1_28' title="bbox 499 2872 2456 2934; baseline 0.001 -14"><span class='ocrx_word' id='word_1_353' title='bbox 499 2879 714 2921; x_wconf 82' lang='lat' dir='ltr'>dictarum</span> <span class='ocrx_word' id='word_1_354' title='bbox 734 2880 950 2919; x_wconf 85' lang='lat' dir='ltr'>terrarum</span> <span class='ocrx_word' id='word_1_355' title='bbox 981 2874 1034 2916; x_wconf 92' lang='lat' dir='ltr'>de</span> <span class='ocrx_word' id='word_1_356' title='bbox 1064 2873 1375 2916; x_wconf 89' lang='lat' dir='ltr'>Watterstoun</span> <span class='ocrx_word' id='word_1_357' title='bbox 1407 2905 1416 2914; x_wconf 91' lang='lat'><strong><em>.</em></strong></span> <span class='ocrx_word' id='word_1_358' title='bbox 1451 2905 1460 2914; x_wconf 91' lang='lat'><strong>.</strong></span> <span class='ocrx_word' id='word_1_359' title='bbox 1494 2904 1504 2914; x_wconf 90' lang='lat'><strong>.</strong></span> <span class='ocrx_word' id='word_1_360' title='bbox 1535 2875 1585 2914; x_wconf 88' lang='lat' dir='ltr'>ut</span> <span class='ocrx_word' id='word_1_361' title='bbox 1609 2887 1663 2914; x_wconf 91' lang='lat' dir='ltr'>ne</span> <span class='ocrx_word' id='word_1_362' title='bbox 1696 2872 1784 2914; x_wconf 87' lang='lat' dir='ltr'>sint</span> <span class='ocrx_word' id='word_1_363' title='bbox 1805 2873 1968 2916; x_wconf 86' lang='lat' dir='ltr'>diutius</span> <span class='ocrx_word' id='word_1_364' title='bbox 1990 2875 2103 2917; x_wconf 87' lang='lat' dir='ltr'>dicte</span> <span class='ocrx_word' id='word_1_365' title='bbox 2126 2876 2306 2919; x_wconf 88' lang='lat' dir='ltr'>ecclesie</span> <span class='ocrx_word' id='word_1_366' title='bbox 2328 2893 2456 2934; x_wconf 91' lang='lat' dir='ltr'>paro-</span> 
     </span>
     <span class='ocr_line' id='line_1_29' title="bbox 501 2952 2457 3012; baseline -0.001 -11"><span class='ocrx_word' id='word_1_367' title='bbox 501 2958 655 3002; x_wconf 86' lang='lat' dir='ltr'>chialis</span> <span class='ocrx_word' id='word_1_368' title='bbox 682 2955 989 3000; x_wconf 79' lang='lat' dir='ltr'>Brechinensis</span> <span class='ocrx_word' id='word_1_369' title='bbox 1020 2953 1288 3011; x_wconf 87' lang='lat' dir='ltr'>parochiani,</span> <span class='ocrx_word' id='word_1_370' title='bbox 1324 2953 1399 2995; x_wconf 91' lang='lat' dir='ltr'>sed</span> <span class='ocrx_word' id='word_1_371' title='bbox 1430 2952 1663 2995; x_wconf 87' lang='lat' dir='ltr'>voluerunt</span> <span class='ocrx_word' id='word_1_372' title='bbox 1695 2983 1705 2994; x_wconf 87' lang='lat'><strong>.</strong></span> <span class='ocrx_word' id='word_1_373' title='bbox 1739 2986 1747 2995; x_wconf 93' lang='lat'><em>.</em></span> <span class='ocrx_word' id='word_1_374' title='bbox 1782 2985 1791 2995; x_wconf 87' lang='lat'>.</span> <span class='ocrx_word' id='word_1_375' title='bbox 1824 2954 1939 3009; x_wconf 87' lang='lat' dir='ltr'>quod</span> <span class='ocrx_word' id='word_1_376' title='bbox 1966 2953 2051 3010; x_wconf 90' lang='lat' dir='ltr'>ipsi</span> <span class='ocrx_word' id='word_1_377' title='bbox 2081 2955 2170 2998; x_wconf 88' lang='lat' dir='ltr'>sint</span> <span class='ocrx_word' id='word_1_378' title='bbox 2202 2958 2457 3012; x_wconf 87' lang='lat' dir='ltr'>parochiani</span> 
     </span>
     <span class='ocr_line' id='line_1_30' title="bbox 496 3031 2453 3093; baseline -0.001 -11"><span class='ocrx_word' id='word_1_379' title='bbox 496 3040 610 3082; x_wconf 87' lang='lat' dir='ltr'>dicte</span> <span class='ocrx_word' id='word_1_380' title='bbox 632 3037 811 3080; x_wconf 87' lang='lat' dir='ltr'>ecclesie</span> <span class='ocrx_word' id='word_1_381' title='bbox 832 3034 1095 3093; x_wconf 82' lang='lat' dir='ltr'>parochialis</span> <span class='ocrx_word' id='word_1_382' title='bbox 1115 3033 1168 3076; x_wconf 89' lang='lat' dir='ltr'>de</span> <span class='ocrx_word' id='word_1_383' title='bbox 1189 3033 1331 3075; x_wconf 86' lang='lat' dir='ltr'>Ferne</span> <span class='ocrx_word' id='word_1_384' title='bbox 1353 3035 1399 3075; x_wconf 88' lang='lat' dir='ltr'>et</span> <span class='ocrx_word' id='word_1_385' title='bbox 1420 3031 1580 3074; x_wconf 87' lang='lat' dir='ltr'>subditi</span> <span class='ocrx_word' id='word_1_386' title='bbox 1610 3032 1666 3073; x_wconf 86' lang='lat' dir='ltr'>ad</span> <span class='ocrx_word' id='word_1_387' title='bbox 1696 3033 1876 3074; x_wconf 89' lang='lat' dir='ltr'>verbum</span> <span class='ocrx_word' id='word_1_388' title='bbox 1898 3032 1982 3075; x_wconf 89' lang='lat' dir='ltr'>Dei</span> <span class='ocrx_word' id='word_1_389' title='bbox 2012 3034 2058 3076; x_wconf 92' lang='lat' dir='ltr'>in</span> <span class='ocrx_word' id='word_1_390' title='bbox 2089 3036 2239 3078; x_wconf 88' lang='lat' dir='ltr'>eadem</span> <span class='ocrx_word' id='word_1_391' title='bbox 2261 3038 2453 3092; x_wconf 85' lang='lat' dir='ltr'>predica-</span> 
     </span>
     <span class='ocr_line' id='line_1_31' title="bbox 497 3113 2453 3171; baseline -0.001 -10"><span class='ocrx_word' id='word_1_392' title='bbox 497 3124 591 3162; x_wconf 91' lang='lat' dir='ltr'>tum</span> <span class='ocrx_word' id='word_1_393' title='bbox 612 3117 873 3161; x_wconf 85' lang='lat' dir='ltr'>audiendum</span> <span class='ocrx_word' id='word_1_394' title='bbox 895 3120 939 3158; x_wconf 86' lang='lat' dir='ltr'>et</span> <span class='ocrx_word' id='word_1_395' title='bbox 960 3116 1014 3158; x_wconf 87' lang='lat' dir='ltr'>ad</span> <span class='ocrx_word' id='word_1_396' title='bbox 1030 3113 1408 3171; x_wconf 86' lang='lat' dir='ltr'>participationem</span> <span class='ocrx_word' id='word_1_397' title='bbox 1427 3115 1797 3155; x_wconf 83' lang='lat' dir='ltr'>sacramentorum</span> <span class='ocrx_word' id='word_1_398' title='bbox 1830 3144 1839 3154; x_wconf 91' lang='lat'><strong>.</strong></span> <span class='ocrx_word' id='word_1_399' title='bbox 1874 3145 1883 3154; x_wconf 92' lang='lat'>.</span> <span class='ocrx_word' id='word_1_400' title='bbox 1919 3145 1929 3155; x_wconf 91' lang='lat'>.</span> <span class='ocrx_word' id='word_1_401' title='bbox 1962 3116 2007 3155; x_wconf 90' lang='lat' dir='ltr'>et</span> <span class='ocrx_word' id='word_1_402' title='bbox 2020 3114 2245 3171; x_wconf 89' lang='lat' dir='ltr'>discipline</span> <span class='ocrx_word' id='word_1_403' title='bbox 2260 3117 2453 3160; x_wconf 85' lang='lat' dir='ltr'>eiusdem</span> 
     </span>
    </p>
   </div>
   <div class='ocr_carea' id='block_1_3' title="bbox 496 3192 2452 3329">
    <p class='ocr_par' dir='ltr' id='par_1_8' title="bbox 496 3192 2452 3329">
     <span class='ocr_line' id='line_1_32' title="bbox 496 3192 2451 3255; baseline -0.001 -14"><span class='ocrx_word' id='word_1_404' title='bbox 496 3200 815 3255; x_wconf 89' lang='lat' dir='ltr'>imperpetuum</span> <span class='ocrx_word' id='word_1_405' title='bbox 852 3229 861 3239; x_wconf 93' lang='lat'><strong><em>.</em></strong></span> <span class='ocrx_word' id='word_1_406' title='bbox 897 3229 906 3238; x_wconf 92' lang='lat'>.</span> <span class='ocrx_word' id='word_1_407' title='bbox 945 3229 954 3238; x_wconf 90' lang='lat'><strong>.</strong></span> <span class='ocrx_word' id='word_1_408' title='bbox 993 3195 1136 3251; x_wconf 86' lang='lat' dir='ltr'>Igitur</span> <span class='ocrx_word' id='word_1_409' title='bbox 1175 3208 1256 3237; x_wconf 91' lang='lat' dir='ltr'>nos</span> <span class='ocrx_word' id='word_1_410' title='bbox 1292 3226 1302 3236; x_wconf 88' lang='lat'><strong>.</strong></span> <span class='ocrx_word' id='word_1_411' title='bbox 1338 3224 1347 3235; x_wconf 85' lang='lat'><strong>.</strong></span> <span class='ocrx_word' id='word_1_412' title='bbox 1381 3226 1390 3235; x_wconf 88' lang='lat'>.</span> <span class='ocrx_word' id='word_1_413' title='bbox 1427 3192 1624 3235; x_wconf 87' lang='lat' dir='ltr'>dedimus</span> <span class='ocrx_word' id='word_1_414' title='bbox 1659 3223 1670 3234; x_wconf 85' lang='lat'><strong>.</strong></span> <span class='ocrx_word' id='word_1_415' title='bbox 1703 3225 1712 3235; x_wconf 93' lang='lat'><strong>.</strong></span> <span class='ocrx_word' id='word_1_416' title='bbox 1747 3225 1757 3235; x_wconf 91' lang='lat'><strong>.</strong></span> <span class='ocrx_word' id='word_1_417' title='bbox 1789 3195 1834 3235; x_wconf 85' lang='lat' dir='ltr'>et</span> <span class='ocrx_word' id='word_1_418' title='bbox 1875 3194 2192 3238; x_wconf 86' lang='lat' dir='ltr'>annexauimus</span> <span class='ocrx_word' id='word_1_419' title='bbox 2224 3229 2233 3238; x_wconf 90' lang='lat'><strong>.</strong></span> <span class='ocrx_word' id='word_1_420' title='bbox 2270 3225 2278 3236; x_wconf 90' lang='lat'><strong>.</strong></span> <span class='ocrx_word' id='word_1_421' title='bbox 2312 3230 2322 3239; x_wconf 93' lang='lat'><strong><em>.</em></strong></span> <span class='ocrx_word' id='word_1_422' title='bbox 2354 3212 2451 3253; x_wconf 84' lang='lat' dir='ltr'>pre-</span> 
     </span>
     <span class='ocr_line' id='line_1_33' title="bbox 499 3271 2452 3329; baseline -0.001 -8"><span class='ocrx_word' id='word_1_423' title='bbox 499 3279 638 3321; x_wconf 88' lang='lat' dir='ltr'>dictas</span> <span class='ocrx_word' id='word_1_424' title='bbox 659 3278 848 3319; x_wconf 85' lang='lat' dir='ltr'>decimas</span> <span class='ocrx_word' id='word_1_425' title='bbox 880 3309 890 3319; x_wconf 88' lang='lat'><strong>.</strong></span> <span class='ocrx_word' id='word_1_426' title='bbox 923 3308 932 3318; x_wconf 94' lang='lat'><strong>.</strong></span> <span class='ocrx_word' id='word_1_427' title='bbox 967 3309 976 3319; x_wconf 97' lang='lat'>.</span> <span class='ocrx_word' id='word_1_428' title='bbox 1009 3275 1065 3317; x_wconf 90' lang='lat' dir='ltr'>ad</span> <span class='ocrx_word' id='word_1_429' title='bbox 1094 3275 1257 3317; x_wconf 88' lang='lat' dir='ltr'>dictam</span> <span class='ocrx_word' id='word_1_430' title='bbox 1278 3273 1508 3316; x_wconf 85' lang='lat' dir='ltr'>ecclesiam</span> <span class='ocrx_word' id='word_1_431' title='bbox 1529 3271 1822 3329; x_wconf 87' lang='lat' dir='ltr'>parochialem</span> <span class='ocrx_word' id='word_1_432' title='bbox 1843 3272 1895 3315; x_wconf 89' lang='lat' dir='ltr'>de</span> <span class='ocrx_word' id='word_1_433' title='bbox 1918 3273 2059 3316; x_wconf 84' lang='lat' dir='ltr'>Ferne</span> <span class='ocrx_word' id='word_1_434' title='bbox 2081 3278 2127 3318; x_wconf 91' lang='lat' dir='ltr'>et</span> <span class='ocrx_word' id='word_1_435' title='bbox 2146 3275 2201 3317; x_wconf 89' lang='lat' dir='ltr'>ad</span> <span class='ocrx_word' id='word_1_436' title='bbox 2222 3277 2452 3319; x_wconf 87' lang='lat' dir='ltr'>rectoriam</span> 
     </span>
    </p>
   </div>
   <div class='ocr_carea' id='block_1_4' title="bbox 498 3352 2363 3475">
    <p class='ocr_par' dir='ltr' id='par_1_9' title="bbox 498 3352 2363 3475">
     <span class='ocr_line' id='line_1_34' title="bbox 498 3352 2363 3409; baseline -0.002 -8"><span class='ocrx_word' id='word_1_437' title='bbox 498 3359 690 3402; x_wconf 88' lang='lat' dir='ltr'>eiusdem</span> <span class='ocrx_word' id='word_1_438' title='bbox 723 3391 733 3400; x_wconf 91' lang='lat'><strong>.</strong></span> <span class='ocrx_word' id='word_1_439' title='bbox 766 3390 776 3400; x_wconf 91' lang='lat'><strong>.</strong></span> <span class='ocrx_word' id='word_1_440' title='bbox 810 3391 819 3400; x_wconf 93' lang='lat'><strong><em>.</em></strong></span> <span class='ocrx_word' id='word_1_441' title='bbox 853 3361 898 3399; x_wconf 91' lang='lat' dir='ltr'>et</span> <span class='ocrx_word' id='word_1_442' title='bbox 917 3356 973 3398; x_wconf 88' lang='lat' dir='ltr'>ad</span> <span class='ocrx_word' id='word_1_443' title='bbox 993 3358 1186 3399; x_wconf 84' lang='lat' dir='ltr'>rectores</span> <span class='ocrx_word' id='word_1_444' title='bbox 1208 3353 1401 3401; x_wconf 85' lang='lat' dir='ltr'>eiusdem</span> <span class='ocrx_word' id='word_1_445' title='bbox 1424 3356 1650 3409; x_wconf 81' lang='lat' dir='ltr'>presentes</span> <span class='ocrx_word' id='word_1_446' title='bbox 1681 3355 1727 3395; x_wconf 91' lang='lat' dir='ltr'>et</span> <span class='ocrx_word' id='word_1_447' title='bbox 1755 3352 1928 3395; x_wconf 86' lang='lat' dir='ltr'>futuros</span> <span class='ocrx_word' id='word_1_448' title='bbox 1962 3386 1971 3396; x_wconf 90' lang='lat'><strong><em>.</em></strong></span> <span class='ocrx_word' id='word_1_449' title='bbox 2005 3386 2014 3396; x_wconf 89' lang='lat'><em>.</em></span> <span class='ocrx_word' id='word_1_450' title='bbox 2051 3387 2060 3396; x_wconf 89' lang='lat'><strong>.</strong></span> <span class='ocrx_word' id='word_1_451' title='bbox 2093 3355 2322 3398; x_wconf 88' lang='lat' dir='ltr'>Tenendas</span> <span class='ocrx_word' id='word_1_452' title='bbox 2355 3390 2363 3398; x_wconf 94' lang='lat'><strong>.</strong></span> 
     </span>
     <span class='ocr_line' id='line_1_35' title="bbox 1445 3435 1515 3475; baseline 0 0"><span class='ocrx_word' id='word_1_453' title='bbox 1445 3435 1470 3475; x_wconf 84' lang='lat'><strong><em>2</em></strong></span> <span class='ocrx_word' id='word_1_454' title='bbox 1491 3450 1515 3475; x_wconf 76' lang='lat' dir='ltr'>r</span> 
     </span>
    </p>
   </div>
  </div>
 </body>
</html>
