3022 3964
370 1365 524 1412 XIII.

545 649 615 703 18
1099 650 1389 706 OARTAE
1433 647 1934 706 ORIGINALES.

544 837 743 886 diacono
792 865 802 876 ·
848 838 883 885 J
886 838 1071 887 ohanne
1118 839 1251 902 LyeL
1298 838 1593 888 thesaurario
1639 836 1839 886 ecclesie
1887 834 2236 898 Brechynensis
2273 861 2283 872 ·
2321 833 2480 882 Nobili

544 925 645 975 viro
685 925 962 976 Alexandro
1003 929 1061 976 de
1103 927 1284 991 Ogilvy‚
1328 927 1622 976 Vicecomite
1665 927 1723 973 de
1765 929 1930 988 Augus
1966 950 1977 961 ·
2014 921 2232 972 Gilberto
2271 923 2331 971 de
2368 922 2483 971 Car-

545 1030 667 1078 negy
704 1043 714 1054 ·
752 1020 801 1064 et
823 1015 858 1063 J
861 1015 1045 1064 ohanne
1071 1016 1339 1072 Brekebell‚
1364 1015 1610 1080 capellano
1646 1014 1834 1063 notario
1857 1011 2047 1078 publico
2070 1015 2120 1060 et
2142 1010 2306 1061 multis
2328 1010 2435 1060 aliis
2473 1039 2482 1049 ·

549 1216 696 1264 Carta
717 1215 751 1263 J
754 1216 954 1266 ohannis
978 1217 1140 1264 Conan
1167 1217 1225 1264 de
1251 1215 1451 1280 Tempul
1478 1215 1677 1278 Kethyk
1716 1243 1726 1252 ·

560 1339 846 1419 Uniuersis
881 1370 1056 1419 Sancte
1092 1370 1267 1419 Matris
1301 1369 1500 1419 ecclesie
1531 1369 1652 1426 filiis,
1687 1370 1749 1418 ad
1783 1384 1902 1433 quos
1929 1348 2180 1432 'presentes
2211 1367 2350 1416 litere
2384 1383 2488 1432 per-

551 1458 781 1514 uenerint‚
818 1458 991 1507 Frater
1026 1458 1299 1507 Alexander
1333 1459 1393 1506 de
1429 1458 1648 1522 Lychton
1682 1457 1820 1507 miles
1853 1457 2031 1506 ordinis
2066 1457 2231 1506 Sancti
2252 1458 2288 1504 J
2290 1457 2489 1506 ohannis

548 1548 583 1595 J
587 1546 1052 1597 erusalomitanensis
1077 1547 1214 1596 Prior
1237 1547 1295 1595 de
1322 1547 1593 1610 Torfychyn
1618 1546 1832 1595 Salutem
1867 1546 1916 1594 in
1952 1545 2160 1595 Domino
2198 1573 2208 1584 ·
2246 1545 2489 1596 Noueritis

550 1652 650 1692 nos,
691 1639 892 1700 pensata
931 1635 1138 1684 vtilitate
1179 1637 1346 1684 domus
1390 1639 1552 1684 nostre
1599 1636 1658 1683 de
1704 1635 1976 1699 Torfyohyn
2022 1635 2250 1698 predicte,
2297 1639 2488 1684 matura

551 1725 702 1773 eciam
747 1724 1093 1773 deliberacione
1139 1740 1280 1788 super
1319 1725 1410 1772 hoc
1449 1723 1712 1787 prehabita‚
1749 1723 1936 1772 dedisse
1983 1723 2273 1782 concessisse
2314 1727 2364 1772 et
2399 1740 2491 1793 per

551 1817 796 1877 presentes
835 1817 1024 1862 nostras
1062 1813 1228 1862 literas
1273 1813 1573 1861 confirmasse
1619 1811 1766 1860 nobili
1811 1812 1912 1860 viro
1959 1812 1994 1859 J
1996 1812 2172 1862 ohanni
2219 1813 2278 1860 de
2325 1812 2489 1862 Conan

546 1902 723 1964 juniori
746 1906 1070 1951 tenementum
1093 1918 1177 1951 seu
1198 1901 1373 1951 toftum
1397 1905 1611 1950 nostrum
1645 1902 1704 1949 de
1740 1900 1953 1964 Kethyk,
1988 1916 2095 1949 cum
2131 1902 2334 1965 quadam
2357 1901 2492 1965 pecia

553 1994 680 2039 terre
720 1992 778 2038 de
819 1990 1040 2053 Dalgady
1062 1990 1278 2054 predicto
1311 1993 1585 2038 tenemento
1622 2005 1706 2038 seu
1741 1989 1869 2037 tofto
1905 2004 2093 2037 annexa
2122 1989 2336 2052 jacentia
2371 1990 2494 2038 infra

556 2079 937 2128 vicecomitatum
977 2079 1035 2126 de
1074 2078 1244 2127 Forfar
1282 2106 1291 2116 ·
1328 2078 1554 2126 Tenenda
1592 2081 1642 2125 et
1678 2076 1897 2125 habenda
1929 2077 2144 2141 predicto
2176 2078 2212 2125 J
2215 2078 2388 2127 ohanni
2412 2079 2493 2126 he—

556 2168 745 2216 redibus
768 2167 866 2216 suis
889 2170 938 2214 et
963 2166 1228 2229 assignatis,
1268 2167 1327 2214 de
1362 2166 1498 2225 nobis
1532 2170 1582 2214 et
1615 2165 1964 2214 successoribus
1996 2166 2185 2222 nostris,
2213 2183 2299 2230 per
2332 2183 2493 2217 omnes

561 2261 718 2305 rectas
751 2259 906 2304 metas
942 2271 1052 2303 suas
1089 2259 1138 2302 et
1177 2255 1354 2303 diuisas
1377 2269 1483 2301 cum
1508 2253 1724 2302 omnibus
1757 2253 2173 2303 commoditatibus
2195 2254 2495 2306 libertatibus

559 2349 607 2393 et
649 2343 956 2407 aysiamentis
995 2344 1057 2390 ad
1099 2343 1278 2390 dictum
1317 2345 1638 2390 tenementum
1678 2357 1764 2390 seu
1803 2341 1978 2390 toftum
2018 2343 2364 2406 pertinentibus
2410 2362 2493 2394 seu

559 2433 796 2498 pertinere
818 2431 1087 2480 valentibus
1110 2429 1463 2494 quomodolibet
1498 2429 1547 2477 in
1581 2430 1790 2478 futurum
1832 2458 1842 2467 ·
1880 2431 2016 2479 Adeo
2038 2431 2186 2480 libere
2211 2433 2373 2497 quiete
2397 2435 2495 2498 ple·
2526 2459 2530 2464 ·

561 2521 693 2569 narie
729 2524 777 2569 et
811 2519 1065 2568 honorifice
1099 2519 1220 2566 bene
1254 2522 1304 2566 et
1339 2518 1387 2565 in
1421 2533 1540 2582 pace
1564 2518 1687 2566 sicut
1711 2518 1871 2582 aliqua
1893 2523 2036 2576 terra,
2059 2524 2396 2579 tenementum,
2424 2525 2495 2572 vel

559 2610 747 2664 toftum,
783 2608 910 2657 dicte
946 2607 1130 2656 Domus
1162 2607 1222 2654 de
1257 2606 1540 2670 Torfychyn,
1575 2622 1661 2670 per
1693 2606 1898 2671 aliquem
1933 2608 2185 2657 vassallum
2208 2611 2308 2660 siue
2331 2616 2495 2661 tenen—

561 2704 659 2747 tem
683 2698 907 2753 eiusdem‚
931 2696 1055 2743 infra
1079 2696 1293 2758 Regnum
1319 2695 1500 2751 Scocie,
1526 2694 1721 2744 liberius
1743 2695 1955 2759 quiecius
1977 2696 2161 2760 plenius
2195 2703 2244 2747 et
2279 2700 2495 2749 honorifi-

563 2788 747 2835 centius
800 2789 1024 2834 tenentur
1069 2788 1152 2832 aut
1197 2784 1499 2847 possidentur
1535 2811 1546 2821 ·
1583 2784 1849 2832 Reddendo
1895 2785 2003 2833 inde
2049 2785 2206 2835 dictus
2250 2788 2496 2839 Johannes

564 2877 761 2925 heredes
797 2875 869 2923 sui
907 2878 956 2921 et
977 2856 1233 2935 assignati,
1271 2873 1408 2921 nobis
1443 2876 1493 2921 et
1528 2873 1876 2922 successoribus
1908 2874 2083 2922 nostris
2117 2877 2360 2925 annuatim
2398 2879 2494 2927 Sex

565 2964 740 3014 solidos
775 2967 824 3011 et
859 2966 968 3010 octo
1003 2961 1221 3009 denarios
1254 2961 1303 3008 in
1337 2962 1463 3010 festo
1497 2959 1831 3009 decollacionis
1865 2961 1993 3009 beati
2015 2961 2050 3008 J
2054 2962 2251 3012 ohannis
2275 2945 2494 3028 Baptiste

565 3054 691 3118 apud
726 3051 899 3099 Dunde
937 3078 947 3088 ·
984 3054 1034 3098 et
1066 3049 1283 3098 faciendo
1317 3065 1454 3098 vnam
1490 3052 1670 3098 sectam
1702 3051 1891 3097 tantum
1925 3049 2114 3105 ibidem,
2138 3051 2348 3114 quolibet
2372 3070 2496 3104 anno

566 3143 627 3190 ad
651 3140 828 3189 curiam
851 3142 1062 3187 nostram
1086 3136 1339 3200 capitalem
1374 3153 1460 3201 pro
1496 3136 1623 3184 omni
1656 3136 1752 3184 alio
1788 3137 1990 3186 seruicio
2023 3137 2223 3188 seculari
2246 3144 2496 3192 exactione

569 3228 813 3293 questione
854 3241 995 3274 onere
1038 3241 1121 3274 seu
1162 3226 1408 3281 demanda,
1449 3240 1539 3288 que
1575 3226 1634 3272 de
1670 3224 1811 3273 dictis
1832 3228 2105 3275 tenemento
2141 3232 2191 3276 et
2223 3232 2354 3278 terra
2390 3248 2495 3282 cum

570 3315 874 3382 pertinenciis
910 3313 1036 3377 exigi
1071 3313 1280 3376 poterint
1317 3329 1400 3362 seu
1437 3312 1611 3376 requiri
1636 3314 1965 3376 quoquomodo
2002 3342 2012 3351 ·
2051 3315 2109 3363 In
2132 3316 2264 3366 euius
2289 3319 2379 3367 Rei
2404 3325 2498 3372 tes-
