3016 3958
321 1464 476 1511 LXV.

501 654 610 716 116
1064 651 1356 706 CARTAE
1400 650 1902 707 ORIGINALES.

502 841 683 889 Thoma
730 840 1045 889 Crukschank
1100 839 1378 888 Alexandro
1424 840 1633 903 Qwhyth
1682 839 1922 888 Malcomo
1976 839 2204 888 Fleschar
2254 839 2436 887 ciuibus

500 929 712 979 ciuitatis
754 928 1088 978 Brechinensis
1122 933 1172 977 et
1213 928 1404 977 domino
1427 929 1461 975 J
1465 929 1648 977 ohanne
1675 929 1787 977 Leis
1822 927 2068 991 capellano
2102 944 2207 976 cum
2241 928 2441 976 diuersis

501 1017 607 1066 aliis
644 1046 654 1056 ·
1310 1023 1315 1027 '

503 1221 609 1266 Ane
633 1219 919 1268 instrument
944 1219 998 1267 of
1015 1217 1326 1282 requisitioun
1350 1222 1404 1266 to
1428 1218 1505 1265 Sir
1526 1218 1560 1264 J
1564 1218 1686 1266 ohne
1712 1218 1918 1266 Brechin
1953 1217 2026 1265 for
2061 1217 2179 1265 obiit
2215 1216 2358 1265 siluer
2393 1216 2447 1264 of

501 1308 584 1355 the
609 1307 880 1372 cheplanrie
904 1307 958 1356 of
977 1307 1124 1356 Sanct
1150 1306 1353 1354 Niniane
1393 1335 1402 1344 ·

511 1429 591 1511 In
630 1463 724 1510 Dei
762 1463 950 1511 nomine
992 1489 1002 1500 ·
1041 1490 1051 1500 ·
1092 1490 1102 1500 ·
1138 1465 1304 1525 pateat
1342 1462 1466 1524 quod
1502 1476 1627 1509 anno
1661 1461 1720 1508 ab
1761 1460 2096 1508 Incarnatione
2122 1460 2317 1508 Domini
2339 1459 2444 1507 mil-

500 1552 666 1600 lesimo
708 1550 1172 1615 quadringentesimo
1197 1550 1496 1613 ‘octogesimo
1532 1549 1678 1597 tertio
1713 1549 1888 1598 mensis
1924 1565 2034 1596 vero
2061 1549 2344 1597 Nouembris
2366 1548 2443 1595 die

501 1641 748 1689 vndecima
783 1640 1054 1688 Indictione
1077 1639 1131 1686 2⁸
1153 1639 1465 1688 Pontificatus
1503 1666 1512 1676 ·
1552 1666 1561 1677 ·
1602 1667 1611 1676 ·
1650 1639 1786 1686 Sexti
1826 1665 1836 1676 ·
1875 1666 1885 1675 ·
1924 1667 1935 1676 ·
1971 1654 2092 1702 pape
2127 1639 2285 1702 quarti
2318 1654 2443 1686 anno

503 1731 686 1779 decimo
722 1729 869 1778 tertio
909 1757 918 1766 -
958 1757 967 1766 -
1008 1757 1017 1766 -
1053 1726 1368 1792 personaliter
1404 1727 1695 1776 constitutus
1732 1726 1965 1775 discretus
2002 1727 2072 1774 vir
2109 1726 2324 1775 dominus
2356 1727 2389 1774 J
2394 1743 2443 1774 o-

503 1820 684 1868 hannes
725 1817 1006 1866 Brechinen.
1049 1815 1333 1880 Capellanus
1370 1815 1632 1879 capellanie
1669 1815 1836 1864 Sancti
1862 1815 2053 1864 Niniani
2087 1831 2173 1879 per
2207 1817 2442 1879 qnondam

502 1909 625 1956 bone
650 1907 875 1955 memorie
902 1906 1162 1954 Ricardum
1190 1903 1422 1952 Willelmi
1460 1903 1571 1952 olim
1611 1903 1764 1952 ciuem
1803 1903 2015 1953 ciuitatis
2039 1905 2372 1953 Brechinensis
2395 1905 2444 1952 in

502 1997 704 2046 ecclesia
726 1994 990 2044 cathedrali
1016 1994 1325 2041 Brechinensi
1347 1993 1545 2041 fundate
1583 1995 1784 2041 accessit
1820 1993 1882 2040 ad
1920 2008 2137 2055 magnam
2161 1994 2443 2041 anteriorem

504 2088 691 2134 domum
730 2085 986 2149 vulgariter
1024 2083 1200 2132 dictam
1242 2082 1442 2131 Richart
1467 2082 1756 2146 Chapmanis
1789 2082 1895 2145 foyr
1931 2082 2081 2131 sklatt
2118 2083 2260 2132 houss
2297 2087 2346 2131 et
2383 2085 2445 2131 ab

504 2175 880 2224 inhabitantibus
904 2173 1114 2222 eiusdem
1139 2172 1279 2236 petiit
1302 2171 1484 2219 firmam
1508 2171 1766 2219 secundum
1791 2171 1918 2234 quod
1942 2169 2194 2235 unicuique
2215 2170 2446 2219 'incubuit

505 2281 566 2312 ex
591 2280 686 2328 quo
711 2264 866 2311 dictus
890 2262 1125 2326 quondam
1152 2260 1284 2308 Ciuis
1308 2260 1410 2308 eius
1433 2259 1658 2323 magister
1693 2262 1743 2307 et
1779 2259 2004 2307 fundator
2026 2259 2287 2325 capellanie
2311 2264 2444 2308 ante-

506 2354 634 2401 dicte
673 2351 792 2400 obiit
829 2355 942 2399 ante
978 2349 1231 2398 terminum
1270 2347 1423 2396 sancti
1463 2347 1663 2395 Martini
1702 2347 1762 2395 de
1800 2362 1925 2395 anno
1960 2347 2280 2411 suprascripto
2318 2348 2444 2403 Quae

505 2450 700 2510 propter
722 2445 934 2509 prefatus
957 2442 1174 2491 dominus
1195 2442 1230 2489 J
1234 2441 1443 2490 ohannes
1476 2440 1678 2489 asseruit
1703 2441 1827 2504 quod
1852 2456 2015 2489 omnes
2037 2444 2087 2488 et
2110 2439 2290 2503 singule
2313 2441 2444 2489 firme

507 2535 690 2598 prefate
716 2535 881 2581 domus
904 2548 1010 2579 cum
1035 2530 1337 2595 pertinentiis
1360 2533 1496 2577 erant
1531 2545 1615 2577 sue
1650 2529 1835 2577 ratione
1868 2530 2161 2580 fundationis
2184 2530 2446 2594 capellanie

508 2623 721 2688 predicte
759 2626 809 2670 et
846 2621 1005 2669 obitus
1039 2619 1275 2684 quondam
1314 2618 1386 2667 sui
1423 2617 1637 2681 magistri
1675 2618 1735 2665 ad
1774 2618 2007 2682 prefatum
2043 2615 2305 2667 terminum*
2327 2621 2446 2669 Ideo

511 2712 712 2760 inhibuit
738 2710 955 2759 omnibus
978 2707 1355 2756 inhabitantibus
1378 2723 1437 2755 ne
1462 2708 1520 2754 de
1545 2711 1706 2755 cetero
1730 2688 1941 2770 prefatas
1963 2706 2175 2771 oppellas
2213 2713 2444 2772 occupent

512 2802 603 2850 nisi
641 2800 701 2848 ab
740 2815 797 2848 eo
833 2803 1059 2862 tanquam
1098 2796 1288 2845 domino
1320 2799 1556 2844 terrarum
1579 2811 1750 2843 nonam
1775 2794 2122 2845 assedationem
2147 2796 2356 2845 habeant
2382 2799 2447 2846 Et

514 2890 583 2938 sic
605 2887 778 2951 prefati
801 2885 1124 2933 inhabitantes
1157 2884 1206 2931 in
1245 2883 1526 2932 solutionem
1566 2884 1698 2931 firme
1733 2899 1922 2932 suarum
1947 2882 2237 2947 oppellarum
2260 2889 2450 2946 gratan-

515 2983 592 3026 ter
614 2992 664 3025 se
687 2977 974 3039 parauerunt
1013 2977 1062 3021 et
1097 2972 1376 3021 obedierunt
1402 2972 1554 3035 Super
1577 2971 1746 3035 quibus
1769 2971 1984 3020 omnibus
2022 2999 2032 3009 ·
2070 2998 2081 3009 ·
2120 2998 2130 3009 ·
2167 2972 2294 3019 Acta
2316 2977 2450 3020 erant

518 3068 606 3113 hec
630 3065 752 3112 infra
774 3063 1018 3111 ciuitatem
1044 3061 1411 3110 Brechinensem
1435 3060 1483 3107 in
1507 3058 1696 3123 oppella
1719 3060 1885 3108 domus
1908 3059 2159 3107 anterioris
2196 3087 2208 3097 ·
2245 3087 2255 3097 ·
2293 3088 2305 3098 ·
2342 3061 2456 3108 Pre-

522 3154 735 3204 sentibus
758 3151 932 3198 ibidem
957 3150 1175 3199 discretis
1209 3154 1259 3198 et
1293 3148 1454 3212 probis
1477 3147 1589 3196 viris
1612 3147 1813 3195 dominis
1836 3151 1885 3195 et
1909 3146 2058 3210 laycis
2082 3146 2296 3196 Roberto
2319 3148 2455 3211 Sym-

523 3260 636 3293 sone
671 3246 719 3290 et
758 3240 919 3288 Dauid
958 3238 1197 3287 Morisone
1219 3237 1494 3300 presbiteris
1521 3235 1732 3284 Roberto
1754 3235 1788 3282 J
1791 3235 1927 3283 acobi
1950 3234 2126 3283 balliuo
2151 3235 2457 3285 Brechinensi
