3016 3958
1115 540 1409 598 OARTAE
1454 538 1955 595 ORIGINALES.
2428 539 2537 599 147

581 734 772 782 Andrea
808 735 999 783 domino
1037 736 1170 798 Gray
1208 732 1488 782 Lawreneio
1525 731 1715 779 domino
1745 730 2006 795 Oliphaunt
2033 731 2248 780 Roberto
2273 731 2446 795 Lundy
2471 732 2529 778 de

578 823 793 888 Balgony
831 823 983 873 milite
1020 823 1319 873 thesaurario
1355 825 1518 870 nostro
1556 824 1606 869 et
1645 819 1834 870 dilectis
1870 820 2056 869 clericis
2092 821 2268 870 nostris
2292 821 2528 884 magistris

579 913 787 961 Ricardo
831 913 1094 961 Murehede
1142 913 1323 961 decano
1371 909 1655 974 Glasguensi
1695 909 1954 958 secretario
1995 913 2159 958 nostro
2206 913 2256 957 et
2307 907 2527 958 Waltero

576 1003 874 1052 Drummond
911 1004 1093 1051 decano
1131 1000 1462 1051 Dunblanensi
1498 1003 1770 1048 nostrorum
1807 998 2092 1047 Rutulorum
2132 1002 2182 1047 et
2225 998 2436 1062 Registri
2474 1013 2530 1046 ac

576 1093 774 1143 Consilii
816 1092 990 1141 clerico
1031 1093 1159 1156 apud
1202 1091 1349 1140 Perth
1391 1089 1616 1139 vicesimo
1654 1092 1828 1139 octauo
1865 1087 1943 1136 die
1981 1087 2158 1137 mensis
2199 1087 2372 1135 Marcii
2407 1103 2531 1136 anno

576 1182 771 1230 Domini
795 1181 1043 1230 millesimo
1069 1179 1533 1245 quadringentesimo
1557 1178 1861 1242 nonagesimo
1886 1181 2060 1226 octauo
2097 1178 2164 1226 Et
2204 1178 2356 1240 Regni
2381 1178 2530 1226 nostri

576 1273 760 1320 decimo
800 1300 808 1309 ·

576 1473 741 1520 Litera
787 1472 1044 1521 balliuatus
1086 1472 1300 1535 magistri
1345 1471 1535 1519 Andree
1581 1469 1702 1518 Liell
1745 1478 1885 1533 super
1926 1471 2068 1519 terris
2111 1472 2169 1518 de
2218 1471 2434 1534 Redmyr
2480 1475 2529 1519 et

532 1570 537 1576 '
575 1561 898 1625 Quhiteriggis
937 1590 946 1599 ·

288 1723 548 1770 LXXXV.

583 1686 858 1784 Magister
901 1721 1119 1769 Andreas
1168 1719 1292 1768 Liell
1337 1719 1663 1768 thesaurarius
1706 1718 2060 1767 Aberdonensis
2102 1734 2158 1766 ac
2201 1719 2529 1783 pensionarius

577 1810 910 1859 Brechinensis
935 1809 1124 1859 dilectis
1147 1810 1266 1859 meis
1291 1810 1507 1858 Roberto
1537 1809 1665 1856 Rate
1703 1808 1762 1855 de
1800 1808 2097 1871 Drumtokty
2136 1807 2383 1856 Willelmo
2423 1809 2530 1856 Sib-

576 1902 686 1948 bate
711 1901 902 1947 Andree
933 1901 1100 1948 Rauen
1136 1904 1185 1948 et
1223 1899 1429 1962 Georgio
1455 1897 1636 1947 Barkla
1671 1902 1720 1945 et
1756 1914 1917 1945 eorum
1956 1896 2151 1946 cuilibet
2192 1926 2201 1935 ·
2243 1926 2252 1935 ·
2293 1926 2302 1935 ·
2339 1897 2528 1946 balliuis

577 1990 695 2039 meis
730 1990 779 2037 in
817 1990 907 2037 hac
945 1993 1080 2054 parte
1120 2017 1130 2028 ·
1171 2018 1180 2028 ·
1221 2018 1231 2027 ·
1270 1989 1395 2044 Quia
1430 1989 1540 2036 dedi
1566 1989 1612 2035 in
1639 2003 1805 2051 puram
1829 1991 1879 2034 et
1904 1991 2183 2050 perpetuam
2220 1986 2528 2036 elemosinam

577 2078 837 2143 capellanis
858 2078 1102 2143 perpetuis
1124 2078 1414 2128 cathedralis
1443 2077 1643 2126 ecclesie
1673 2076 2010 2124 Breohineusis
2048 2077 2095 2124 in
2136 2077 2281 2124 choro
2319 2077 2529 2126 eiusdem

576 2169 953 2217 deseruientibus
976 2184 1118 2216 unum
1143 2184 1349 2215 annuum
1375 2166 1612 2215 redditum
1649 2167 1813 2214 decem
1850 2181 2112 2214 marcarum
2141 2165 2315 2214 vsualis
2340 2170 2529 2214 monete

576 2258 737 2306 Scotie
781 2259 838 2306 de
878 2286 887 2295 ·
928 2285 937 2295 ·
978 2286 987 2295 ·
1024 2257 1167 2306 terris
1214 2258 1272 2305 de
1324 2257 1539 2320 Redmyr
1585 2259 1635 2304 et
1679 2255 2001 2319 Quhiteriggis
2040 2283 2049 2293 ·
2089 2283 2099 2293 ·
2138 2283 2150 2294 ι
2190 2256 2340 2304 Vobis
2387 2256 2531 2319 igitur

628 2375 638 2384 ·
678 2375 687 2385 ·
724 2347 898 2394 mando
921 2350 1157 2409 quatenus
1181 2346 1323 2394 dictis
1342 2345 1602 2410 capellanis
1640 2373 1650 2383 ·
1691 2373 1700 2382 ·
1741 2374 1750 2382 ·
1787 2344 2011 2393 saisinam
2037 2346 2378 2395 successorium
2420 2374 2428 2383 ·
2470 2373 2479 2382 ·
2521 2373 2529 2382 ·

575 2435 722 2484 annui
746 2435 960 2484 redditus
982 2435 1215 2483 antedicti
1253 2463 1263 2473 ·
1304 2463 1313 2473 ·
1354 2463 1363 2473 ·
1400 2410 1606 2484 tradatis
1643 2462 1654 2473 ·
1696 2463 1705 2472 -
1746 2463 1755 2472 ·
1793 2433 1976 2483 Datum
1999 2434 2087 2483 sub
2106 2433 2260 2498 sigillo
2280 2451 2385 2483 meo
2403 2436 2528 2499 apud

578 2525 954 2573 Vniuersitatem
993 2525 1382 2572 Aberdonensem
1419 2524 1644 2572 vicesima
1682 2524 1758 2570 die
1797 2523 1972 2572 mensis
2009 2523 2129 2571 Maii
2165 2539 2290 2572 anno
2332 2525 2527 2572 Domini

577 2613 828 2662 millesimo
852 2613 1317 2677 quadringentesimo
1339 2613 1644 2676 nonagesimo
1668 2616 1840 2660 octauo
1880 2640 1888 2649 ·

646 2703 726 2768 (In
751 2704 910 2763 dorso)
937 2702 1030 2750 Die
1058 2703 1188 2764 xxvij
1214 2702 1462 2750 Februarii
1489 2702 1634 2750 1602.

784 2792 1008 2840 Product.
1050 2806 1208 2839 coram
1257 2791 1448 2840 domino
1491 2791 1826 2840 Commissario
1877 2791 2184 2840 Brechinensi
2233 2793 2526 2854 judicialiter

578 2882 773 2930 sedente
799 2881 846 2928 in
870 2882 1061 2929 modum
1086 2880 1379 2944 probationis
1418 2908 1427 2918 ·
