<?xml version="1.0" encoding="UTF-8"?>
<!DOCTYPE html PUBLIC "-//W3C//DTD XHTML 1.0 Transitional//EN"
    "http://www.w3.org/TR/xhtml1/DTD/xhtml1-transitional.dtd">
<html xmlns="http://www.w3.org/1999/xhtml" xml:lang="en" lang="en">
 <head>
  <title>
</title>
<meta http-equiv="Content-Type" content="text/html;charset=utf-8" />
  <meta name='ocr-system' content='tesseract 3.04.00' />
  <meta name='ocr-capabilities' content='ocr_page ocr_carea ocr_par ocr_line ocrx_word'/>
</head>
<body>
  <div class='ocr_page' id='page_1' title='image "./registrumepiscop02brecuoft_0298.png"; bbox 0 0 3016 3958; ppageno 0'>
   <div class='ocr_carea' id='block_1_1' title="bbox 365 2553 540 2597">
    <p class='ocr_par' dir='ltr' id='par_1_1' title="bbox 365 2553 540 2597">
     <span class='ocr_line' id='line_1_1' title="bbox 365 2553 540 2597; baseline -0.011 -1"><span class='ocrx_word' id='word_1_1' title='bbox 365 2553 540 2597; x_wconf 85' lang='lat' dir='ltr'>CCXL.</span> 
     </span>
    </p>
   </div>
   <div class='ocr_carea' id='block_1_2' title="bbox 561 615 2039 672">
    <p class='ocr_par' dir='ltr' id='par_1_2' title="bbox 561 615 2039 672">
     <span class='ocr_line' id='line_1_2' title="bbox 561 615 2039 672; baseline -0.001 0"><span class='ocrx_word' id='word_1_2' title='bbox 561 618 674 672; x_wconf 83' lang='lat'>284</span> <span class='ocrx_word' id='word_1_3' title='bbox 1052 615 1371 671; x_wconf 81' lang='lat' dir='ltr'><strong>CARTAE</strong></span> <span class='ocrx_word' id='word_1_4' title='bbox 1411 615 2039 671; x_wconf 82' lang='lat' dir='ltr'><strong>MISCELLANEAE.</strong></span> 
     </span>
    </p>
   </div>
   <div class='ocr_carea' id='block_1_3' title="bbox 562 795 2508 931">
    <p class='ocr_par' dir='ltr' id='par_1_3' title="bbox 562 795 2508 931">
     <span class='ocr_line' id='line_1_3' title="bbox 562 795 2508 851; baseline -0.001 -14"><span class='ocrx_word' id='word_1_5' title='bbox 562 796 775 838; x_wconf 85' lang='lat' dir='ltr'>dictorum</span> <span class='ocrx_word' id='word_1_6' title='bbox 811 796 992 838; x_wconf 84' lang='lat' dir='ltr'>Joannis</span> <span class='ocrx_word' id='word_1_7' title='bbox 1029 799 1072 838; x_wconf 92' lang='lat' dir='ltr'>et</span> <span class='ocrx_word' id='word_1_8' title='bbox 1108 796 1264 837; x_wconf 87' lang='lat' dir='ltr'>Jonete</span> <span class='ocrx_word' id='word_1_9' title='bbox 1300 795 1506 836; x_wconf 78' lang='lat' dir='ltr'>antedicti</span> <span class='ocrx_word' id='word_1_10' title='bbox 1550 809 1599 836; x_wconf 85' lang='lat' dir='ltr'>ac</span> <span class='ocrx_word' id='word_1_11' title='bbox 1642 795 1855 850; x_wconf 84' lang='lat' dir='ltr'>assignati</span> <span class='ocrx_word' id='word_1_12' title='bbox 1885 795 2143 851; x_wconf 87' lang='lat' dir='ltr'>duplicando</span> <span class='ocrx_word' id='word_1_13' title='bbox 2178 795 2338 838; x_wconf 88' lang='lat' dir='ltr'>dictam</span> <span class='ocrx_word' id='word_1_14' title='bbox 2371 795 2508 837; x_wconf 87' lang='lat' dir='ltr'>feudi-</span> 
     </span>
     <span class='ocr_line' id='line_1_4' title="bbox 562 873 2507 931; baseline 0.001 -16"><span class='ocrx_word' id='word_1_15' title='bbox 562 875 731 917; x_wconf 87' lang='lat' dir='ltr'>firmam</span> <span class='ocrx_word' id='word_1_16' title='bbox 767 875 906 931; x_wconf 87' lang='lat' dir='ltr'>primo</span> <span class='ocrx_word' id='word_1_17' title='bbox 942 889 1056 921; x_wconf 85' lang='lat' dir='ltr'>anno</span> <span class='ocrx_word' id='word_1_18' title='bbox 1085 873 1232 916; x_wconf 75' lang='lat' dir='ltr'>ebrum</span> <span class='ocrx_word' id='word_1_19' title='bbox 1264 874 1470 916; x_wconf 76' lang='lat' dir='ltr'>introitus</span> <span class='ocrx_word' id='word_1_20' title='bbox 1499 874 1555 915; x_wconf 87' lang='lat' dir='ltr'>ad</span> <span class='ocrx_word' id='word_1_21' title='bbox 1585 874 1778 930; x_wconf 86' lang='lat' dir='ltr'>prefatas</span> <span class='ocrx_word' id='word_1_22' title='bbox 1809 878 1952 916; x_wconf 87' lang='lat' dir='ltr'>terras</span> <span class='ocrx_word' id='word_1_23' title='bbox 1983 905 1992 915; x_wconf 93' lang='lat'>.</span> <span class='ocrx_word' id='word_1_24' title='bbox 2027 905 2038 917; x_wconf 89' lang='lat'><strong>.</strong></span> <span class='ocrx_word' id='word_1_25' title='bbox 2071 905 2080 914; x_wconf 94' lang='lat'>.</span> <span class='ocrx_word' id='word_1_26' title='bbox 2114 874 2301 931; x_wconf 86' lang='lat' dir='ltr'>Insuper</span> <span class='ocrx_word' id='word_1_27' title='bbox 2337 876 2507 918; x_wconf 90' lang='lat' dir='ltr'>dilectis</span> 
     </span>
    </p>
   </div>
   <div class='ocr_carea' id='block_1_4' title="bbox 562 953 2508 1170">
    <p class='ocr_par' dir='ltr' id='par_1_4' title="bbox 562 953 2508 1170">
     <span class='ocr_line' id='line_1_5' title="bbox 562 953 2506 1009; baseline 0 -13"><span class='ocrx_word' id='word_1_28' title='bbox 562 955 671 996; x_wconf 90' lang='lat' dir='ltr'>meis</span> <span class='ocrx_word' id='word_1_29' title='bbox 708 955 869 996; x_wconf 86' lang='lat' dir='ltr'>Joanni</span> <span class='ocrx_word' id='word_1_30' title='bbox 904 954 1087 996; x_wconf 89' lang='lat' dir='ltr'>Hutoun</span> <span class='ocrx_word' id='word_1_31' title='bbox 1301 953 1475 995; x_wconf 89' lang='lat' dir='ltr'>balliuis</span> <span class='ocrx_word' id='word_1_32' title='bbox 1505 953 1613 995; x_wconf 87' lang='lat' dir='ltr'>meis</span> <span class='ocrx_word' id='word_1_33' title='bbox 1644 984 1654 996; x_wconf 89' lang='lat'><em>.</em></span> <span class='ocrx_word' id='word_1_34' title='bbox 1690 986 1699 995; x_wconf 89' lang='lat'><strong>.</strong></span> <span class='ocrx_word' id='word_1_35' title='bbox 1735 986 1743 994; x_wconf 97' lang='lat'>.</span> <span class='ocrx_word' id='word_1_36' title='bbox 1781 953 1971 1009; x_wconf 73' lang='lat' dir='ltr'>precipio</span> <span class='ocrx_word' id='word_1_37' title='bbox 2006 986 2014 995; x_wconf 93' lang='lat'><strong>.</strong></span> <span class='ocrx_word' id='word_1_38' title='bbox 2055 985 2064 994; x_wconf 91' lang='lat'><strong>.</strong></span> <span class='ocrx_word' id='word_1_39' title='bbox 2101 985 2112 995; x_wconf 91' lang='lat'>.</span> <span class='ocrx_word' id='word_1_40' title='bbox 2148 957 2364 1009; x_wconf 86' lang='lat' dir='ltr'>quatenus</span> <span class='ocrx_word' id='word_1_41' title='bbox 2401 987 2411 997; x_wconf 93' lang='lat'>.</span> <span class='ocrx_word' id='word_1_42' title='bbox 2446 989 2455 998; x_wconf 92' lang='lat'><strong>.</strong></span> <span class='ocrx_word' id='word_1_43' title='bbox 2497 987 2506 996; x_wconf 93' lang='lat'>.</span> 
     </span>
     <span class='ocr_line' id='line_1_6' title="bbox 564 1033 2507 1091; baseline 0.001 -15"><span class='ocrx_word' id='word_1_44' title='bbox 564 1035 754 1076; x_wconf 86' lang='lat' dir='ltr'>sasinam</span> <span class='ocrx_word' id='word_1_45' title='bbox 803 1034 1110 1076; x_wconf 89' lang='lat' dir='ltr'>hereditariam</span> <span class='ocrx_word' id='word_1_46' title='bbox 1143 1063 1155 1074; x_wconf 91' lang='lat'><strong>.</strong></span> <span class='ocrx_word' id='word_1_47' title='bbox 1187 1066 1195 1076; x_wconf 93' lang='lat'><em>.</em></span> <span class='ocrx_word' id='word_1_48' title='bbox 1232 1064 1240 1073; x_wconf 94' lang='lat'><em>.</em></span> <span class='ocrx_word' id='word_1_49' title='bbox 1271 1033 1538 1088; x_wconf 85' lang='lat' dir='ltr'>prefatarum</span> <span class='ocrx_word' id='word_1_50' title='bbox 1586 1037 1802 1075; x_wconf 82' lang='lat' dir='ltr'>terrarum</span> <span class='ocrx_word' id='word_1_51' title='bbox 1836 1066 1844 1075; x_wconf 94' lang='lat'><em>.</em></span> <span class='ocrx_word' id='word_1_52' title='bbox 1881 1064 1891 1074; x_wconf 89' lang='lat'>.</span> <span class='ocrx_word' id='word_1_53' title='bbox 1925 1064 1935 1075; x_wconf 87' lang='lat'><strong>.</strong></span> <span class='ocrx_word' id='word_1_54' title='bbox 1967 1048 2063 1075; x_wconf 90' lang='lat' dir='ltr'>cum</span> <span class='ocrx_word' id='word_1_55' title='bbox 2097 1064 2107 1074; x_wconf 91' lang='lat'>.</span> <span class='ocrx_word' id='word_1_56' title='bbox 2142 1065 2152 1075; x_wconf 87' lang='lat'><strong>.</strong></span> <span class='ocrx_word' id='word_1_57' title='bbox 2189 1067 2196 1075; x_wconf 93' lang='lat'><em>.</em></span> <span class='ocrx_word' id='word_1_58' title='bbox 2232 1036 2507 1091; x_wconf 88' lang='lat' dir='ltr'>pertinentiis</span> 
     </span>
     <span class='ocr_line' id='line_1_7' title="bbox 562 1112 2508 1170; baseline 0.001 -14"><span class='ocrx_word' id='word_1_59' title='bbox 562 1115 767 1170; x_wconf 76' lang='lat' dir='ltr'>predictis</span> <span class='ocrx_word' id='word_1_60' title='bbox 798 1114 958 1156; x_wconf 87' lang='lat' dir='ltr'>Joanni</span> <span class='ocrx_word' id='word_1_61' title='bbox 989 1114 1225 1155; x_wconf 89' lang='lat' dir='ltr'>Bellenden</span> <span class='ocrx_word' id='word_1_62' title='bbox 1256 1117 1301 1155; x_wconf 91' lang='lat' dir='ltr'>et</span> <span class='ocrx_word' id='word_1_63' title='bbox 1331 1113 1489 1155; x_wconf 85' lang='lat' dir='ltr'>Jonete</span> <span class='ocrx_word' id='word_1_64' title='bbox 1530 1112 1720 1169; x_wconf 76' lang='lat' dir='ltr'>Seytoun</span> <span class='ocrx_word' id='word_1_65' title='bbox 1753 1146 1762 1155; x_wconf 93' lang='lat'>.</span> <span class='ocrx_word' id='word_1_66' title='bbox 1796 1146 1805 1155; x_wconf 90' lang='lat'>.</span> <span class='ocrx_word' id='word_1_67' title='bbox 1843 1146 1851 1155; x_wconf 86' lang='lat'><strong>.</strong></span> <span class='ocrx_word' id='word_1_68' title='bbox 1882 1113 2133 1156; x_wconf 75' lang='lat' dir='ltr'>deliberetis</span> <span class='ocrx_word' id='word_1_69' title='bbox 2166 1147 2175 1156; x_wconf 91' lang='lat'><strong>.</strong></span> <span class='ocrx_word' id='word_1_70' title='bbox 2209 1147 2218 1157; x_wconf 84' lang='lat'>.</span> <span class='ocrx_word' id='word_1_71' title='bbox 2252 1147 2261 1156; x_wconf 92' lang='lat'><strong>.</strong></span> <span class='ocrx_word' id='word_1_72' title='bbox 2298 1114 2348 1156; x_wconf 90' lang='lat' dir='ltr'>In</span> <span class='ocrx_word' id='word_1_73' title='bbox 2385 1115 2508 1157; x_wconf 87' lang='lat' dir='ltr'>cuius</span> 
     </span>
    </p>
   </div>
   <div class='ocr_carea' id='block_1_5' title="bbox 562 1193 2512 2356">
    <p class='ocr_par' dir='ltr' id='par_1_5' title="bbox 562 1193 2512 2356">
     <span class='ocr_line' id='line_1_8' title="bbox 562 1193 2507 1251; baseline 0.001 -15"><span class='ocrx_word' id='word_1_74' title='bbox 562 1195 625 1236; x_wconf 90' lang='lat' dir='ltr'>rei</span> <span class='ocrx_word' id='word_1_75' title='bbox 645 1194 941 1236; x_wconf 85' lang='lat' dir='ltr'>testimonium</span> <span class='ocrx_word' id='word_1_76' title='bbox 962 1193 1062 1235; x_wconf 92' lang='lat' dir='ltr'>huic</span> <span class='ocrx_word' id='word_1_77' title='bbox 1082 1194 1273 1251; x_wconf 80' lang='lat' dir='ltr'>presenti</span> <span class='ocrx_word' id='word_1_78' title='bbox 1296 1197 1414 1234; x_wconf 86' lang='lat' dir='ltr'>carte</span> <span class='ocrx_word' id='word_1_79' title='bbox 1435 1207 1527 1234; x_wconf 91' lang='lat' dir='ltr'>mee</span> <span class='ocrx_word' id='word_1_80' title='bbox 1548 1196 1801 1249; x_wconf 74' lang='lat' dir='ltr'>preceptum</span> <span class='ocrx_word' id='word_1_81' title='bbox 1819 1194 1963 1235; x_wconf 87' lang='lat' dir='ltr'>sasine</span> <span class='ocrx_word' id='word_1_82' title='bbox 1985 1194 2029 1234; x_wconf 90' lang='lat' dir='ltr'>in</span> <span class='ocrx_word' id='word_1_83' title='bbox 2053 1208 2098 1236; x_wconf 89' lang='lat' dir='ltr'>se</span> <span class='ocrx_word' id='word_1_84' title='bbox 2115 1195 2355 1237; x_wconf 89' lang='lat' dir='ltr'>continenti</span> <span class='ocrx_word' id='word_1_85' title='bbox 2376 1210 2507 1237; x_wconf 85' lang='lat' dir='ltr'>manu</span> 
     </span>
     <span class='ocr_line' id='line_1_9' title="bbox 563 1273 2508 1329; baseline 0 -13"><span class='ocrx_word' id='word_1_86' title='bbox 563 1289 662 1316; x_wconf 86' lang='lat' dir='ltr'>mea</span> <span class='ocrx_word' id='word_1_87' title='bbox 690 1274 974 1329; x_wconf 87' lang='lat' dir='ltr'>manibusque</span> <span class='ocrx_word' id='word_1_88' title='bbox 1006 1274 1220 1315; x_wconf 89' lang='lat' dir='ltr'>dictorum</span> <span class='ocrx_word' id='word_1_89' title='bbox 1257 1273 1485 1315; x_wconf 89' lang='lat' dir='ltr'>reuerendi</span> <span class='ocrx_word' id='word_1_90' title='bbox 1515 1274 1561 1314; x_wconf 90' lang='lat' dir='ltr'>in</span> <span class='ocrx_word' id='word_1_91' title='bbox 1599 1273 1775 1315; x_wconf 85' lang='lat' dir='ltr'>Christo</span> <span class='ocrx_word' id='word_1_92' title='bbox 1812 1274 1951 1329; x_wconf 88' lang='lat' dir='ltr'>patris</span> <span class='ocrx_word' id='word_1_93' title='bbox 1984 1278 2029 1315; x_wconf 89' lang='lat' dir='ltr'>et</span> <span class='ocrx_word' id='word_1_94' title='bbox 2059 1275 2363 1316; x_wconf 87' lang='lat' dir='ltr'>canonicorum</span> <span class='ocrx_word' id='word_1_95' title='bbox 2394 1275 2508 1318; x_wconf 91' lang='lat' dir='ltr'>dicte</span> 
     </span>
     <span class='ocr_line' id='line_1_10' title="bbox 563 1354 2510 1409; baseline 0.001 -13"><span class='ocrx_word' id='word_1_96' title='bbox 563 1354 1027 1398; x_wconf 83' lang='lat' dir='ltr'>ecclesiecathedralis</span> <span class='ocrx_word' id='word_1_97' title='bbox 1056 1355 1101 1395; x_wconf 92' lang='lat' dir='ltr'>in</span> <span class='ocrx_word' id='word_1_98' title='bbox 1124 1354 1295 1409; x_wconf 88' lang='lat' dir='ltr'>signum</span> <span class='ocrx_word' id='word_1_99' title='bbox 1319 1367 1495 1395; x_wconf 88' lang='lat' dir='ltr'>suorum</span> <span class='ocrx_word' id='word_1_100' title='bbox 1518 1366 1756 1395; x_wconf 87' lang='lat' dir='ltr'>consensus</span> <span class='ocrx_word' id='word_1_101' title='bbox 1788 1357 1833 1395; x_wconf 90' lang='lat' dir='ltr'>et</span> <span class='ocrx_word' id='word_1_102' title='bbox 1862 1367 2070 1395; x_wconf 82' lang='lat' dir='ltr'>assensus</span> <span class='ocrx_word' id='word_1_103' title='bbox 2092 1354 2146 1395; x_wconf 86' lang='lat' dir='ltr'>ad</span> <span class='ocrx_word' id='word_1_104' title='bbox 2174 1354 2387 1409; x_wconf 86' lang='lat' dir='ltr'>premissa</span> <span class='ocrx_word' id='word_1_105' title='bbox 2409 1357 2510 1397; x_wconf 81' lang='lat' dir='ltr'>sub-</span> 
     </span>
     <span class='ocr_line' id='line_1_11' title="bbox 564 1432 2512 1491; baseline 0.001 -15"><span class='ocrx_word' id='word_1_106' title='bbox 564 1435 722 1490; x_wconf 89' lang='lat' dir='ltr'>scripte</span> <span class='ocrx_word' id='word_1_107' title='bbox 745 1433 936 1491; x_wconf 89' lang='lat' dir='ltr'>sigillum</span> <span class='ocrx_word' id='word_1_108' title='bbox 952 1448 1096 1476; x_wconf 90' lang='lat' dir='ltr'>meum</span> <span class='ocrx_word' id='word_1_109' title='bbox 1117 1448 1304 1475; x_wconf 91' lang='lat' dir='ltr'>unacum</span> <span class='ocrx_word' id='word_1_110' title='bbox 1326 1433 1471 1489; x_wconf 87' lang='lat' dir='ltr'>sigillo</span> <span class='ocrx_word' id='word_1_111' title='bbox 1493 1447 1717 1475; x_wconf 88' lang='lat' dir='ltr'>commune</span> <span class='ocrx_word' id='word_1_112' title='bbox 1733 1432 1913 1488; x_wconf 88' lang='lat' dir='ltr'>capituli</span> <span class='ocrx_word' id='word_1_113' title='bbox 1925 1433 2038 1475; x_wconf 85' lang='lat' dir='ltr'>dicte</span> <span class='ocrx_word' id='word_1_114' title='bbox 2061 1433 2238 1476; x_wconf 87' lang='lat' dir='ltr'>ecclesie</span> <span class='ocrx_word' id='word_1_115' title='bbox 2262 1439 2330 1477; x_wconf 92' lang='lat' dir='ltr'>est</span> <span class='ocrx_word' id='word_1_116' title='bbox 2349 1449 2512 1491; x_wconf 85' lang='lat' dir='ltr'>appen-</span> 
     </span>
     <span class='ocr_line' id='line_1_12' title="bbox 565 1514 2509 1571; baseline 0 -14"><span class='ocrx_word' id='word_1_117' title='bbox 565 1529 660 1557; x_wconf 86' lang='lat' dir='ltr'>sum</span> <span class='ocrx_word' id='word_1_118' title='bbox 696 1515 811 1571; x_wconf 82' lang='lat' dir='ltr'>apud</span> <span class='ocrx_word' id='word_1_119' title='bbox 846 1515 1026 1557; x_wconf 89' lang='lat' dir='ltr'>eandem</span> <span class='ocrx_word' id='word_1_120' title='bbox 1061 1514 1286 1557; x_wconf 88' lang='lat' dir='ltr'>ecclesiam</span> <span class='ocrx_word' id='word_1_121' title='bbox 1318 1514 1557 1570; x_wconf 88' lang='lat' dir='ltr'>penultimo</span> <span class='ocrx_word' id='word_1_122' title='bbox 1589 1514 1658 1555; x_wconf 90' lang='lat' dir='ltr'>die</span> <span class='ocrx_word' id='word_1_123' title='bbox 1696 1514 1857 1555; x_wconf 87' lang='lat' dir='ltr'>mensis</span> <span class='ocrx_word' id='word_1_124' title='bbox 1894 1514 2157 1556; x_wconf 81' lang='lat' dir='ltr'>Novembris</span> <span class='ocrx_word' id='word_1_125' title='bbox 2188 1528 2301 1556; x_wconf 87' lang='lat' dir='ltr'>anno</span> <span class='ocrx_word' id='word_1_126' title='bbox 2333 1514 2509 1557; x_wconf 89' lang='lat' dir='ltr'>Domini</span> 
     </span>
     <span class='ocr_line' id='line_1_13' title="bbox 563 1594 1640 1650; baseline -0.001 -14"><span class='ocrx_word' id='word_1_127' title='bbox 563 1594 793 1636; x_wconf 87' lang='lat' dir='ltr'>millesimo</span> <span class='ocrx_word' id='word_1_128' title='bbox 815 1595 1163 1650; x_wconf 88' lang='lat' dir='ltr'>quingentesimo</span> <span class='ocrx_word' id='word_1_129' title='bbox 1186 1594 1457 1650; x_wconf 85' lang='lat' dir='ltr'>sexagesimo</span> <span class='ocrx_word' id='word_1_130' title='bbox 1476 1597 1597 1636; x_wconf 87' lang='lat' dir='ltr'>sexto</span> <span class='ocrx_word' id='word_1_131' title='bbox 1632 1626 1640 1634; x_wconf 95' lang='lat'>.</span> 
     </span>
     <span class='ocr_line' id='line_1_14' title="bbox 564 1673 2421 1730; baseline 0.001 -14"><span class='ocrx_word' id='word_1_132' title='bbox 564 1673 813 1716; x_wconf 85' lang='lat' dir='ltr'>Alexander</span> <span class='ocrx_word' id='word_1_133' title='bbox 833 1674 1060 1730; x_wconf 87' lang='lat' dir='ltr'>episcopus</span> <span class='ocrx_word' id='word_1_134' title='bbox 1083 1674 1390 1716; x_wconf 88' lang='lat' dir='ltr'>Brechinensis</span> <span class='ocrx_word' id='word_1_135' title='bbox 1414 1705 1424 1715; x_wconf 92' lang='lat'>.</span> <span class='ocrx_word' id='word_1_136' title='bbox 1458 1673 1651 1716; x_wconf 85' lang='lat' dir='ltr'>Mathew</span> <span class='ocrx_word' id='word_1_137' title='bbox 1673 1673 1887 1729; x_wconf 89' lang='lat' dir='ltr'>Hepburn</span> <span class='ocrx_word' id='word_1_138' title='bbox 1904 1674 2111 1730; x_wconf 84' lang='lat' dir='ltr'>cheplane</span> <span class='ocrx_word' id='word_1_139' title='bbox 2134 1675 2182 1716; x_wconf 85' lang='lat' dir='ltr'>of</span> <span class='ocrx_word' id='word_1_140' title='bbox 2200 1675 2377 1717; x_wconf 83' lang='lat' dir='ltr'>Oaldem</span> <span class='ocrx_word' id='word_1_141' title='bbox 2413 1709 2421 1717; x_wconf 91' lang='lat'><strong>.</strong></span> 
     </span>
     <span class='ocr_line' id='line_1_15' title="bbox 1459 1753 2377 1800; baseline 0.005 -6"><span class='ocrx_word' id='word_1_142' title='bbox 1459 1753 1488 1795; x_wconf 89' lang='lat' dir='ltr'><strong>J</strong></span> <span class='ocrx_word' id='word_1_143' title='bbox 1490 1767 1528 1795; x_wconf 89' lang='lat' dir='ltr'>a.</span> <span class='ocrx_word' id='word_1_144' title='bbox 1546 1753 1803 1795; x_wconf 85' lang='lat' dir='ltr'>Thorntoun</span> <span class='ocrx_word' id='word_1_145' title='bbox 1824 1753 2012 1795; x_wconf 83' lang='lat' dir='ltr'>decanus</span> <span class='ocrx_word' id='word_1_146' title='bbox 2031 1754 2336 1798; x_wconf 85' lang='lat' dir='ltr'>Brechinensis</span> <span class='ocrx_word' id='word_1_147' title='bbox 2367 1788 2377 1800; x_wconf 90' lang='lat'><strong>.</strong></span> 
     </span>
     <span class='ocr_line' id='line_1_16' title="bbox 1462 1833 2343 1877; baseline 0.003 -4"><span class='ocrx_word' id='word_1_148' title='bbox 1462 1833 1606 1874; x_wconf 83' lang='lat' dir='ltr'>Dauid</span> <span class='ocrx_word' id='word_1_149' title='bbox 1630 1833 1972 1875; x_wconf 84' lang='lat' dir='ltr'>Archidiaconus</span> <span class='ocrx_word' id='word_1_150' title='bbox 1994 1834 2300 1877; x_wconf 89' lang='lat' dir='ltr'>Brechinensis</span> <span class='ocrx_word' id='word_1_151' title='bbox 2334 1866 2343 1876; x_wconf 92' lang='lat'><strong>.</strong></span> 
     </span>
     <span class='ocr_line' id='line_1_17' title="bbox 1463 1912 2267 1968; baseline 0.001 -14"><span class='ocrx_word' id='word_1_152' title='bbox 1463 1912 1678 1967; x_wconf 85' lang='lat' dir='ltr'>Georgius</span> <span class='ocrx_word' id='word_1_153' title='bbox 1700 1912 1914 1968; x_wconf 90' lang='lat' dir='ltr'>Hepburn</span> <span class='ocrx_word' id='word_1_154' title='bbox 1937 1913 2223 1956; x_wconf 79' lang='lat' dir='ltr'>cancellarius</span> <span class='ocrx_word' id='word_1_155' title='bbox 2258 1945 2267 1955; x_wconf 89' lang='lat'>.</span> 
     </span>
     <span class='ocr_line' id='line_1_18' title="bbox 1460 1992 2507 2052; baseline 0.005 -20"><span class='ocrx_word' id='word_1_156' title='bbox 1460 1992 1679 2034; x_wconf 85' lang='lat' dir='ltr'>Robertus</span> <span class='ocrx_word' id='word_1_157' title='bbox 1696 1992 1994 2048; x_wconf 88' lang='lat' dir='ltr'>Abercrumby</span> <span class='ocrx_word' id='word_1_158' title='bbox 2011 1998 2155 2035; x_wconf 83' lang='lat' dir='ltr'>rector</span> <span class='ocrx_word' id='word_1_159' title='bbox 2170 1995 2223 2036; x_wconf 91' lang='lat' dir='ltr'>de</span> <span class='ocrx_word' id='word_1_160' title='bbox 2240 1994 2475 2052; x_wconf 85' lang='lat' dir='ltr'>Buttergill</span> <span class='ocrx_word' id='word_1_161' title='bbox 2497 2028 2507 2038; x_wconf 89' lang='lat'>.</span> 
     </span>
     <span class='ocr_line' id='line_1_19' title="bbox 1460 2071 2289 2127; baseline 0.004 -15"><span class='ocrx_word' id='word_1_162' title='bbox 1460 2071 1489 2112; x_wconf 91' lang='lat' dir='ltr'><strong>J</strong></span> <span class='ocrx_word' id='word_1_163' title='bbox 1493 2072 1686 2113; x_wconf 86' lang='lat' dir='ltr'>ohannes</span> <span class='ocrx_word' id='word_1_164' title='bbox 1707 2071 1922 2127; x_wconf 84' lang='lat' dir='ltr'>Hepburn</span> <span class='ocrx_word' id='word_1_165' title='bbox 1942 2073 2243 2115; x_wconf 85' lang='lat' dir='ltr'>thesaurarius</span> <span class='ocrx_word' id='word_1_166' title='bbox 2274 2099 2289 2116; x_wconf 91' lang='grc'>.-</span> 
     </span>
     <span class='ocr_line' id='line_1_20' title="bbox 1460 2150 2479 2210; baseline 0.005 -18"><span class='ocrx_word' id='word_1_167' title='bbox 1460 2151 1488 2192; x_wconf 87' lang='lat' dir='ltr'><strong>J</strong></span> <span class='ocrx_word' id='word_1_168' title='bbox 1491 2152 1685 2193; x_wconf 88' lang='lat' dir='ltr'>ohannes</span> <span class='ocrx_word' id='word_1_169' title='bbox 1708 2150 1937 2194; x_wconf 82' lang='lat' dir='ltr'>Ookburne</span> <span class='ocrx_word' id='word_1_170' title='bbox 1958 2157 2103 2195; x_wconf 88' lang='lat' dir='ltr'>rector</span> <span class='ocrx_word' id='word_1_171' title='bbox 2127 2152 2221 2210; x_wconf 91' lang='lat' dir='ltr'>[de]</span> <span class='ocrx_word' id='word_1_172' title='bbox 2248 2154 2449 2210; x_wconf 87' lang='lat' dir='ltr'>Kylmoir</span> <span class='ocrx_word' id='word_1_173' title='bbox 2470 2189 2479 2197; x_wconf 91' lang='lat'><strong>.</strong></span> 
     </span>
     <span class='ocr_line' id='line_1_21' title="bbox 1463 2230 2258 2287; baseline 0.003 -15"><span class='ocrx_word' id='word_1_174' title='bbox 1463 2230 1682 2273; x_wconf 86' lang='lat' dir='ltr'>Robertus</span> <span class='ocrx_word' id='word_1_175' title='bbox 1705 2230 1903 2287; x_wconf 85' lang='lat' dir='ltr'>Oarnegy</span> <span class='ocrx_word' id='word_1_176' title='bbox 1925 2232 2214 2275; x_wconf 88' lang='lat' dir='ltr'>subdiaconus</span> <span class='ocrx_word' id='word_1_177' title='bbox 2248 2264 2258 2274; x_wconf 90' lang='lat'>.</span> 
     </span>
     <span class='ocr_line' id='line_1_22' title="bbox 1463 2309 2336 2356; baseline 0.005 -5"><span class='ocrx_word' id='word_1_178' title='bbox 1463 2309 1607 2352; x_wconf 88' lang='lat' dir='ltr'>Dauid</span> <span class='ocrx_word' id='word_1_179' title='bbox 1628 2309 1760 2352; x_wconf 86' lang='lat' dir='ltr'>Watt</span> <span class='ocrx_word' id='word_1_180' title='bbox 1779 2311 1967 2352; x_wconf 85' lang='lat' dir='ltr'>vicarius</span> <span class='ocrx_word' id='word_1_181' title='bbox 1989 2312 2295 2356; x_wconf 83' lang='lat' dir='ltr'>Brechinensis</span> <span class='ocrx_word' id='word_1_182' title='bbox 2327 2345 2336 2355; x_wconf 93' lang='lat'><strong><em>.</em></strong></span> 
     </span>
    </p>
   </div>
   <div class='ocr_carea' id='block_1_6' title="bbox 565 2541 2514 3243">
    <p class='ocr_par' dir='ltr' id='par_1_6' title="bbox 565 2541 2514 3243">
     <span class='ocr_line' id='line_1_23' title="bbox 565 2541 2513 2614; baseline 0.004 -19"><span class='ocrx_word' id='word_1_183' title='bbox 565 2541 711 2595; x_wconf 80' lang='lat' dir='ltr'>Carta</span> <span class='ocrx_word' id='word_1_184' title='bbox 741 2552 1081 2594; x_wconf 85' lang='lat' dir='ltr'>confirmationis</span> <span class='ocrx_word' id='word_1_185' title='bbox 1112 2552 1192 2594; x_wconf 86' lang='lat' dir='ltr'>sub</span> <span class='ocrx_word' id='word_1_186' title='bbox 1223 2566 1382 2608; x_wconf 87' lang='lat' dir='ltr'>magno</span> <span class='ocrx_word' id='word_1_187' title='bbox 1410 2552 1554 2608; x_wconf 87' lang='lat' dir='ltr'>sigillo</span> <span class='ocrx_word' id='word_1_188' title='bbox 1582 2553 1830 2608; x_wconf 82' lang='lat' dir='ltr'>praedictae</span> <span class='ocrx_word' id='word_1_189' title='bbox 1867 2557 2013 2596; x_wconf 88' lang='lat' dir='ltr'>cartae</span> <span class='ocrx_word' id='word_1_190' title='bbox 2043 2569 2273 2599; x_wconf 85' lang='lat' dir='ltr'>concessae</span> <span class='ocrx_word' id='word_1_191' title='bbox 2293 2572 2372 2614; x_wconf 87' lang='lat' dir='ltr'>per</span> <span class='ocrx_word' id='word_1_192' title='bbox 2392 2563 2513 2602; x_wconf 85' lang='lat' dir='ltr'>ante-</span> 
     </span>
     <span class='ocr_line' id='line_1_24' title="bbox 566 2621 2514 2692; baseline 0.004 -18"><span class='ocrx_word' id='word_1_193' title='bbox 566 2634 728 2674; x_wconf 85' lang='lat' dir='ltr'>dictum</span> <span class='ocrx_word' id='word_1_194' title='bbox 750 2629 979 2674; x_wconf 86' lang='lat' dir='ltr'>Matheum</span> <span class='ocrx_word' id='word_1_195' title='bbox 1001 2631 1242 2688; x_wconf 90' lang='lat' dir='ltr'>Hepburne</span> <span class='ocrx_word' id='word_1_196' title='bbox 1273 2631 1547 2688; x_wconf 85' lang='lat' dir='ltr'>capellanum</span> <span class='ocrx_word' id='word_1_197' title='bbox 1567 2632 1834 2687; x_wconf 86' lang='lat' dir='ltr'>capellaniae</span> <span class='ocrx_word' id='word_1_198' title='bbox 1865 2633 1917 2675; x_wconf 93' lang='lat' dir='ltr'>de</span> <span class='ocrx_word' id='word_1_199' title='bbox 1950 2621 2186 2678; x_wconf 79' lang='lat' dir='ltr'>Caldhame</span> <span class='ocrx_word' id='word_1_200' title='bbox 2206 2638 2416 2692; x_wconf 87' lang='lat' dir='ltr'>praefatis</span> <span class='ocrx_word' id='word_1_201' title='bbox 2437 2639 2466 2680; x_wconf 90' lang='lat' dir='ltr'><strong>J</strong></span> <span class='ocrx_word' id='word_1_202' title='bbox 2469 2654 2514 2681; x_wconf 94' lang='lat' dir='ltr'>o-</span> 
     </span>
     <span class='ocr_line' id='line_1_25' title="bbox 567 2711 2512 2767; baseline 0.004 -14"><span class='ocrx_word' id='word_1_203' title='bbox 567 2712 669 2754; x_wconf 88' lang='lat' dir='ltr'>anni</span> <span class='ocrx_word' id='word_1_204' title='bbox 704 2711 942 2752; x_wconf 89' lang='lat' dir='ltr'>Bellenden</span> <span class='ocrx_word' id='word_1_205' title='bbox 982 2714 1028 2753; x_wconf 89' lang='lat' dir='ltr'>et</span> <span class='ocrx_word' id='word_1_206' title='bbox 1067 2711 1254 2753; x_wconf 77' lang='lat' dir='ltr'>Jonetae</span> <span class='ocrx_word' id='word_1_207' title='bbox 1297 2711 1489 2767; x_wconf 85' lang='lat' dir='ltr'>Seytoun</span> <span class='ocrx_word' id='word_1_208' title='bbox 1522 2711 1618 2766; x_wconf 88' lang='lat' dir='ltr'>ejus</span> <span class='ocrx_word' id='word_1_209' title='bbox 1654 2725 1838 2767; x_wconf 89' lang='lat' dir='ltr'>sponsae</span> <span class='ocrx_word' id='word_1_210' title='bbox 1871 2743 1879 2755; x_wconf 94' lang='lat'>.</span> <span class='ocrx_word' id='word_1_211' title='bbox 1914 2713 2120 2757; x_wconf 88' lang='lat' dir='ltr'>Testibus</span> <span class='ocrx_word' id='word_1_212' title='bbox 2152 2718 2512 2761; x_wconf 84' lang='lat' dir='ltr'>reverendissimo</span> 
     </span>
     <span class='ocr_line' id='line_1_26' title="bbox 567 2790 2512 2851; baseline 0.004 -20"><span class='ocrx_word' id='word_1_213' title='bbox 567 2793 612 2832; x_wconf 92' lang='lat' dir='ltr'>in</span> <span class='ocrx_word' id='word_1_214' title='bbox 645 2790 818 2832; x_wconf 85' lang='lat' dir='ltr'>Christo</span> <span class='ocrx_word' id='word_1_215' title='bbox 852 2794 976 2846; x_wconf 83' lang='lat' dir='ltr'>patre</span> <span class='ocrx_word' id='word_1_216' title='bbox 1010 2790 1211 2832; x_wconf 64' lang='lat' dir='ltr'>,Iohanne</span> <span class='ocrx_word' id='word_1_217' title='bbox 1242 2791 1582 2847; x_wconf 90' lang='lat' dir='ltr'>Archiepiscopo</span> <span class='ocrx_word' id='word_1_218' title='bbox 1616 2792 1925 2835; x_wconf 81' lang='lat' dir='ltr'>Sanctiandree</span> <span class='ocrx_word' id='word_1_219' title='bbox 1957 2798 2039 2836; x_wconf 86' lang='lat' dir='ltr'>etc.</span> <span class='ocrx_word' id='word_1_220' title='bbox 2073 2793 2259 2851; x_wconf 86' lang='lat' dir='ltr'>Georgio</span> <span class='ocrx_word' id='word_1_221' title='bbox 2282 2797 2439 2839; x_wconf 89' lang='lat' dir='ltr'>comite</span> <span class='ocrx_word' id='word_1_222' title='bbox 2459 2798 2512 2838; x_wconf 91' lang='lat' dir='ltr'>de</span> 
     </span>
     <span class='ocr_line' id='line_1_27' title="bbox 568 2869 2510 2929; baseline 0.003 -17"><span class='ocrx_word' id='word_1_223' title='bbox 568 2870 752 2912; x_wconf 87' lang='lat' dir='ltr'>Huntlie</span> <span class='ocrx_word' id='word_1_224' title='bbox 788 2870 959 2911; x_wconf 87' lang='lat' dir='ltr'>domino</span> <span class='ocrx_word' id='word_1_225' title='bbox 997 2869 1201 2912; x_wconf 86' lang='lat' dir='ltr'>Gordoun</span> <span class='ocrx_word' id='word_1_226' title='bbox 1238 2874 1282 2912; x_wconf 88' lang='lat' dir='ltr'>et</span> <span class='ocrx_word' id='word_1_227' title='bbox 1318 2870 1575 2913; x_wconf 87' lang='lat' dir='ltr'>Badzenach</span> <span class='ocrx_word' id='word_1_228' title='bbox 1616 2871 1875 2915; x_wconf 85' lang='lat' dir='ltr'>cancellario</span> <span class='ocrx_word' id='word_1_229' title='bbox 1906 2873 2026 2929; x_wconf 89' lang='lat' dir='ltr'>regio</span> <span class='ocrx_word' id='word_1_230' title='bbox 2062 2873 2226 2917; x_wconf 87' lang='lat' dir='ltr'>Jacobo</span> <span class='ocrx_word' id='word_1_231' title='bbox 2262 2876 2418 2918; x_wconf 89' lang='lat' dir='ltr'>comite</span> <span class='ocrx_word' id='word_1_232' title='bbox 2458 2877 2510 2918; x_wconf 91' lang='lat' dir='ltr'>de</span> 
     </span>
     <span class='ocr_line' id='line_1_28' title="bbox 570 2949 2511 3008; baseline 0.004 -18"><span class='ocrx_word' id='word_1_233' title='bbox 570 2949 787 2991; x_wconf 86' lang='lat' dir='ltr'>Boithuile</span> <span class='ocrx_word' id='word_1_234' title='bbox 818 2949 990 2991; x_wconf 91' lang='lat' dir='ltr'>domino</span> <span class='ocrx_word' id='word_1_235' title='bbox 1021 2949 1152 2991; x_wconf 88' lang='lat' dir='ltr'>Halis</span> <span class='ocrx_word' id='word_1_236' title='bbox 1184 2949 1447 2993; x_wconf 81' lang='lat' dir='ltr'>Creichtoun</span> <span class='ocrx_word' id='word_1_237' title='bbox 1479 2954 1524 2993; x_wconf 91' lang='lat' dir='ltr'>et</span> <span class='ocrx_word' id='word_1_238' title='bbox 1554 2950 1811 2992; x_wconf 84' lang='lat' dir='ltr'>Liddisdaill</span> <span class='ocrx_word' id='word_1_239' title='bbox 1841 2953 1966 3007; x_wconf 83' lang='lat' dir='ltr'>regni</span> <span class='ocrx_word' id='word_1_240' title='bbox 1996 2966 2154 3008; x_wconf 88' lang='lat' dir='ltr'>magno</span> <span class='ocrx_word' id='word_1_241' title='bbox 2185 2953 2411 2997; x_wconf 86' lang='lat' dir='ltr'>admirallo</span> <span class='ocrx_word' id='word_1_242' title='bbox 2442 2956 2511 2997; x_wconf 90' lang='lat' dir='ltr'>his</span> 
     </span>
     <span class='ocr_line' id='line_1_29' title="bbox 569 3028 2510 3090; baseline 0.003 -20"><span class='ocrx_word' id='word_1_243' title='bbox 569 3029 856 3070; x_wconf 85' lang='lat' dir='ltr'>familiaribus</span> <span class='ocrx_word' id='word_1_244' title='bbox 872 3032 916 3070; x_wconf 91' lang='lat' dir='ltr'>et</span> <span class='ocrx_word' id='word_1_245' title='bbox 929 3028 1187 3071; x_wconf 86' lang='lat' dir='ltr'>consiliariis</span> <span class='ocrx_word' id='word_1_246' title='bbox 1200 3029 1333 3085; x_wconf 88' lang='lat' dir='ltr'>regiis</span> <span class='ocrx_word' id='word_1_247' title='bbox 1350 3029 1567 3071; x_wconf 87' lang='lat' dir='ltr'>Richardo</span> <span class='ocrx_word' id='word_1_248' title='bbox 1585 3029 1803 3071; x_wconf 86' lang='lat' dir='ltr'>Maitland</span> <span class='ocrx_word' id='word_1_249' title='bbox 1817 3029 1869 3070; x_wconf 90' lang='lat' dir='ltr'>de</span> <span class='ocrx_word' id='word_1_250' title='bbox 1884 3030 2181 3087; x_wconf 89' lang='lat' dir='ltr'>Lethingtoun</span> <span class='ocrx_word' id='word_1_251' title='bbox 2198 3034 2354 3076; x_wconf 88' lang='lat' dir='ltr'>secreti</span> <span class='ocrx_word' id='word_1_252' title='bbox 2378 3035 2510 3090; x_wconf 89' lang='lat' dir='ltr'>sigilli</span> 
     </span>
     <span class='ocr_line' id='line_1_30' title="bbox 571 3107 2510 3165; baseline 0.004 -15"><span class='ocrx_word' id='word_1_253' title='bbox 571 3108 748 3150; x_wconf 88' lang='lat' dir='ltr'>custode</span> <span class='ocrx_word' id='word_1_254' title='bbox 769 3110 814 3149; x_wconf 90' lang='lat' dir='ltr'>et</span> <span class='ocrx_word' id='word_1_255' title='bbox 833 3107 996 3150; x_wconf 83' lang='lat' dir='ltr'>Jacobo</span> <span class='ocrx_word' id='word_1_256' title='bbox 1019 3107 1224 3150; x_wconf 85' lang='lat' dir='ltr'>Balfoure</span> <span class='ocrx_word' id='word_1_257' title='bbox 1241 3108 1293 3150; x_wconf 88' lang='lat' dir='ltr'>de</span> <span class='ocrx_word' id='word_1_258' title='bbox 1316 3108 1612 3151; x_wconf 87' lang='lat' dir='ltr'>Pettindreich</span> <span class='ocrx_word' id='word_1_259' title='bbox 1631 3107 1876 3150; x_wconf 90' lang='lat' dir='ltr'>rotulorum</span> <span class='ocrx_word' id='word_1_260' title='bbox 1895 3110 2072 3165; x_wconf 84' lang='lat' dir='ltr'>registri</span> <span class='ocrx_word' id='word_1_261' title='bbox 2093 3125 2144 3154; x_wconf 85' lang='lat' dir='ltr'>ac</span> <span class='ocrx_word' id='word_1_262' title='bbox 2166 3112 2334 3155; x_wconf 85' lang='lat' dir='ltr'>consilii</span> <span class='ocrx_word' id='word_1_263' title='bbox 2355 3114 2510 3157; x_wconf 87' lang='lat' dir='ltr'>clerico</span> 
     </span>
     <span class='ocr_line' id='line_1_31' title="bbox 573 3186 1900 3243; baseline 0.001 -15"><span class='ocrx_word' id='word_1_264' title='bbox 573 3186 790 3242; x_wconf 89' lang='lat' dir='ltr'>equitibus</span> <span class='ocrx_word' id='word_1_265' title='bbox 812 3187 991 3238; x_wconf 84' lang='lat' dir='ltr'>auratis,</span> <span class='ocrx_word' id='word_1_266' title='bbox 1016 3188 1130 3243; x_wconf 86' lang='lat' dir='ltr'>apud</span> <span class='ocrx_word' id='word_1_267' title='bbox 1155 3187 1346 3243; x_wconf 87' lang='lat' dir='ltr'>Seytoun</span> <span class='ocrx_word' id='word_1_268' title='bbox 1379 3220 1388 3229; x_wconf 93' lang='lat'><strong>.</strong></span> <span class='ocrx_word' id='word_1_269' title='bbox 1424 3190 1475 3230; x_wconf 91' lang='lat'>18</span> <span class='ocrx_word' id='word_1_270' title='bbox 1498 3186 1726 3229; x_wconf 88' lang='lat' dir='ltr'>Februarii</span> <span class='ocrx_word' id='word_1_271' title='bbox 1750 3186 1857 3228; x_wconf 91' lang='lat'>1566</span> <span class='ocrx_word' id='word_1_272' title='bbox 1892 3220 1900 3229; x_wconf 88' lang='lat'><strong>.</strong></span> 
     </span>
    </p>
   </div>
  </div>
 </body>
</html>
