3022 3964
356 1729 498 1777 XVI.

1091 648 1382 704 OARTAE
1427 647 1927 705 ORIGINALES.
2398 649 2471 706 23

521 839 730 888 monium
754 838 966 903 presenti
990 843 1121 887 carte
1145 843 1307 888 nostre
1333 855 1550 903 magnum
1577 838 1782 902 sigillum
1806 842 2020 886 nostrum
2057 839 2232 902 apponi
2255 841 2466 903 precepi-

520 945 625 978 mus
662 965 672 976 .
710 928 932 978 Testibus
956 929 1217 977 reuerendo
1236 929 1284 976 in
1305 928 1498 978 Christo
1521 932 1659 993 patre
1677 928 1712 976 J
1715 928 1900 976 ohanne
1922 928 2162 991 Episcopo
2181 927 2466 992 Glasguensi

522 1017 806 1067 cancellario
828 1021 992 1067 nostro
1030 1047 1040 1056 ·
1076 1018 1110 1066 J
1114 1019 1299 1067 ohanne
1325 1018 1586 1067 Forestarii
1624 1017 1883 1066 camerario
1923 1046 1932 1055 -
1972 1017 2191 1066 Waltero
2215 1018 2274 1066 de
2300 1018 2467 1082 Ogilvy

521 1108 818 1157 thesaurario
841 1107 972 1171 regni
997 1107 1147 1157 nostri
1184 1107 1414 1156 militibus
1451 1135 1462 1146 ·
1496 1107 1735 1171 Magistro
1772 1106 2018 1155 Willelmo
2058 1107 2236 1171 Foulys
2271 1110 2467 1157 custode

522 1197 698 1261 priuati
733 1195 874 1260 sigilli
908 1197 1060 1245 nostri
1099 1224 1108 1234 ·
1146 1200 1196 1245 et
1231 1197 1458 1261 magistro
1493 1197 1688 1246 Thoma-
1713 1197 1771 1245 de
1809 1197 2070 1261 Myretoun
2106 1198 2286 1245 decano
2330 1197 2468 1247 Glas-

522 1287 686 1350 guensi
710 1287 836 1350 apud
874 1286 1020 1334 Perth
1056 1285 1320 1349 penultimo
1345 1287 1422 1334 die
1447 1285 1628 1350 Aprilis
1666 1314 1676 1326 ·
1715 1288 1854 1335 Anno
1890 1287 2020 1350 regni
2059 1287 2211 1335 nostri
2246 1288 2469 1336 vicesimo

523 1381 692 1440 quarto
730 1404 740 1413 ·
1908 1381 1911 1383 ’

526 1575 706 1626 Nicho9
733 1577 891 1624 Hefici
931 1606 940 1614 -

532 1703 739 1782 Pateat
764 1733 998 1783 uniuersis
1032 1750 1118 1797 per
1151 1737 1397 1797 presentes
1433 1749 1508 1781 me
1546 1732 1826 1781 Nicholaum
1864 1733 2010 1781 filium
2051 1733 2302 1802 [Henrici]
2342 1736 2470 1784 volu-

523 1824 616 1872 isse
640 1828 689 1871 et
713 1823 1002 1872 concessisse
1027 1822 1148 1871 velle
1172 1839 1230 1871 ac
1254 1823 1514 1871 concedere
1534 1824 1659 1887 quod
1681 1823 1992 1872 Reuerendus
2015 1828 2154 1887 pater
2177 1830 2225 1873 et
2251 1826 2467 1875 dominus

522 1929 654 1961 meus
676 1913 710 1960 J
715 1913 925 1961 ohannes
948 1912 1198 1976 episcopus
1223 1912 1560 1960 Brechinensis
1594 1912 1769 1960 habeat
1808 1916 1859 1960 et
1897 1916 2062 1961 teneat
2101 1930 2186 1978 pro
2223 1913 2360 1963 libito
2384 1932 2466 1963 sue

521 2002 781 2051 voluntatis
819 1996 906 2066 pro
944 2004 1050 2050 toto
1084 2006 1299 2065 tempore
1335 2001 1432 2049 vite
1467 2017 1550 2050 sue
1588 2017 1752 2050 omnes
1787 2005 1836 2050 et
1874 2002 2082 2065 singulas
2121 2004 2278 2052 curias
2309 2005 2467 2054 exitus

520 2093 775 2140 earundem
800 2095 850 2140 et
888 2091 1137 2140 eschaetas
1170 2090 1407 2154 bondagia
1444 2094 1494 2138 et
1530 2089 1626 2139 alia
1660 2091 1952 2155 quecumque
1977 2092 2179 2140 seruicia
2201 2091 2343 2141 solita
2366 2094 2466 2141 fieri

521 2182 743 2246 episcopo
769 2181 1077 2230 Brechinensi
1104 2185 1153 2228 et
1177 2179 1378 2229 ecclesie
1414 2180 1542 2228 Item
1567 2179 1723 2243 obligo
1747 2196 1824 2228 me
1846 2181 1907 2228 ad
1933 2183 2267 2230 remouen'dam
2291 2199 2463 2246 aquam

521 2289 551 2319 a
575 2272 704 2320 dicta
725 2275 856 2319 terra
878 2287 965 2320 sua
987 2275 1038 2319 et
1061 2269 1260 2319 ecclesie
1285 2274 1335 2318 et
1359 2273 1412 2318 ut
1434 2273 1650 2318 transeat
1673 2269 1871 2333 antiqua
1913 2269 1990 2318 via
2027 2274 2076 2319 et
2114 2275 2342 2320 consueta
2365 2273 2464 2321 sine

522 2362 727 2424 dampno
750 2365 800 2409 et
823 2360 1088 2409 vastatione
1113 2359 1326 2423 predicte
1349 2362 1477 2407 terre
1520 2360 1850 2423 quoquomodo
1890 2363 1940 2407 et
1977 2359 2067 2408 hoc
2095 2360 2251 2424 obligo
2286 2378 2360 2410 me
2395 2363 2466 2410 fa-

522 2465 628 2498 cere
671 2450 794 2498 iufra
831 2449 943 2496 hinc
984 2453 1034 2497 et
1070 2449 1245 2497 festum
1286 2448 1452 2497 Sancti
1493 2448 1529 2494 J
1532 2448 1732 2496 ohannis
1772 2448 2040 2511 proximum
2081 2450 2290 2498 futurum
2334 2452 2461 2499 Item

522 2538 677 2601 obligo
700 2554 775 2585 me
800 2539 912 2586 dare
937 2538 1066 2585 dicto
1091 2537 1281 2586 domino
1305 2553 1411 2586 meo
1437 2538 1676 2600 Episcopo
1711 2537 2020 2586 Brechinensi
2044 2537 2121 2586 vel
2142 2539 2244 2588 eius
2267 2541 2465 2604 deputa-

521 2628 586 2676 tis
607 2627 795 2675 literam
821 2626 998 2674 domini
1023 2627 1081 2674 de
1107 2625 1262 2674 Drom
1298 2641 1384 2674 suo
1419 2625 1573 2688 sigillo
1596 2625 1849 2688 sigillatam
1875 2627 2194 2674 continentem
2220 2628 2268 2676 in
2293 2629 2463 2678 effectu

523 2716 727 2780 qualiter
769 2716 925 2763 dictus
965 2714 1181 2762 dominus
1222 2716 1280 2761 de
1322 2713 1476 2762 Drom
1523 2714 1679 2777 quitat
1715 2719 1764 2762 et
1799 2714 1946 2762 libere
1987 2730 2169 2764 sursum
2206 2717 2289 2765 dat
2324 2733 2461 2766 omne

523 2806 752 2853 clameum
793 2805 917 2869 quod
958 2804 1103 2851 habet
1143 2802 1218 2850 vel
1256 2806 1416 2866 potest
1452 2803 1625 2850 habere
1660 2804 1722 2850 ad
1756 2803 2104 2866 impediendum
2141 2805 2462 2857 inhabitantes

524 2896 700 2944 dictam
726 2898 902 2942 terram
928 2894 986 2940 de
1011 2891 1276 2955 Straheyne
1311 2907 1371 2938 ne
1406 2891 1582 2939 vadant
1617 2892 1677 2938 ad
1713 2907 1890 2955 pascua
1913 2897 2141 2941 consueta
2164 2909 2269 2942 cum
2295 2895 2460 2946 bestiis

524 2985 622 3033 suis
655 3000 741 3048 per
776 2983 875 3031 vias
898 2985 1149 3030 consuetas
1187 3008 1196 3018 ·
1234 2981 1292 3027 de
1317 2980 1486 3043 quibus
1515 2980 1703 3043 pascuis
1740 2984 1790 3028 et
1829 2980 1905 3029 via
1945 2980 2118 3049 [nunc]
2165 2987 2238 3031 est
2273 2991 2459 3035 contro-

528 3073 682 3122 uersia
703 3073 829 3120 inter
853 3071 1007 3119 dictos
1044 3069 1282 3117 dominum
1320 3069 1379 3116 de
1419 3069 1569 3116 Droffi
1606 3073 1655 3117 et
1692 3069 1847 3118 dictos
1881 3070 2203 3123 inhabitantes
2227 3078 2276 3122 et
2302 3076 2457 3126 dictus

527 3163 742 3211 dominus
776 3159 974 3224 impedit
1010 3163 1059 3206 et
1095 3162 1239 3206 vexat
1276 3173 1362 3221 per
1388 3157 1751 3206 arrestationem
1786 3159 2046 3208 bestiarum
2081 3167 2130 3210 et
2166 3163 2285 3212 alias
2309 3165 2461 3215 dictos

526 3252 847 3300 inhabitantes
870 3265 930 3296 ne
953 3249 1129 3296 vadant
1164 3248 1225 3295 ad
1261 3262 1440 3311 pascua
1463 3250 1692 3295 consueta
1715 3248 1841 3310 quod
1866 3247 2251 3311 impedimentum
2277 3257 2326 3301 et
2350 3238 2462 3303 veir-

526 3342 735 3391 ationem
757 3337 923 3388 tollam
947 3353 1032 3401 per
1046 3336 1242 3384 literam
1266 3335 1383 3383 dicti
1407 3335 1584 3384 domini
1620 3336 1678 3383 de
1715 3335 1865 3384 Dror'r’r
1889 3337 2092 3385 dandam
2119 3339 2246 3388 dicto
2271 3342 2460 3393 domino
