3016 3958
502 638 614 692 314
992 636 1312 693 CARTAE
1351 635 1982 692 MISCELLANEAE.

509 816 561 857 de
582 816 707 859 nobis
723 819 769 858 et
791 816 1111 859 successoribus
1131 815 1294 858 nostris
1314 816 1359 857 in
1380 815 1518 858 libera.
1537 814 1638 857 alba
1658 815 1786 857 firma.
1805 828 1916 870 pura,
1935 817 1982 857 et
2001 817 2213 871 perpetua.
2228 800 2458 859 elimosina

512 899 556 937 et
578 896 631 937 ad
653 909 828 938 manum
849 899 1064 938 mortuam
1096 896 1141 937 in
1162 895 1287 938 feodo
1309 899 1354 938 et
1372 895 1613 938 hereditate
1633 895 1950 951 imperpetuum
1981 926 1990 937 .
2023 926 2032 937 .
2066 925 2076 937 .
2108 894 2343 939 Reddendo
2362 896 2462 938 inde

514 977 738 1018 annuatim
772 1009 781 1018 .
817 1007 827 1018 .
859 1009 868 1018 .
900 976 1025 1018 nobis
1064 979 1108 1018 et
1150 975 1470 1018 successoribus
1510 975 1674 1017 nostris
1714 989 1848 1017 unum
1888 974 2115 1017 denarium
2154 979 2327 1018 monete
2359 1008 2369 1018 .
2403 1009 2412 1018 .
2447 1010 2455 1017 .

519 1056 675 1098 Scotie'
694 1089 703 1098 .
736 1088 745 1097 .
780 1089 789 1098 .
821 1056 991 1098 nomine
1013 1055 1110 1098 albe
1127 1056 1249 1097 firme
1271 1055 1309 1097 si
1328 1058 1503 1111 petatur
1522 1057 1695 1097 tantum
1716 1068 1902 1097 unacum
1919 1053 2141 1111 suffragiis
2162 1057 2206 1097 et
2225 1055 2426 1111 precibus
2448 1089 2457 1097 .

519 1136 571 1176 ln
594 1136 716 1177 cuius
736 1135 799 1177 rei
820 1135 1116 1177 testimonium
1148 1135 1248 1176 huic
1278 1134 1471 1190 presenti
1501 1137 1619 1176 carte
1650 1137 1799 1176 nostre
1820 1147 2027 1190 magnum
2050 1133 2243 1190 sigillum
2262 1138 2463 1177 nostrum

519 1216 678 1271 apponi
720 1216 989 1272 precepimus
1035 1215 1239 1257 Testibus
1274 1214 1521 1271 predilectis
1556 1215 1720 1257 nostris
1756 1214 2092 1270 consanguineis
2125 1217 2170 1257 et
2205 1215 2465 1257 consiliariis

522 1296 549 1337 J
553 1298 686 1338 acobo
709 1294 960 1338 Marchione
991 1296 1043 1337 de
1074 1294 1380 1337 Hammiltoun
1413 1295 1569 1337 comite
1601 1294 1789 1337 Arranie
1820 1294 1994 1337 domino
2021 1293 2145 1336 Even
2176 1297 2258 1337 etc.
2281 1293 2467 1351 Georgio

524 1375 766 1417 Mariscalli
788 1376 945 1418 comite
968 1375 1141 1417 domino
1164 1375 1301 1417 Keith
1324 1379 1404 1417 etc.
1435 1374 1559 1431 regni
1582 1374 1722 1416 nostri
1752 1374 2014 1426 mariscallo,
2042 1373 2292 1417 Alexandro
2313 1375 2470 1417 comite

524 1455 576 1495 de
600 1454 945 1511 Dumfermeling
975 1454 1149 1497 domino
1180 1454 1314 1511 Fyvie
1346 1457 1424 1496 etc.
1458 1453 1716 1496 cancellario
1743 1457 1910 1504 nostro,
1931 1454 2101 1497 dilectis
2121 1455 2283 1497 nostris
2312 1455 2471 1497 famili·

527 1535 674 1576 aribus
696 1535 959 1576 consiliariis
996 1534 1162 1576 Jacobo
1200 1534 1374 1576 domino
1408 1533 1712 1576 Balmerinoch
1740 1538 1821 1576 etc.
1847 1537 1997 1576 nostro
2023 1534 2277 1585 secretario,
2298 1534 2472 1577 domino

528 1614 714 1656 Ricardo
738 1614 968 1656 Cokburne
985 1615 1159 1669 juniore
1189 1614 1243 1656 de
1273 1613 1591 1670 Clerkingtoun
1615 1613 1754 1656 milite
1774 1614 1913 1656 nostri
1941 1614 2096 1656 secreti
2118 1613 2250 1670 sigilli
2276 1614 2468 1663 custode,

530 1694 742 1749 magistro
764 1694 791 1735 J
796 1695 929 1736 acobo
954 1693 1096 1736 Skene
1120 1698 1369 1736 nostrorum
1390 1693 1632 1736 rotulorum
1654 1693 1829 1749 registri
1848 1706 1899 1735 ac
1919 1693 2088 1735 consilii
2109 1693 2278 1743 elerico,
2300 1694 2474 1736 domino

532 1773 559 1813 J
563 1774 732 1814 ohanne
763 1772 993 1814 Cokburne
1026 1773 1078 1814 de
1102 1772 1364 1815 Ormestoun
1394 1772 1532 1815 milite
1562 1775 1711 1814 nostre
1735 1772 1977 1828 justiciarie
2008 1772 2177 1823 clerico,
2198 1777 2244 1816 et
2262 1774 2473 1830 magistro

532 1852 754 1894 Willelmo
779 1851 902 1894 Scott
921 1852 973 1893 de
990 1852 1086 1894 Elie
1107 1855 1255 1894 nostre
1277 1851 1532 1894 cancellarie
1562 1851 1789 1902 directore,
1812 1851 1928 1908 apud
1947 1851 2204 1908 Edinburgh
2225 1856 2380 1908 quarto
2401 1854 2470 1895 die

531 1931 692 1972 mensis
712 1931 741 1972 J
747 1931 838 1972 unii
858 1945 972 1973 anno
994 1930 1169 1972 Domini
1198 1930 1429 1973 millesimo
1460 1931 1775 1974 sexcentesimo
1807 1934 1931 1974 sexto
1960 1945 2280 1988 regnorumque
2300 1935 2472 1974 nostro-

533 2025 628 2051 rum
651 2010 776 2052 annis
799 2010 1018 2052 tricesimo
1039 2025 1153 2053 nono
1175 2014 1220 2053 et
1239 2014 1409 2066 quarto.

1356 2250 1615 2293 DUNDEE
1646 2282 1655 2293 .

537 2410 800 2453 Protestatio
821 2411 949 2467 burgi
969 2410 1022 2452 de
1044 2410 1200 2452 Dunde
1221 2414 1373 2453 contra
1392 2410 1622 2467 privilegia
1644 2409 1825 2452 Civitati
1846 2408 2132 2452 Breohinensi
2152 2422 2357 2451 concessa,
2388 2440 2399 2451 .

226 2568 511 2610 (CLXXVI.
537 2556 598 2609 In
621 2569 791 2611 nomine
815 2568 991 2611 Domini
1012 2583 1138 2611 amen
1170 2600 1179 2611 .
1213 2570 1341 2611 Anno
1361 2569 1673 2611 incarnationis
1693 2568 1906 2611 dominice
1927 2567 2169 2611 millesimo*
2189 2568 2479 2625 quadringen-

542 2650 694 2691 tesimo
731 2648 1088 2704 quinquagesimo
1123 2648 1263 2704 primo
1295 2678 1305 2689 .
1338 2680 1348 2688 .
1382 2680 1392 2690 .
1424 2648 1587 2690 mensis
1621 2662 1724 2690 vero
1761 2647 1962 2690 Januarii
1997 2647 2067 2689 die
2102 2647 2259 2690 ultima
2291 2680 2300 2691 .
2332 2680 2343 2691 .
2376 2680 2386 2691 .
2424 2649 2477 2690 In

539 2728 637 2769 meii
659 2727 816 2770 notarii
838 2728 999 2783 publici
1021 2732 1064 2770 et
1084 2730 1262 2771 testium
1290 2728 1630 2784 subscriptorum
1661 2729 1883 2784 presentia
1906 2728 2196 2784 personaliter
2215 2729 2478 2771 constitutus

539 2806 794 2848 venerabilis
830 2807 897 2847 vir
931 2807 1141 2863 magister
1180 2807 1404 2850 Johannes
1438 2807 1654 2850 Willelmi
1689 2807 1885 2850 officialis
1921 2792 2226 2849 Brechinensis
2260 2808 2477 2863 quandam

538 2889 699 2927 cartam
724 2899 879 2941 magno
909 2886 1052 2942 sigillo
1085 2887 1203 2942 regio
1236 2919 1244 2929 .
1279 2919 1287 2929 .
1321 2918 1330 2929 .
1365 2886 1601 2943 sigillatam
1633 2919 1642 2929 .
1676 2919 1685 2929 .
1719 2919 1729 2928 .
1761 2890 1808 2930 et
1834 2901 1966 2928 unam
1996 2886 2127 2928 aliam
2157 2885 2329 2929 literam
2356 2887 2478 2942 papi-

538 2979 655 3006 ream
678 2965 869 3006 eiusdem
891 2966 1053 3007 domini
1078 2967 1218 3009 nostri
1250 2966 1384 3022 Regis
1415 2967 1586 3023 signeto
1619 2997 1629 3007 .
1661 2998 1670 3008 .
1705 2997 1716 3009 .
1748 2965 1965 3022 signatam
1986 2979 2132 3008 coram
2151 2965 2478 3008 honorabilibus

539 3044 643 3085 viris
674 3043 875 3085 videlicet
903 3044 1127 3087 Willelmo
1159 3045 1210 3086 de
1243 3044 1490 3088 Oranstoun
1521 3049 1566 3087 et
1595 3044 1846 3086 Alexandro
1877 3044 1931 3085 de
1965 3043 2227 3086 Creichtoun
2256 3044 2477 3100 deputatis

539 3122 695 3163 nobilis
718 3122 798 3163 viri
819 3122 980 3163 domini
1001 3123 1029 3164 J
1032 3125 1154 3166 acobi
1174 3125 1226 3166 de
1249 3124 1511 3166 Creichtoun
1531 3122 1694 3165 domini
1713 3123 1767 3164 de
1787 3122 2059 3164 Frendracht
2078 3122 2229 3165 militis
2249 3125 2476 3167 camerarii

542 3203 683 3244 Scotie
704 3202 750 3242 in
773 3202 964 3257 pretorio
987 3203 1112 3259 burgi
1133 3203 1185 3244 de
1207 3202 1362 3245 Dunde
1383 3218 1462 3259 pro
1481 3201 1690 3245 tribunali
1714 3201 2170 3244 sedentibusdiscreto
2192 3202 2284 3244 viro
2304 3203 2477 3246 domino

540 3282 703 3324 Jacobo
738 3281 870 3323 Steile
901 3283 1116 3337 presbitro
1146 3283 1324 3326 tradidit
1354 3282 1654 3339 perlegendas,
1686 3281 1809 3324 cuius
1839 3295 1942 3323 vero
1977 3285 2095 3324 carte
2125 3286 2253 3325 tenor
2282 3286 2480 3339 sequitur

541 3395 549 3402 .
586 3393 592 3403 .
627 3394 635 3402 .
669 3361 859 3403 Jacobus
886 3359 967 3402 Dei
996 3362 1140 3417 gratia
1170 3362 1264 3404 Rex
1295 3363 1523 3405 Scotorum
1557 3361 1645 3419 [etc
1670 3361 1767 3403 vide
1796 3361 1880 3403 No.
1909 3359 1986 3417 82]
2023 3360 2168 3403 Tenor
2197 3375 2299 3405 vero
2329 3363 2474 3406 littere
