3016 3958
1150 636 1443 692 CARTAE
1491 636 1994 693 ORIGINALES.
2435 642 2544 695 229

590 826 624 872 J
629 823 765 874 acobi
788 827 1051 891 Dempster
1075 828 1134 874 de
1161 828 1344 876 Nether
1363 828 1672 891 Inglismadie
1696 828 1885 876 futurae
1910 844 2110 892 sponsae
2136 828 2283 891 ipsius
2308 828 2558 878 Richardi

593 914 837 978 Chepman
876 932 1034 964 coram
1072 916 1146 965 his
1183 917 1390 966 testibus
1419 917 1636 965 Robcrto
1663 917 1883 980 Kynneir
1907 916 2082 965 ballivo
2118 916 2306 965 Jacobo
2342 917 2537 980 Thayne

1431 1005 1712 1055 Alexandro
1738 1005 1896 1055 Leslie
1921 1005 2148 1054 officiario
2174 1006 2330 1053 David
2364 1007 2540 1070 Demp-

591 1098 691 1142 ster
746 1094 846 1143 cive
906 1095 1081 1142 ibidem
1124 1099 1174 1143 et
1216 1096 1442 1158 magistro
1485 1096 1642 1143 David
1687 1095 1826 1145 Essie
1866 1096 1924 1143 de
1965 1096 2209 1144 Mvirtoun
2248 1124 2258 1134 ·
2298 1095 2539 1144 Willelmo

592 1185 803 1248 Ramsay
828 1184 1203 1233 Sanctiandreae
1230 1184 1504 1234 dioeceseos
1528 1184 1718 1233 notario
1756 1213 1766 1222 ·
1807 1186 1866 1231 11
1893 1184 1927 1231 J
1932 1185 2115 1232 anuarii
2147 1185 2270 1232 1591
2313 1213 2323 1221 ·

323 1451 563 1499 CLVIII.
600 1419 996 1500 Instrumentum
1021 1451 1226 1500 saisinae
1249 1451 1460 1499 traditae
1484 1467 1571 1515 per
1596 1450 1878 1499 Mathaeum
1903 1450 2163 1515 Dempster
2186 1454 2336 1501 civem
2363 1453 2539 1502 Civita-

589 1541 653 1589 tis
678 1541 1015 1589 Brechinensis
1039 1541 1251 1589 'rhomae
1278 1541 1396 1589 Low
1421 1540 1512 1588 civi
1537 1540 1748 1602 ejusdem
1775 1540 1999 1589 Civitatis
2023 1546 2072 1589 et
2099 1541 2333 1590 Cristinae
2360 1544 2539 1591 Burnet

590 1631 691 1692 ejus
709 1646 911 1694 sponsae
931 1646 1190 1694 eorumque
1210 1629 1351 1678 alteri
1373 1629 1552 1678 diutius
1571 1629 1748 1678 viventi
1773 1630 1821 1677 in
1847 1631 2098 1692 conjuncta
2117 1631 2436 1680 infeodatione
2463 1651 2543 1697 pe-

589 1721 687 1769 tiae
702 1725 861 1769 terrae
879 1724 1043 1769 vastae
1064 1719 1384 1785 [adjacentis]
1402 1719 1471 1766 illi
1488 1723 1765 1767 tenemento
1791 1720 1915 1783 quod
1932 1724 2150 1768 vocatum
2178 1726 2250 1769 est
2270 1723 2327 1770 de
2347 1723 2540 1786 antiquo

590 1810 773 1859 mansio
799 1810 1056 1859 subdecani
1081 1825 1208 1858 nunc
1231 1810 1266 1857 J
1270 1809 1411 1858 oanni
1432 1809 1735 1858 Thomesoun
1755 1813 1804 1857 et
1822 1809 1856 1856 J
1860 1810 2002 1857 oanni
2029 1809 2197 1874 Craige
2218 1812 2264 1858 in
2284 1812 2542 1860 feodifirma

588 1899 748 1949 locato
766 1899 976 1962 jacentis
1000 1899 1123 1947 infra
1149 1899 1325 1947 dictam
1347 1898 1607 1946 Civitatem
1632 1898 1681 1945 in
1708 1897 1892 1947 venella
1916 1903 2088 1948 vocata
2110 1900 2193 1948 the
2221 1901 2391 1950 Nethir
2416 1902 2540 1949 Kirk

594 1990 757 2053 Wynd
777 2006 839 2037 ex
857 1988 1057 2038 australi
1075 1988 1228 2037 latere
1247 1989 1460 2051 ejusdem
1480 1987 1694 2037 venellae
1720 2004 1843 2052 quac
1868 1989 2000 2052 petia
2023 1992 2181 2038 terrae
2209 1994 2371 2038 vastae
2396 1990 2539 2038 habet

594 2079 710 2128 illud
737 2079 985 2128 dimidium
1023 2078 1287 2127 tenementi
1325 2078 1560 2127 antedicti
1598 2093 1723 2125 nunc
1759 2077 1889 2126 dicto
1924 2078 2103 2126 Joanni
2130 2078 2299 2142 Craige
2324 2084 2544 2142 spectans

595 2171 655 2218 ad
699 2169 921 2218 occidens
964 2169 1141 2217 dictam
1190 2166 1421 2217 venellam
1465 2168 1526 2215 ad
1569 2167 1763 2215 boream
1805 2170 1855 2215 et
1895 2168 2053 2216 oriens
2094 2172 2143 2215 et
2190 2168 2378 2216 hortum
2428 2170 2543 2217 dicti

594 2260 628 2306 J
633 2259 799 2307 oannis
841 2258 1011 2322 Craige
1053 2259 1115 2306 ad
1157 2261 1372 2306 austrum
1415 2273 1524 2305 cum
1565 2256 1761 2305 dimidio
1802 2256 2048 2306 orientalis
2088 2257 2247 2320 gabuli
2285 2257 2420 2321 vulgo
2461 2259 2541 2306 the

596 2347 755 2412 gawill
793 2349 950 2397 dictae
990 2347 1304 2396 dimidietatis
1341 2347 1604 2395 tenementi
1642 2362 1750 2394 cum
1787 2350 2029 2410 potestate
2067 2347 2346 2395 aedificandi
2389 2349 2450 2394 ad
2492 2352 2541 2395 et

599 2456 741 2503 super
764 2439 942 2487 dictum
969 2437 1202 2487 orientale
1220 2436 1444 2502 gabulum
1463 2453 1474 2493 ;
1498 2436 1735 2485 tenendae
1753 2436 1810 2484 de
1827 2436 1956 2483 dicto
1975 2436 2204 2483 Mathaeo
2219 2435 2267 2482 in
2282 2436 2542 2484 feodifirma

600 2532 650 2576 et
695 2529 994 2576 haereditate
1041 2528 1389 2592 imperpetuum
1431 2542 1517 2590 pro
1562 2525 1798 2575 solutione
1846 2525 2090 2573 annuatim
2140 2540 2349 2573 summae
2395 2525 2538 2573 trium

600 2618 827 2666 librarum
866 2633 953 2667 sex
990 2617 1248 2667 solidorum
1289 2620 1338 2665 et
1377 2619 1487 2665 octo
1526 2614 1823 2663 denariorum
1861 2618 2080 2662 monetae
2124 2613 2314 2661 Scotiae
2353 2615 2539 2662 nomine

602 2708 892 2756 feodifirmae
931 2737 941 2747 ·
979 2707 1204 2757 Testibus
1221 2707 1255 2754 J
1260 2706 1409 2755 acobo
1435 2707 1473 2753 T
1477 2705 1617 2753 haine
1630 2704 1665 2752 J
1668 2720 1819 2752 oanne
1840 2702 2008 2766 Craige
2030 2702 2209 2750 civibus
2234 2703 2389 2750 dictae
2417 2702 2541 2750 Civi-

602 2798 721 2846 tatis
746 2797 980 2861 Magistro
1006 2796 1283 2845 Alexandro
1310 2797 1525 2858 Ramsay
1543 2794 1638 2842 filio
1657 2793 1891 2858 quondam
1919 2792 2139 2855 Magistri
2165 2792 2374 2840 Thomac
2396 2792 2543 2839 Ram-

604 2903 689 2950 say
722 2887 1047 2937 commissario
1086 2885 1399 2935 Brechinensi
1439 2883 1643 2932 Niniano
1684 2881 1786 2929 Hill
1822 2881 1956 2930 fabro
1993 2880 2192 2943 lignario
2231 2881 2458 2944 burgense
2484 2882 2541 2928 de

606 2977 847 3026 Montrois
886 3005 895 3014 ·
932 2978 967 3025 J
971 2992 1123 3026 oanne
1151 2976 1365 3038 Ramsay
1390 2973 1761 3022 Sanctiandreae
1787 2970 2058 3019 dioeceseos
2081 2969 2267 3018 notario
2306 2998 2315 3007 ·
2355 2969 2383 3018 7
2407 2969 2440 3016 J
2446 2970 2541 3016 unii

607 3067 739 3115 1592
779 3095 789 3105 -
