3016 3958
1104 645 1109 649 ·
1133 613 1425 670 OARTAE
1472 612 1970 670 ORIGINALES.
2456 611 2527 666 65

573 802 674 850 sine
697 806 891 851 tenente
915 805 1271 868 protestabatur
1293 806 1400 854 ideo
1425 806 1550 870 quod
1574 821 1667 853 non
1703 804 1908 852 debebat
1943 819 2097 867 neque
2133 802 2321 852 volebat
2355 807 2517 850 tenere

573 891 749 940 dictam
774 892 932 942 villam
958 895 1006 942 in
1031 895 1247 944 manibus
1270 895 1367 944 suis
1400 895 1501 944 sine
1524 898 1719 943 tenente
1746 896 1994 941 vacantem
2019 892 2131 956 quia
2154 892 2244 940 hoc
2269 896 2394 940 esset
2430 891 2519 940 sibi

572 998 790 1046 magnum
839 985 1092 1048 dampnum
1131 1013 1141 1022 ·
1180 985 1299 1033 Ideo
1334 985 1392 1032 de
1428 983 1730 1033 assedatione
1778 982 1989 1031 eiusdem
2037 982 2174 1046 quasi
2211 981 2517 1030 concordauit

572 1087 678 1119 cum
716 1072 862 1120 nobili
900 1073 1000 1121 viro
1041 1073 1322 1122 Alexandro
1362 1075 1420 1122 de
1460 1073 1759 1121 Craumonde
1793 1071 1984 1120 domino
2020 1072 2079 1119 de
2118 1071 2389 1134 Melgunde‚
2426 1087 2518 1134 quo
2614 1084 2618 1089 ·

571 1178 663 1209 non
689 1162 908 1210 obstante
933 1163 973 1211 si
1002 1163 1158 1212 dictus
1183 1163 1422 1212 Patricius
1445 1163 1617 1211 bonum
1637 1163 1717 1225 jus
1739 1161 2057 1211 assedationis
2082 1162 2358 1210 ostenderet
2382 1161 2517 1208 fieret

570 1250 659 1297 sibi
677 1250 868 1312 justitia
903 1256 952 1300 et
986 1252 1184 1300 haberet
1221 1253 1346 1316 quod
1375 1253 1568 1315 justitia
1602 1251 1867 1316 postularet
1906 1279 1916 1289 ·
1955 1252 2021 1299 Et
2046 1249 2158 1315 quia
2181 1251 2338 1298 dictus
2363 1250 2517 1298 Patri-

569 1339 670 1388 cius
693 1339 844 1388 noluit
869 1340 1048 1405 aliquid
1073 1342 1325 1390 ostendere
1350 1345 1399 1390 et
1426 1341 1735 1390 dubitabatur
1758 1341 1883 1404 quod
1908 1344 2024 1388 tunc
2047 1343 2238 1404 tempus
2261 1344 2365 1387 erat
2390 1338 2517 1387 clau-

567 1445 669 1477 sum
709 1430 817 1477 ideo
852 1431 913 1478 ad
952 1431 1326 1479 conuincendam
1364 1447 1500 1480 suam
1525 1430 1758 1479 malitiam
1783 1434 1832 1478 et
1858 1430 1907 1477 in
1930 1433 2177 1493 posterum
2204 1428 2510 1477 rebellionem

567 1519 726 1568 dictus
749 1521 1036 1568 reuerendus
1058 1525 1196 1584 pater
1219 1521 1310 1570 sibi
1331 1525 1380 1569 et
1402 1522 1679 1584 cuicumque
1699 1519 1839 1568 alteri
1862 1520 2123 1583 assignauit
2149 1519 2362 1583 quintam
2389 1519 2513 1566 diem

568 1608 789 1658 Octobris
812 1610 1029 1673 proximo
1052 1610 1201 1658 futuri
1226 1610 1274 1658 in
1299 1626 1393 1674 qua
1428 1610 1504 1658 die
1540 1610 1748 1658 tenenda
1773 1613 1877 1657 erat
1902 1609 2034 1657 curia
2057 1608 2279 1672 capitalis
2303 1608 2513 1656 eiusdem

566 1699 774 1763 episcopi
798 1701 923 1763 apud
951 1699 1157 1747 Brechin
1183 1701 1231 1747 in
1257 1715 1351 1763 qua
1374 1700 1508 1747 curia
1532 1699 1690 1748 dictus
1716 1698 1954 1747 Patricius
1989 1703 2038 1747 et
2074 1698 2356 1762 quicumque
2391 1697 2515 1746 alter

565 1789 838 1837 ostenderet
862 1788 1068 1837 finaliter
1106 1794 1156 1837 et
1194 1789 1512 1853 peremptorie
1551 1789 1592 1838 si
1632 1790 1758 1853 quod
1792 1789 1874 1850 jus
1897 1788 2214 1837 assedationis
2239 1788 2366 1836 dicte
2401 1787 2511 1835 ville

565 1879 624 1926 de
651 1878 939 1942 Maryntoun
966 1879 1208 1935 haberent,
1234 1878 1446 1943 alioquin
1471 1879 1587 1944 ipsis
1611 1895 1705 1927 non
1730 1878 2117 1942 comparentibus
2139 1878 2215 1927 vel
2238 1878 2413 1927 bonum
2431 1878 2511 1940 jus

563 1969 877 2017 assedationis
900 1970 961 2016 ad
987 1969 1163 2016 dictam
1190 1968 1348 2017 villam
1375 1969 1433 2016 de
1460 1969 1754 2032 Maryntoun
1778 1985 1871 2016 non
1897 1967 2258 2016 ostendentibus
2282 1967 2412 2016 dicta
2435 1967 2512 2014 die

562 2063 612 2106 et
650 2059 696 2106 in
735 2058 923 2122 prefata
961 2058 1092 2106 curia
1129 2057 1324 2122 capitali
1349 2058 1707 2122 protestabatur
1743 2058 1899 2106 dictus
1934 2057 2221 2106 reuerendus
2255 2061 2392 2120 pater
2415 2073 2513 2104 am-

561 2148 685 2212 plius
725 2148 1073 2197 assedationem
1122 2148 1248 2196 dicte
1293 2147 1401 2196 ville
1446 2164 1540 2196 non
1585 2147 1772 2195 differre
1815 2148 1897 2195 sed
1941 2146 2072 2195 dicto
2115 2146 2390 2194 Alexandro
2438 2145 2511 2193 vel

561 2237 701 2286 alteri
725 2254 830 2286 cum
870 2254 962 2302 quo
1000 2238 1150 2301 possit
1189 2239 1476 2286 concordare
1514 2237 1721 2286 finaliter
1759 2241 1809 2285 vt
1847 2236 1938 2286 sibi
1975 2235 2216 2284 videbitur
2239 2236 2459 2284 assedare
2499 2263 2507 2272 -

563 2327 639 2375 De
664 2332 713 2375 et
737 2343 878 2391 super
901 2327 1070 2391 quibus
1095 2328 1312 2375 omnibus
1351 2331 1400 2376 et
1439 2326 1635 2390 singulis
1673 2326 1830 2375 dictus
1854 2326 2140 2374 reuerendus
2161 2329 2300 2390 pater
2323 2341 2352 2372 a
2375 2325 2510 2373 nobis

563 2416 762 2465 notariis
776 2416 978 2480 publicis
1002 2416 1092 2465 sibi
1109 2417 1210 2464 fieri
1228 2416 1370 2480 petiit
1391 2416 1632 2480 publicum
1651 2417 2017 2465 instrumentum
2033 2414 2108 2462 vel
2126 2414 2319 2478 publica
2338 2413 2510 2462 iustru-

563 2509 724 2553 menta
761 2533 771 2545 ·
809 2506 936 2554 Acta
971 2507 1163 2554 fuerunt
1204 2506 1293 2554 hec
1331 2507 1457 2570 apud
1496 2506 1743 2554 ciuitatem
1781 2505 2149 2553 Brechinensem
2175 2503 2224 2550 in
2248 2501 2357 2550 aula
2391 2503 2507 2549 dicti

563 2595 809 2642 reuerendi
856 2595 1008 2658 patris
1048 2611 1171 2642 anno
1212 2611 1374 2644 mense
1415 2623 1424 2633 ·
1464 2623 1474 2633 ⁴
1514 2623 1524 2633 ·
1561 2595 1732 2659 quibus
1778 2610 1921 2658 supra
1958 2622 1968 2632 ·
2006 2592 2314 2641 Presentibus
2360 2591 2506 2640 nobili

564 2684 664 2732 viro
701 2684 862 2732 Dauid
906 2683 1205 2732 Walterston
1253 2685 1312 2732 de
1361 2685 1542 2739 eodem,
1583 2683 1616 2730 J
1622 2684 1806 2732 ohanne
1850 2683 2021 2738 Bouer,
2065 2681 2271 2744 Symone
2319 2680 2506 2736 Clerici,

565 2774 750 2822 Thoma
775 2773 1024 2822 Crannoch
1051 2777 1100 2821 et
1126 2772 1347 2822 Gilberto
1372 2773 1603 2836 Fermory
1627 2788 1733 2821 cum
1760 2771 1925 2820 multis
1948 2771 2056 2819 aliis
2095 2798 2104 2807 ·
2144 2799 2153 2808 ·
2194 2798 2204 2807 ·

634 2865 700 2911 Et
727 2864 829 2926 Ego
854 2862 1130 2910 Alexander
1155 2863 1334 2910 Thome
1360 2861 1602 2910 Presbiter
1626 2861 1961 2910 Brechinensis
1999 2889 2008 2898 ·
2048 2888 2058 2898 ·
2098 2888 2108 2898 -
2145 2860 2359 2907 notarius
2396 2888 2405 2897 ·
2446 2889 2454 2897 -

636 2953 703 3000 Et
729 2952 832 3015 Ego
855 2953 888 2999 J
894 2953 1103 3001 ohannes
1128 2951 1282 3015 Steyll
1322 2951 1578 3015 Presbyter
1602 2949 1958 2999 Dunkeldensis
1996 2978 2005 2987 -
2046 2978 2055 2987 ·
2096 2977 2104 2986 ·
2143 2949 2358 2996 notarius
2397 2977 2405 2985 ·
2446 2978 2455 2986 ·
