3016 3958
532 660 641 713 140
1137 660 1427 716 CARTAE
1473 659 1967 716 ORIGINALES.

534 939 863 988 Procuratorie
888 942 941 988 of
957 955 1017 1003 ye
1044 939 1279 1002 Bischope
1303 941 1396 987 and
1423 937 1667 1003 Cheptour
1704 967 1713 976 ·

266 1110 507 1159 LXXIX.
540 1082 621 1164 In
645 1117 832 1165 nomine
859 1117 1055 1165 Domini
1094 1146 1104 1155 ·
1144 1145 1153 1155 ·
1193 1146 1202 1155 ·
1240 1122 1404 1181 pateat
1429 1118 1676 1165 euidenter
1699 1118 1822 1181 quod
1848 1133 1972 1165 anno
1997 1118 2346 1166 Incarnationis
2370 1118 2467 1166 Do-

530 1206 701 1254 minice
725 1205 974 1255 millesimo
998 1206 1458 1270 quadringentesimo
1483 1207 1786 1269 nonagesimo
1809 1207 2014 1270 septimo
2039 1207 2212 1255 mensis
2229 1208 2262 1254 J
2268 1207 2364 1254 unii
2390 1208 2465 1255 die

532 1295 654 1357 xxij⁰
677 1295 946 1344 Indictione
971 1299 1065 1343 xv*⁸
1090 1296 1401 1344 Pontificatus
1427 1324 1437 1334 ·
1477 1324 1487 1333 -
1526 1324 1536 1334 ·
1563 1295 1826 1344 Alexandri
1850 1312 1971 1360 pape
1997 1296 2134 1344 Sexti
2159 1313 2282 1344 anno
2300 1297 2465 1360 quinto

533 1413 541 1421 ·
584 1413 592 1421 ·
633 1412 642 1422 ·
681 1383 993 1448 personaliter
1021 1385 1271 1433 constituti
1298 1374 1610 1434 Reuerendds
1633 1389 1682 1433 et
1707 1385 1755 1432 in
1781 1385 1850 1432 Xo
1871 1390 2009 1449 pater
2047 1414 2056 1423 ·
2097 1414 2106 1423 ·
2146 1414 2156 1423 -
2195 1385 2466 1434 Willelmus

531 1503 539 1512 -
584 1502 593 1511 ·
633 1502 642 1511 ·
682 1474 947 1538 Episcopus
986 1473 1320 1522 Brechinensis
1358 1465 1582 1522 Decanus
1617 1480 1667 1522 et
1692 1474 1964 1537 Capitulum
2002 1475 2211 1523 eiusdem
2250 1474 2464 1522 fecerunt

580 1592 590 1601 ·
630 1591 640 1600 ·
677 1567 726 1611 et
751 1564 970 1611 ordinant
989 1561 1281 1610 venerabiles
1306 1566 1354 1610 et
1379 1564 1591 1625 egregios
1609 1562 1866 1626 Magistros
1887 1563 2147 1610 Henricum
2168 1563 2463 1611 Carmechell

525 1657 574 1701 et
600 1652 861 1701 Henricum
889 1651 1124 1700 Meldrum
1152 1652 1404 1700 canonicos
1440 1652 1639 1701 ecclesie
1670 1652 1958 1701 cathedralis
1983 1653 2318 1701 Brechinensis
2352 1669 2463 1701 suos

523 1771 534 1781 ·
581 1771 591 1780 ·
630 1770 641 1781 ·
683 1746 1016 1806 procuratores
1060 1770 1069 1779 ·
1109 1769 1119 1779 ·
1159 1769 1169 1779 ·
1212 1742 1382 1790 dantes
1424 1768 1434 1778 ·
1476 1769 1485 1779 ·
1526 1770 1535 1779 ·
1578 1742 1775 1804 prefatis
1819 1769 1830 1779 ·
1869 1769 1878 1778 ·
1919 1769 1928 1778 ·
1972 1757 2105 1790 suam
2151 1769 2160 1779 ·
2201 1770 2211 1779 ·
2251 1769 2262 1779 ·
2305 1747 2463 1805 potes-

520 1835 670 1879 tatem
709 1846 767 1879 ac
803 1831 1078 1878 mandatum
1118 1858 1127 1867 ·
1168 1858 1177 1869 ·
1218 1858 1227 1868 ·
1263 1831 1325 1878 ad
1365 1831 1731 1894 comparendum
1769 1846 1925 1878 coram
1952 1829 2097 1878 nobili
2135 1831 2232 1878 viro
2270 1832 2462 1878 Andrea

521 1921 710 1969 domino
733 1919 778 1967 le
804 1920 935 1982 Gray
961 1919 1237 1967 vicecomite
1273 1920 1332 1966 de
1371 1919 1412 1966 F
1415 1919 1542 1968 orfar
1573 1919 1732 1967 eiusve
1757 1919 1999 1982 deputatis
2036 1947 2046 1956 ·
2086 1947 2095 1956 ·
2135 1947 2144 1957 ·
2182 1920 2229 1966 in
2253 1921 2460 1982 pretorio

523 2010 580 2056 de
606 2009 780 2056 Dunde
818 2013 901 2056 aut
938 2007 1051 2055 alibi
1090 2007 1165 2055 vbi
1204 2023 1323 2071 opus
1344 2007 1488 2056 fuerit
1512 2008 1654 2070 xxiij⁰
1676 2008 1752 2055 die
1776 2009 1950 2056 mensis
1971 2008 2006 2054 J
2011 2008 2107 2055 unii
2132 2008 2354 2057 instantis
2377 2024 2459 2057 seu

522 2098 891 2161 quibuscumque
915 2096 1022 2144 aliis
1047 2096 1213 2144 diebus
1248 2100 1297 2145 et
1333 2096 1450 2145 locis
1475 2097 1756 2161 Ibidemque
1782 2102 1949 2145 contra
1971 2102 2104 2146 certa.
2127 2098 2291 2146 breuia
2315 2099 2461 2162 impe-

521 2191 650 2235 trata
691 2192 745 2234 ut
785 2187 1013 2235 asseritur
1053 2203 1138 2250 per
1176 2186 1210 2232 J
1214 2186 1446 2234 ohannem
1483 2186 1743 2250 Dempstar
1778 2187 1837 2234 de
1875 2186 2180 2236 Ouchterless
2221 2189 2278 2235 de
2318 2189 2458 2236 terris

521 2275 619 2324 suis
642 2277 700 2323 de
727 2276 980 2323 Ardaucht
1005 2274 1210 2323 Aldecat
1247 2275 1438 2323 Boteris
1473 2280 1522 2323 et
1560 2275 1745 2339 Nethyr
1770 2275 1987 2338 Petforty
2025 2304 2035 2313 ·
2075 2303 2084 2313 ·
2124 2304 2134 2313 ·
2173 2279 2298 2324 Acta
2321 2282 2456 2324 erant

520 2365 608 2412 hec
646 2364 693 2411 in
733 2363 911 2427 palatio
950 2364 1066 2411 dicti
1107 2364 1377 2413 Reuerendi
1411 2365 1562 2428 patris
1602 2369 1652 2412 et
1691 2365 1829 2412 domo
1865 2364 2115 2428 capitulari
2144 2364 2343 2413 ecclesie
2381 2381 2458 2413 ca-

519 2453 748 2501 thedralis
787 2453 1120 2501 Brechinensis
1157 2481 1167 2490 ·
1207 2481 1216 2490 ·
1256 2481 1266 2490 ·
1307 2454 1612 2502 Presentibus
1652 2453 1826 2501 ibidem
1864 2453 2009 2502 nobili
2047 2454 2146 2502 viro
2182 2454 2456 2514 Alexandro

521 2543 782 2605 Lindessay
807 2543 866 2589 de
890 2542 1263 2590 Ouchtermonse
1283 2541 1434 2591 milite
1455 2542 1674 2591 Dominis
1698 2542 1858 2590 Dauid
1884 2542 2217 2591 Ochterlovnie
2243 2530 2466 2592 Roberto

520 2632 744 2681 Flescher
769 2632 952 2679 Thema
978 2631 1190 2679 Wilelmi
1215 2631 1473 2695 capellanis
1498 2637 1546 2680 et
1575 2631 1801 2680 Wilelmo
1827 2633 2055 2695 Forsytht
2093 2661 2102 2670 ·
2142 2661 2152 2670 ·
2191 2661 2201 2670 ·

588 2721 652 2768 Et
678 2737 764 2784 ego
791 2720 1037 2769 Walterus
1062 2720 1206 2768 Clerk
1243 2749 1253 2758 ·
1293 2749 1303 2758 ·
1342 2748 1352 2759 ·
1389 2722 1602 2769 notarius
1643 2750 1653 2758 ·
1692 2750 1701 2758 -
1742 2750 1751 2758 ·

520 2915 894 2970 Instru'mentum
921 2923 978 2969 de
1002 2926 1051 2969 et
1075 2938 1217 2984 super
1241 2923 1374 2969 breui
1400 2922 1732 2986 Inquisitionis
1755 2938 1839 2985 per
1862 2922 1895 2968 J
1901 2923 2131 2970 ohannem
2167 2922 2450 2985 Dempstare

519 3012 772 3074 impetrato
809 3037 819 3047 ·

279 3161 490 3209 LXXX.
526 3132 604 3213 In
650 3165 743 3212 Dei
785 3165 970 3213 nomine
1008 3192 1018 3202 ·
1057 3193 1067 3202 ·
1106 3193 1116 3202 ·
1153 3171 1317 3229 pateat
1357 3167 1604 3214 euidenter
1644 3166 1767 3229 quod
1810 3181 1935 3212 anno
1971 3166 2164 3214 Domini
2203 3167 2451 3216 millesimo

516 3254 977 3319 quadringentesimo
1011 3255 1314 3316 nonogesimo
1348 3254 1550 3317 septimo
1586 3254 1760 3302 mensis
1795 3269 1905 3300 vero
1939 3253 1972 3300 J
1978 3254 2076 3301 unii
2118 3255 2194 3302 die
2230 3256 2450 3304 vicesima

514 3344 660 3392 tertia.
697 3343 963 3390 IndictIOne
1000 3342 1351 3406 decimaquinta
1388 3343 1699 3391 Pontificatus
1736 3370 1745 3379 ·
1785 3370 1794 3379 ·
1835 3370 1843 3379 ·
1883 3341 2142 3390 Alexandri
2178 3360 2298 3407 pape
2323 3347 2448 3393 sexti
