3016 3958
272 2180 567 2223 CCLXVIII.

1086 629 1407 685 OARTAE
1448 628 2077 685 MISOELLANEAE.
2447 629 2558 685 305

602 807 973 862 presentationem
999 813 1278 865 vestramque
1309 810 1587 853 collationem
1619 809 1883 852 ordinariam
1913 809 2042 866 pleno
2074 809 2167 850 iure
2200 811 2448 865 spectantes
2470 810 2557 853 dis-

600 891 766 930 cretum
787 889 930 931 virum
950 889 1336 946 ipsumdominum
1368 890 1601 932 Nicolaum
1633 890 1881 933 Thomsone
1914 922 1923 932 .
1956 922 1965 932 .
2001 922 2010 932 .
2041 889 2309 946 presbitrum
2335 890 2557 933 idoneum·

599 981 683 1023 que
717 969 1015 1024 qualificatum
1050 1002 1058 1011 .
1092 1005 1100 1013 .
1134 1002 1144 1012 .
1176 974 1323 1013 vestre
1353 971 1590 1013 reuerende
1621 970 1879 1026 paternitati
1912 1002 1921 1012 .
1956 1003 1965 1013 .
1999 1000 2008 1012 .
2039 972 2345 1026 presentamus
2376 971 2555 1012 eandem

599 1048 755 1091 obnixe
793 1081 803 1091 .
837 1080 847 1091 .
885 1082 894 1092 .
931 1053 1140 1106 rogantes
1182 1054 1398 1106 quatenus
1439 1050 1601 1092 dictum
1645 1050 1867 1092 dominum
1908 1050 2142 1092 Nicolaum
2179 1081 2189 1091 .
2226 1083 2235 1092 .
2275 1082 2284 1092 .
2320 1050 2375 1091 ad
2416 1050 2557 1106 ipsam

598 1129 884 1184 capellaniam
917 1144 970 1171 ex
1002 1130 1170 1172 duabus
1203 1130 1410 1186 predictis
1441 1130 1608 1173 unitam
1641 1130 1891 1187 suscipiatis
1922 1134 1968 1173 et
1997 1130 2242 1173 admittatis
2275 1164 2284 1173 .
2320 1162 2330 1173 .
2363 1164 2373 1173 .
2405 1130 2553 1186 illique

599 1242 608 1251 .
642 1242 652 1252 .
686 1243 695 1252 .
728 1210 781 1251 de
803 1210 1021 1253 uniuersis
1053 1215 1098 1253 et
1130 1211 1316 1268 singulis
1344 1212 1502 1254 annuis
1531 1211 1773 1254 redditibus
1802 1215 1847 1254 et
1868 1212 2043 1266 juribus
2065 1212 2179 1254 dicte
2202 1211 2441 1268 capellanie
2463 1212 2554 1267 ple-

596 1289 718 1331 narie
750 1322 760 1332 .
794 1322 804 1332 .
839 1323 848 1332 .
879 1291 1134 1346 responderi
1155 1291 1328 1334 faciatis
1360 1323 1370 1333 .
1403 1321 1412 1331 .
1446 1324 1457 1333 .
1491 1291 1544 1332 In
1566 1291 1688 1333 cuius
1708 1291 1772 1333 rei
1799 1292 2098 1334 testimonium
2119 1291 2398 1348 presentibus
2419 1306 2553 1334 manu

598 1373 752 1412 nostra
774 1370 1035 1426 subscriptis
1057 1371 1249 1427 sigillum
1270 1375 1469 1413 nostrum
1501 1375 1569 1413 est
1600 1367 1854 1427 appensum'
1868 1372 1985 1427 apud
2015 1372 2202 1414 Brechin
2224 1372 2292 1414 die
2313 1372 2553 1428 penultimo

596 1450 759 1492 mensis
778 1449 810 1493 J
813 1450 903 1491 unii
925 1464 1039 1492 anno
1066 1450 1244 1493 Domini
1264 1450 1497 1494 millesimo
1528 1451 1878 1507 quingentesimo
1910 1452 2272 1509 quinquagesimo
2297 1457 2420 1495 sexto
2456 1467 2554 1509 pre-

598 1530 793 1572 sentibus
812 1530 1141 1574 honorabilibus
1171 1532 1278 1574 viris
1308 1531 1512 1575 Johanne
1545 1531 1890 1588 Cunnynghame
1921 1532 1974 1574 de
2006 1531 2363 1588 Drumquhassill
2384 1532 2551 1576 Jacobo

598 1610 942 1667 Cunnynghame
965 1610 1152 1668 Georgio
1174 1612 1365 1654 Freland
1387 1615 1432 1655 et
1451 1612 1625 1655 domino
1646 1612 1824 1654 Andrea
1845 1612 2007 1670 Hoggy
2033 1612 2194 1655 vicario
2217 1613 2269 1654 de
2292 1613 2483 1669 Falkyrk
2506 1618 2549 1655 et

595 1691 766 1734 notario
788 1691 960 1748 publico
994 1722 1003 1733 .

1701 1773 1728 1814 J
1733 1787 1896 1815 oannes
1918 1773 2118 1815 dominus
2140 1773 2192 1814 de
2215 1773 2387 1840 Erskyn
2420 1805 2429 1816 .

597 2027 847 2070 Alexander
869 2027 1254 2084 Kynnynmonth’s
1277 2027 1421 2070 wreitt
1442 2028 1490 2070 of
1508 2026 1831 2070 Brownshillok
1864 2059 1872 2069 .

595 2177 819 2233 Omnibus
851 2190 964 2232 hanc
999 2193 1164 2233 cartam
1195 2182 1355 2232 visuris
1389 2189 1459 2231 vel
1492 2188 1707 2231 audituris
1737 2188 1937 2231 dominus
1959 2188 2212 2231 Willelmus
2235 2189 2383 2232 Broun
2405 2191 2546 2246 capel-

593 2269 721 2313 lanus
743 2270 983 2327 capellanie
1004 2270 1191 2319 nominis
1214 2270 1243 2312 J
1245 2284 1323 2312 esu
1344 2269 1523 2311 fundate
1550 2269 1666 2311 infra
1696 2269 1923 2311 ecclesiam
1954 2269 2248 2312 cathedralem
2281 2270 2546 2313 Brechinen-

596 2365 686 2392 sem
716 2365 795 2407 per
827 2350 1045 2407 quondam
1077 2352 1188 2393 bone
1220 2350 1425 2392 memorie
1456 2349 1676 2392 dominum
1710 2349 1855 2391 Dauid
1887 2349 2035 2391 Broun
2066 2349 2275 2391 vicarium
2307 2350 2360 2391 de
2393 2349 2543 2391 Edzell

596 2430 783 2473 salutem
815 2463 824 2473 .
859 2464 868 2473 .
902 2463 912 2473 .
946 2430 1175 2473 Noueritis
1206 2445 1274 2472 me
1307 2462 1316 2472 .
1349 2463 1358 2472 .
1393 2462 1402 2472 .
1435 2445 1532 2472 cum
1566 2462 1574 2472 .
1609 2462 1618 2471 .
1653 2462 1662 2472 .
1695 2443 1911 2472 consensu
1945 2462 1954 2471 .
1987 2460 1997 2471 .
2028 2462 2037 2472 .
2069 2430 2221 2471 decani
2244 2433 2288 2472 et
2318 2431 2546 2472 canonico-

595 2525 691 2552 rum
727 2510 907 2567 capituli
943 2510 1249 2552 Brechinensis
1282 2542 1291 2551 .
1325 2543 1334 2552 .
1369 2543 1377 2552 .
1409 2510 1578 2566 prefate
1610 2523 1704 2551 mee
1736 2509 1973 2565 capellanie
2004 2513 2287 2565 patronorum
2316 2511 2544 2552 assedasse

640 2621 650 2632 .
684 2624 694 2632 .
726 2594 771 2633 et
806 2591 861 2632 ad
896 2590 1185 2632 feudifirmam
1219 2620 1229 2631 .
1262 2623 1271 2632 .
1306 2623 1315 2631 .
1348 2593 1602 2646 perpetuam
1643 2590 1904 2632 hereditarie
1937 2622 1946 2631 .
1981 2622 1990 2631 .
2025 2623 2034 2632 .
2066 2590 2321 2632 confirmare
2356 2592 2542 2634 honesto

594 2671 688 2713 viro
710 2669 961 2712 Alexandro
984 2669 1331 2725 Kynnynmonth
1352 2668 1463 2711 alias
1495 2668 1607 2711 Lion
1637 2669 1953 2724 heredibusque
1978 2669 2067 2711 suis
2099 2672 2145 2711 et
2174 2670 2412 2726 assignatis
2445 2704 2454 2713 .
2490 2702 2499 2712 .
2533 2705 2542 2713 .

594 2750 715 2792 illam
748 2750 915 2806 peciam
946 2753 1061 2792 terre
1099 2748 1276 2791 arabilis
1311 2752 1510 2791 vocatam
1547 2748 1832 2791 Brounhillok
1866 2749 1970 2806 (No.
2011 2749 2245 2805 CCLXV.)
2280 2750 2390 2793 alias
2422 2751 2542 2808 Nyd-

594 2831 742 2873 derres
784 2830 895 2872 croft
936 2832 1229 2885 nuncupatam
1271 2829 1326 2870 ad
1367 2827 1676 2884 patrimonium
1713 2828 1826 2870 dicte
1862 2843 1956 2870 mee
1993 2829 2232 2885 capellanie
2275 2835 2543 2886 spectantem

589 2912 810 2966 jacentem
850 2910 965 2952 inter
1004 2914 1147 2952 terras
1190 2908 1373 2950 Henrici
1420 2907 1586 2950 Guthre
1628 2908 1681 2950 de
1723 2908 1959 2951 Colestoun
2005 2909 2061 2951 ad
2106 2910 2249 2952 oriens
2291 2914 2336 2953 et
2374 2915 2542 2953 torren-

594 2995 684 3034 tem
704 2994 906 3033 vocatum
938 2990 1012 3032 the
1044 2989 1220 3045 College
1250 2990 1363 3031 burn
1395 2989 1450 3030 ad
1483 2992 1682 3030 austrum
1713 2991 1854 3031 terras
1886 2988 2047 3030 domini
2082 2989 2134 3031 de
2166 2989 2340 3046 Erskyn
2361 2997 2538 3033 vocatas

594 3070 883 3114 Potterhillok
913 3070 970 3112 ad
998 3069 1196 3112 occidens
1227 3073 1272 3111 et
1299 3072 1440 3110 terras
1470 3073 1646 3110 vocatas
1676 3067 1733 3109 lie
1761 3067 2028 3110 WVeitlandis
2063 3069 2119 3111 ad
2154 3069 2320 3112 boriam
2342 3072 2538 3126 partibus

595 3151 783 3206 undique
815 3150 1006 3193 confines
1038 3150 1150 3192 dicte
1181 3149 1301 3205 pecie
1330 3152 1446 3191 terre
1477 3151 1629 3190 vocate
1658 3147 1945 3190 Brounhillok
1966 3148 2076 3191 alias
2094 3146 2360 3206 'Nydderres
2387 3152 2498 3194 croft
2531 3184 2540 3193 .

595 3231 843 3273 Tenendam
878 3262 886 3274 .
922 3263 930 3272 .
963 3261 972 3271 .
1004 3230 1050 3271 in
1081 3229 1325 3271 feudifirma
1352 3242 1401 3270 ac
1429 3228 1670 3269 hereditate
1702 3227 2020 3284 imperpetuum
2055 3260 2063 3270 .
2097 3262 2106 3271 .
2142 3261 2151 3270 .
2183 3229 2418 3273 Reddendo
2439 3231 2540 3272 inde

595 3310 820 3353 annuatim
842 3309 1039 3366 prefatus
1061 3308 1310 3351 Alexander
1325 3308 1591 3363 heredesque
1614 3308 1680 3349 sui
1702 3313 1747 3349 et
1767 3308 1981 3365 assignati
2001 3309 2132 3351 michi
2154 3313 2198 3352 et
2219 3311 2540 3353 successoribus

595 3390 703 3432 meis
733 3390 846 3432 dicte
883 3389 1121 3446 capellanie
1153 3388 1389 3444 capellanis
1426 3401 1641 3429 summam
1672 3387 1856 3444 triginta
1875 3388 2127 3431 -solidorum
2163 3390 2330 3432 usualis
2368 3394 2539 3433 monete

1563 3457 1586 3497 2
1609 3472 1634 3511 q
