3016 3958
1158 597 1455 653 CARTAE
1500 596 2001 653 ORIGINALES.
2452 600 2564 655 225

601 785 855 832 eorundem
881 786 1130 849 patronos)
1155 803 1318 838 omnes
1353 794 1403 838 et
1438 789 1649 853 singulos
1684 804 1865 838 annuos
1900 788 2116 836 redditus
2151 788 2311 837 obitus
2340 790 2555 838 anniuer-

599 875 725 921 saria
750 878 1027 925 tenementa
1049 881 1204 927 terras
1229 882 1278 927 et
1305 879 1469 928 domos
1493 879 1617 927 infra
1652 879 1831 927 dictam
1857 877 2118 925 Ciuitatem
2143 877 2403 941 capellanis
2426 894 2553 942 pres-

599 962 766 1012 biteris
808 981 894 1028 pro
934 966 1091 1016 missis
1133 966 1430 1017 celebrandis
1471 968 1534 1016 lie
1577 969 1725 1031 dirige
1769 971 1853 1016 aut
1893 966 2054 1031 aliqua
2093 966 2283 1031 papista
2322 968 2551 1016 seruitute

599 1053 976 1103 administranda
1022 1056 1154 1120 prius
1207 1057 1375 1106 dotata
1428 1061 1511 1106 aut
1559 1058 1916 1121 quibuscunque
1978 1055 2254 1120 capellaniis
2312 1056 2553 1119 alteragiis

599 1143 926 1205 prebendariis
961 1149 1045 1193 aut
1080 1144 1214 1194 cellis
1250 1146 1298 1193 in
1334 1163 1614 1210 quacunque
1651 1145 1854 1195 ecclesia
1889 1145 2073 1210 capella
2097 1149 2183 1193 aut
2208 1144 2406 1208 collegio
2430 1146 2553 1193 infra

599 1232 776 1280 dictam
803 1232 1063 1282 Ciuitatem
1099 1239 1184 1282 aut
1220 1234 1492 1283 libertatem
1527 1235 1738 1284 eiusdem
1764 1235 1812 1282 in
1837 1251 2034 1299 quorum
2060 1235 2355 1298 possessione
2380 1236 2552 1299 prefati

599 1321 835 1385 capellani
874 1327 923 1371 et
959 1324 1261 1388 prebendarii
1298 1324 1488 1372 fuerant
1527 1325 1742 1388 perprius
1780 1353 1790 1362 ·
1830 1351 1839 1361 -
1880 1353 1890 1362 ·
1929 1325 2136 1372 tenenda
2173 1353 2183 1362 -
2224 1352 2233 1363 ·
2274 1353 2283 1362 ·
2321 1326 2380 1372 de
2417 1325 2552 1373 nobis

651 1440 661 1449 ·
701 1440 712 1450 ·
749 1413 1099 1476 imperpetuum
1138 1441 1149 1452 ·
1188 1442 1199 1451 ·
1237 1442 1248 1452 ·
1286 1414 1491 1478 Insuper
1525 1413 1740 1462 volumus
1776 1442 1787 1452 ν
1827 1442 1837 1452 ·
1877 1441 1889 1452 ·
1926 1415 2051 1478 quod
2074 1414 2164 1462 hoc
2188 1430 2382 1478 presens
2405 1414 2552 1462 infeo-

593 1501 856 1550 famentum
892 1502 1024 1551 nullo
1058 1504 1200 1552 modo
1239 1532 1250 1541 ·
1290 1531 1300 1542 ·
1340 1531 1351 1542 ·
1389 1504 1613 1551 damnum
1650 1502 1797 1551 ullum
1833 1503 2018 1551 adferet
2053 1504 2353 1567 presentibus
2394 1504 2549 1568 capel-

593 1591 716 1641 lanis
739 1593 1066 1656 prebendariis
1090 1597 1139 1641 et
1164 1593 1515 1657 possessoribus
1542 1593 1777 1641 dictorum
1811 1609 2072 1641 annuorum
2099 1593 2367 1641 reddituum
2407 1622 2417 1631 ·
2454 1598 2543 1641 etc.

593 1683 678 1730 sed
713 1683 839 1746 quod
876 1683 1043 1730 eadem
1066 1683 1344 1747 possideant
1381 1684 1582 1731 durante
1619 1699 1779 1731 eorum
1816 1683 1916 1731 vita
1955 1711 1965 1721 ·
2006 1711 2015 1721 ·
2056 1711 2066 1721 ·
2106 1683 2165 1730 In
2191 1683 2324 1730 cuius
2350 1682 2417 1730 rei
2451 1686 2547 1730 tes-

592 1772 842 1821 timonium
877 1773 989 1821 huic
1024 1774 1236 1837 presenti
1271 1778 1403 1822 carte
1440 1777 1602 1822 nostre
1639 1789 1858 1836 magnum
1894 1771 2098 1836 sigillum
2136 1776 2347 1820 nostrum
2373 1773 2546 1836 apponi

593 1863 892 1926 precepimus
932 1863 1138 1912 testibus
1177 1892 1187 1901 ·
1228 1891 1239 1900 -
1279 1892 1289 1901 -
1328 1864 1515 1911 Adamo
1552 1863 1774 1927 episcopo
1811 1863 2105 1911 Orchadensi
2142 1862 2544 1910 commendatario

595 1952 873 2000 monasterii
908 1953 1059 2001 nostri
1096 1954 1272 2001 Sancte
1310 1953 1477 2001 Crucis
1511 1970 1658 2017 prope
1685 1953 1961 2016 Edinburgh
2002 1981 2011 1990 ·
2051 1981 2061 1991 ·
2101 1981 2110 1990 ·
2147 1953 2332 2000 Jacobo
2370 1952 2543 1999 comite

596 2043 655 2090 de
696 2042 924 2091 Mortoun
964 2043 1154 2090 domino
1194 2042 1426 2090 Dalkeith
1468 2046 1546 2091 etc
1601 2042 1884 2090 cancellario
1910 2046 2075 2090 nostro
2101 2041 2345 2089 Willelmo
2372 2041 2543 2089 comite

598 2132 861 2181 Mariscalli
899 2133 1088 2180 domino
1126 2132 1278 2181 Keith
1317 2160 1328 2171 -
1368 2161 1378 2170 ‹
1421 2160 1430 2170 ·
1468 2132 1694 2195 magistro
1719 2132 1906 2179 Jacobo
1939 2130 2140 2194 Makgill
2175 2132 2232 2178 de
2271 2130 2546 2178 Rankelour

597 2222 641 2269 N
644 2223 770 2270 ethir
793 2226 1062 2270 nostrorum
1088 2221 1349 2270 rotulorum
1376 2222 1563 2284 registri
1587 2237 1645 2269 ac
1670 2220 1854 2269 consilii
1871 2220 2044 2268 clerico
2067 2221 2100 2266 J
2105 2236 2255 2267 oanne
2282 2219 2541 2267 Bellenden

596 2314 654 2360 de
702 2311 973 2360 Auchnoull
1021 2312 1172 2360 milite
1219 2316 1383 2360 nostre
1424 2311 1692 2374 justiciarie
1741 2309 1914 2358 clerico
1962 2313 2011 2357 et
2059 2309 2287 2372 magistro
2338 2309 2541 2372 Georgio

597 2402 919 2450 Buchannane
960 2401 1261 2465 pensionario
1304 2402 1362 2448 de
1407 2398 1722 2463 Corsragwell
1762 2399 1914 2448 nostri
1955 2399 2126 2447 secreti
2168 2397 2307 2460 sigilli
2346 2399 2540 2446 custode

595 2493 722 2556 apud
748 2492 890 2540 Leith
916 2492 1140 2540 vicesimo
1177 2491 1253 2538 die
1290 2490 1466 2538 mensis
1500 2490 1534 2536 J
1541 2489 1638 2537 unii
1674 2505 1799 2536 anno
1824 2487 2019 2537 Domini
2043 2487 2293 2535 millesimo
2319 2487 2541 2550 quingen-

593 2582 766 2630 tesimo
782 2581 1132 2645 septuagesimo
1147 2581 1355 2629 secundo
1380 2583 1429 2627 et
1454 2579 1585 2642 regni
1599 2578 1748 2626 nostri
1768 2578 1933 2642 quinto
1961 2606 1971 2615 ·
1999 2577 2339 2640 Quamquidem
2358 2582 2538 2624 cartam

646 2699 656 2708 -
697 2700 706 2709 ·
749 2671 797 2718 in
845 2671 1066 2719 omnibus
1104 2699 1115 2708 ·
1155 2699 1165 2708 ·
1206 2698 1215 2708 ·
1252 2686 1339 2734 pro
1387 2672 1619 2733 perpetuo
1665 2669 1998 2716 confirmamus
2039 2696 2049 2705 -
2089 2695 2099 2705 ·
2139 2695 2148 2704 -
2187 2666 2389 2729 Insuper
2426 2694 2436 2703 -
2477 2695 2486 2703 ·
2528 2695 2536 2703 -

593 2762 651 2808 de
676 2777 801 2808 nouo
827 2760 1044 2809 dedimus
1082 2789 1091 2797 -
1133 2788 1143 2798 ·
1185 2788 1194 2798 ·
1235 2759 1438 2807 Balliuis
1464 2757 1750 2807 Consulibus
1769 2761 1818 2806 et
1840 2756 2181 2805 Communitati
2207 2756 2333 2803 dicte
2359 2755 2538 2803 Ciuita-

590 2851 656 2900 tis
692 2850 909 2914 patronis
948 2849 1065 2897 dicti
1103 2848 1354 2913 hospitalis
1393 2877 1403 2886 ·
1444 2876 1453 2886 ·
1493 2876 1504 2886 ·
1541 2863 1706 2896 omnes
1746 2851 1796 2896 et
1834 2846 2041 2910 singulas
2077 2851 2230 2894 terras
2266 2850 2537 2893 tenementa

592 2942 755 2988 domos
781 2945 830 2989 et
855 2940 1041 2988 edificia
1066 2938 1293 2987 ecclesias
1317 2937 1525 3002 capellas
1560 2937 1726 2986 hortos
1759 2936 1971 3000 pomaria
1994 2951 2130 2983 acras
2157 2935 2333 2982 croftas
2357 2951 2535 2982 annuos

592 3030 805 3078 redditus
841 3029 1167 3077 anniuersaria
1207 3028 1369 3076 obitus
1411 3026 1711 3090 pecunIarios
1752 3026 1934 3073 fructus
1976 3024 2190 3072 redditus
2232 3024 2438 3087 proficua
2484 3028 2532 3070 et

595 3119 791 3167 deuoria
815 3134 1091 3182 quecunque
1116 3133 1207 3182 que
1233 3117 1543 3181 quouismodo
1566 3117 1627 3163 ad
1653 3130 1955 3179 quascunque
1995 3113 2282 3177 capellanias
2307 3113 2532 3174 alteragia

596 3208 794 3271 collegia
834 3224 917 3257 seu
958 3207 1186 3256 ecclesias
1222 3236 1233 3245 ·
1270 3234 1283 3247 ·
1322 3235 1332 3245 ·
1370 3207 1496 3254 intra
1536 3205 1807 3253 libertatem
1850 3203 1977 3251 dicte
2018 3203 2244 3250 Ciuitatis
2282 3231 2293 3240 ·
2333 3231 2343 3240 -
2382 3231 2392 3240 ·
2428 3218 2530 3264 per-

594 3298 778 3347 tinuere
818 3326 828 3335 ·
964 3296 1230 3360 ubicunque
1271 3295 1388 3344 dicti
1422 3294 1566 3343 annui
1591 3293 1804 3341 redditus
1842 3321 1852 3330 -
1892 3321 1901 3331 ·
1942 3321 1951 3330 ·
1981 3292 2145 3355 jacent
2184 3321 2194 3330 ·
2234 3321 2243 3330 -
2283 3320 2292 3329 ·
2327 3295 2422 3339 tam
2450 3308 2531 3339 ex-

1525 3382 1621 3444 2f
