3016 3958
539 620 648 675 386
1005 618 1320 674 GARTAE
1360 612 1983 680 MISCELLANEAE.

540 798 727 840 Stewart
752 798 803 840 de
832 797 1110 853 Logycowye,
1134 795 1370 837 Robertum
1400 792 1571 835 Maluill
1603 791 1655 833 de
1686 790 1975 840 Haruistoun,
1999 789 2267 832 Willelmum
2289 790 2392 847 Hay
2412 791 2467 832 de

538 877 674 933 Uryd,
697 876 990 919 Alexandrum
1016 875 1258 916 Banerman
1288 872 1341 914 de
1371 871 1509 920 Elsik,
1542 869 1685 912 Dauid
1719 869 2028 912 Strathauchin
2057 869 2104 911 in
2131 869 2466 926 Vyismantoun‚

540 956 780 999 Johannem
802 954 1059 996 Middiltoun
1090 952 1134 993 in
1167 951 1337 1001 Kilhill,
1360 954 1404 993 ct
1424 950 1661 992 Robertum
1686 948 1834 1004 Keyth
1854 949 1899 990 in
1922 948 2146 991 Barnehill
2179 982 2188 992 .
2221 949 2302 1005 Qui
2327 950 2465 1005 jurati

540 1036 687 1077 dicunt
725 1034 838 1089 quod
874 1032 1015 1087 quoad
1050 1031 1200 1073 literas
1238 1029 1506 1072 dominorum
1536 1028 1839 1084 temporalium
1877 1028 2073 1071 referunt
2108 1044 2154 1071 se
2190 1029 2467 1084 Inquisitioni

541 1113 779 1169 antiquitus
799 1112 911 1153 facte
930 1125 1008 1166 per
1029 1124 1174 1152 eorum
1197 1108 1524 1165 predecessores
1555 1122 1686 1164 super
1714 1108 2052 1151 retornationem
2073 1108 2241 1164 antiqui
2264 1113 2469 1151 extentus

539 1193 748 1234 dictarum
782 1194 996 1233 terrarum
1032 1188 1301 1230 dominorum
1331 1188 1650 1244 temporalium,
1687 1188 1902 1238 videlicet,
1934 1188 2056 1244 Quod
2086 1191 2203 1231 terre
2240 1189 2381 1231 Parke
2414 1189 2469 1231 de

541 1270 758 1312 Drwmme
806 1273 850 1311 et
899 1268 1174 1310 Baddindaro
1215 1271 1408 1323 tempore
1449 1268 1570 1323 pacis
1609 1267 1844 1310 valuerunt
1886 1268 1917 1323 ij
1940 1268 2032 1318 lib„
2074 1271 2190 1311 terre
2230 1268 2284 1309 de
2323 1267 2468 1324 Leyis‚

541 1349 654 1390 xlib.
675 1352 754 1391 etc.
776 1352 854 1390 etc.

597 1429 728 1470 Terre
750 1427 1039 1470 ecclesiastice
1070 1429 1263 1482 tempore
1289 1426 1406 1483 pacis
1428 1426 1673 1476 valuerunt,
1697 1430 1746 1469 ut
1769 1427 1992 1482 sequitur3

596 1507 783 1549 Baronia
816 1506 868 1548 de
907 1506 1173 1548 Scottistoun
1209 1508 1254 1547 et
1290 1505 1531 1548 Powburne
1570 1508 1772 1561 spectans
1802 1506 1975 1548 domino
2006 1506 2058 1547 de
2089 1505 2307 1556 Allardes‚
2338 1507 2379 1560 vj
2398 1505 2471 1547 lib.

541 1590 619 1629 etc,
642 1590 722 1628 etc.

596 1664 783 1707 Baronia
803 1664 855 1705 de
877 1662 1143 1719 Maryculter
1165 1666 1367 1718 spectans
1388 1662 1562 1704 domino
1586 1662 1735 1705 Sancti
1756 1662 1785 1704 J
1787 1663 1954 1713 oannis,
1978 1663 2020 1718 vj
2036 1662 2110 1705 lib.
2134 1668 2216 1706 etc.

538 1823 589 1864 de
612 1822 848 1864 Banchorie
870 1821 1037 1877 Ternye
1059 1824 1305 1877 spectantes
1325 1821 1663 1876 Archiepiscopo
1688 1820 1836 1863 Sancti
1862 1821 2046 1871 Andree,
2070 1821 2114 1876 iij
2139 1821 2213 1862 lib.

598 1902 728 1943 Terre
749 1901 800 1943 de
822 1901 1076 1956 Kingornye
1099 1903 1345 1956 spectantes
1367 1899 1584 1956 Episcopo
1608 1898 1905 1950 Brechinensi,
1927 1914 1955 1941 x
1970 1914 2006 1942 s.
2038 1932 2047 1942 .
2080 1900 2270 1942 Baronia
2290 1900 2343 1943 de
2364 1901 2477 1943 Wit-

540 1982 705 2023 tistoun
727 1983 925 2036 spectans
946 1980 1109 2022 Abbati
1129 1979 1182 2021 de
1204 1979 1431 2035 Lyndoris,
1454 1994 1482 2020 v
1497 1979 1570 2021 lib.

597 2060 728 2101 Terre
748 2060 800 2100 de
824 2058 1003 2114 Spittill,
1019 2058 1036 2113 j
1054 2059 1125 2101 lib.
1159 2088 1170 2100 .
1202 2059 1335 2101 Terre
1366 2059 1419 2100 de
1450 2058 1673 2101 Newdosk
1694 2062 1738 2100 et
1761 2058 2002 2101 Banchorie
2025 2062 2274 2115 spectantes
2295 2059 2476 2101 Archie-

542 2140 715 2195 piscopo
745 2139 892 2181 Sancti
912 2138 1098 2188 Andree,
1120 2138 1219 2192 xxvj
1238 2153 1270 2180 s.
1292 2138 1365 2193 viij
1383 2138 1422 2180 d.

601 2218 732 2259 Terre
752 2218 804 2259 de
825 2217 1024 2259 Haddow
1046 2220 1293 2273 spectantes
1314 2217 1456 2259 Priori
1479 2216 1627 2259 Sancti
1649 2217 1837 2267 Audi-ee,
1861 2217 1902 2271 vj
1921 2231 1956 2259 s.
1987 2217 2060 2271 viij
2078 2217 2118 2258 d.

603 2296 733 2338 Terre
754 2296 805 2337 de
829 2295 1070 2337 Glensache
1092 2299 1338 2351 spectantes
1360 2295 1589 2338 Fratribus
1612 2295 1947 2338 Carmelitarum
1968 2296 2020 2337 de
2039 2296 2281 2344 Aberdeen,
2304 2311 2330 2338 v
2345 2312 2378 2339 s.

604 2375 735 2416 Terre
766 2374 817 2415 de
851 2373 1022 2417 Silliflet
1055 2377 1301 2430 spectantes
1331 2374 1562 2417 Fratribus
1585 2374 1919 2416 Carmelitarum
1950 2375 2003 2416 de
2035 2375 2323 2425 Inverbervie,
2355 2391 2432 2418 xs.
2466 2408 2477 2418 .

549 2453 680 2494 Terre
710 2452 761 2494 de
793 2452 1012 2495 Kirktoun
1042 2453 1094 2495 de
1129 2454 1372 2496 Banchorie
1408 2453 1599 2511 Dewnyc
1637 2457 1885 2510 spectantes
1914 2453 2130 2509 Episcopo
2161 2454 2477 2504 Aberdonensi‚

547 2546 623 2574 vs.
655 2562 665 2572 .
697 2532 810 2574 Acta
831 2532 1073 2588 subscripta
1103 2536 1148 2574 et
1178 2532 1370 2588 sigillata
1391 2548 1504 2575 anno
1535 2534 1602 2575 die
1632 2547 1781 2575 mense
1812 2536 1857 2575 et
1884 2532 1978 2574 loco
2009 2533 2320 2588 prenominatis
2350 2565 2359 2577 .
2392 2534 2479 2575 Ex-

546 2614 686 2654 tracta
705 2610 757 2652 de
777 2610 900 2653 libris
922 2614 1116 2654 actorum
1137 2611 1467 2655 vicecomitatus
1488 2613 1539 2654 de
1557 2611 1823 2654 Kincardine
1845 2625 1924 2667 per
1942 2626 2012 2654 me
2035 2612 2216 2654 scribam
2240 2613 2431 2667 ejusdem
2455 2647 2463 2655 .

1592 2691 1679 2733 Mr.
1710 2690 1832 2734 ὅσω·
1864 2691 2137 2743 Fullartoun‚
2171 2691 2322 2735 Scriba
2355 2725 2363 2734 .
