<?xml version="1.0" encoding="UTF-8"?>
<!DOCTYPE html PUBLIC "-//W3C//DTD XHTML 1.0 Transitional//EN"
    "http://www.w3.org/TR/xhtml1/DTD/xhtml1-transitional.dtd">
<html xmlns="http://www.w3.org/1999/xhtml" xml:lang="en" lang="en">
 <head>
  <title>
</title>
<meta http-equiv="Content-Type" content="text/html;charset=utf-8" />
  <meta name='ocr-system' content='tesseract 3.04.00' />
  <meta name='ocr-capabilities' content='ocr_page ocr_carea ocr_par ocr_line ocrx_word'/>
</head>
<body>
  <div class='ocr_page' id='page_1' title='image "./registrumepiscop02brecuoft_0147.png"; bbox 0 0 3016 3958; ppageno 0'>
   <div class='ocr_carea' id='block_1_1' title="bbox 1053 619 2509 678">
    <p class='ocr_par' dir='ltr' id='par_1_1' title="bbox 1053 619 2509 678">
     <span class='ocr_line' id='line_1_1' title="bbox 1053 619 2509 678; baseline -0.001 0"><span class='ocrx_word' id='word_1_1' title='bbox 1053 622 1344 678; x_wconf 83' lang='lat' dir='ltr'><strong>OARTAE</strong></span> <span class='ocrx_word' id='word_1_2' title='bbox 1392 619 1892 678; x_wconf 82' lang='lat' dir='ltr'><strong>ORIGINALES.</strong></span> <span class='ocrx_word' id='word_1_3' title='bbox 2402 624 2509 677; x_wconf 83' lang='lat'>133</span> 
     </span>
    </p>
   </div>
   <div class='ocr_carea' id='block_1_2' title="bbox 553 811 2511 3388">
    <p class='ocr_par' dir='ltr' id='par_1_2' title="bbox 553 811 2511 3388">
     <span class='ocr_line' id='line_1_2' title="bbox 555 811 2503 884; baseline -0.002 -21"><span class='ocrx_word' id='word_1_4' title='bbox 555 815 798 863; x_wconf 81' lang='lat' dir='ltr'>ordinibus</span> <span class='ocrx_word' id='word_1_5' title='bbox 815 815 1103 884; x_wconf 79' lang='lat' dir='ltr'>judiciorum</span> <span class='ocrx_word' id='word_1_6' title='bbox 1139 815 1396 863; x_wconf 81' lang='lat' dir='ltr'>seeundum</span> <span class='ocrx_word' id='word_1_7' title='bbox 1421 813 1582 862; x_wconf 91' lang='lat' dir='ltr'>stilum</span> <span class='ocrx_word' id='word_1_8' title='bbox 1609 813 1842 860; x_wconf 86' lang='lat' dir='ltr'>curiarum</span> <span class='ocrx_word' id='word_1_9' title='bbox 1881 817 1929 860; x_wconf 90' lang='lat' dir='ltr'>et</span> <span class='ocrx_word' id='word_1_10' title='bbox 1965 811 2173 860; x_wconf 85' lang='lat' dir='ltr'>locorum</span> <span class='ocrx_word' id='word_1_11' title='bbox 2214 813 2292 859; x_wconf 91' lang='lat' dir='ltr'>ubi</span> <span class='ocrx_word' id='word_1_12' title='bbox 2317 812 2503 876; x_wconf 75' lang='lat' dir='ltr'>litigare</span> 
     </span>
     <span class='ocr_line' id='line_1_3' title="bbox 554 902 2504 968; baseline -0.001 -16"><span class='ocrx_word' id='word_1_13' title='bbox 554 904 805 968; x_wconf 89' lang='lat' dir='ltr'>contigerit</span> <span class='ocrx_word' id='word_1_14' title='bbox 830 904 1097 953; x_wconf 88' lang='lat' dir='ltr'>necessaria</span> <span class='ocrx_word' id='word_1_15' title='bbox 1120 908 1230 952; x_wconf 90' lang='lat' dir='ltr'>sunt</span> <span class='ocrx_word' id='word_1_16' title='bbox 1255 903 1524 951; x_wconf 87' lang='lat' dir='ltr'>faciendum</span> <span class='ocrx_word' id='word_1_17' title='bbox 1552 903 1806 966; x_wconf 85' lang='lat' dir='ltr'>gerendum</span> <span class='ocrx_word' id='word_1_18' title='bbox 1846 906 1895 950; x_wconf 91' lang='lat' dir='ltr'>et</span> <span class='ocrx_word' id='word_1_19' title='bbox 1931 902 2250 949; x_wconf 86' lang='lat' dir='ltr'>exercendum</span> <span class='ocrx_word' id='word_1_20' title='bbox 2276 902 2336 950; x_wconf 92' lang='lat' dir='ltr'>In</span> <span class='ocrx_word' id='word_1_21' title='bbox 2362 918 2504 951; x_wconf 87' lang='lat' dir='ltr'>causa</span> 
     </span>
     <span class='ocr_line' id='line_1_4' title="bbox 554 991 2507 1043; baseline -0.002 -2"><span class='ocrx_word' id='word_1_22' title='bbox 554 1000 602 1042; x_wconf 88' lang='lat' dir='ltr'>et</span> <span class='ocrx_word' id='word_1_23' title='bbox 645 995 800 1043; x_wconf 89' lang='lat' dir='ltr'>causis</span> <span class='ocrx_word' id='word_1_24' title='bbox 838 994 1211 1042; x_wconf 90' lang='lat' dir='ltr'>concludendum</span> <span class='ocrx_word' id='word_1_25' title='bbox 1252 993 1286 1039; x_wconf 83' lang='lat' dir='ltr'>J</span> <span class='ocrx_word' id='word_1_26' title='bbox 1291 1010 1345 1041; x_wconf 92' lang='lat' dir='ltr'>us</span> <span class='ocrx_word' id='word_1_27' title='bbox 1393 992 1778 1041; x_wconf 76' lang='lat' dir='ltr'>interlocutorias</span> <span class='ocrx_word' id='word_1_28' title='bbox 1823 995 1873 1039; x_wconf 89' lang='lat' dir='ltr'>et</span> <span class='ocrx_word' id='word_1_29' title='bbox 1921 991 2199 1039; x_wconf 88' lang='lat' dir='ltr'>diffinitiuas</span> <span class='ocrx_word' id='word_1_30' title='bbox 2243 991 2507 1039; x_wconf 88' lang='lat' dir='ltr'>sententias</span> 
     </span>
     <span class='ocr_line' id='line_1_5' title="bbox 553 1079 2511 1146; baseline -0.002 -15"><span class='ocrx_word' id='word_1_31' title='bbox 553 1085 840 1132; x_wconf 88' lang='lat' dir='ltr'>audiendum</span> <span class='ocrx_word' id='word_1_32' title='bbox 879 1089 928 1132; x_wconf 87' lang='lat' dir='ltr'>et</span> <span class='ocrx_word' id='word_1_33' title='bbox 966 1084 1025 1131; x_wconf 86' lang='lat' dir='ltr'>ab</span> <span class='ocrx_word' id='word_1_34' title='bbox 1065 1084 1134 1131; x_wconf 90' lang='lat' dir='ltr'>eis</span> <span class='ocrx_word' id='word_1_35' title='bbox 1169 1088 1218 1131; x_wconf 88' lang='lat' dir='ltr'>et</span> <span class='ocrx_word' id='word_1_36' title='bbox 1254 1083 1466 1146; x_wconf 89' lang='lat' dir='ltr'>quolibet</span> <span class='ocrx_word' id='word_1_37' title='bbox 1490 1081 1585 1129; x_wconf 90' lang='lat' dir='ltr'>alio</span> <span class='ocrx_word' id='word_1_38' title='bbox 1609 1080 1883 1144; x_wconf 87' lang='lat' dir='ltr'>grauamine</span> <span class='ocrx_word' id='word_1_39' title='bbox 1907 1079 2241 1144; x_wconf 88' lang='lat' dir='ltr'>appellandum</span> <span class='ocrx_word' id='word_1_40' title='bbox 2268 1085 2316 1128; x_wconf 91' lang='lat' dir='ltr'>et</span> <span class='ocrx_word' id='word_1_41' title='bbox 2341 1097 2511 1144; x_wconf 89' lang='lat' dir='ltr'>prouo-</span> 
     </span>
     <span class='ocr_line' id='line_1_6' title="bbox 554 1163 2505 1238; baseline -0.002 -18"><span class='ocrx_word' id='word_1_42' title='bbox 554 1174 755 1221; x_wconf 90' lang='lat' dir='ltr'>candum</span> <span class='ocrx_word' id='word_1_43' title='bbox 780 1173 1124 1238; x_wconf 73' lang='lat' dir='ltr'>appellationes</span> <span class='ocrx_word' id='word_1_44' title='bbox 1148 1177 1196 1219; x_wconf 88' lang='lat' dir='ltr'>et</span> <span class='ocrx_word' id='word_1_45' title='bbox 1221 1171 1583 1235; x_wconf 86' lang='lat' dir='ltr'>prouocationes</span> <span class='ocrx_word' id='word_1_46' title='bbox 1607 1163 1735 1233; x_wconf 81' lang='lat' dir='ltr'>ipsas</span> <span class='ocrx_word' id='word_1_47' title='bbox 1759 1169 2104 1218; x_wconf 85' lang='lat' dir='ltr'>instituendum</span> <span class='ocrx_word' id='word_1_48' title='bbox 2127 1169 2429 1217; x_wconf 89' lang='lat' dir='ltr'>releuandum</span> <span class='ocrx_word' id='word_1_49' title='bbox 2457 1177 2505 1217; x_wconf 90' lang='lat' dir='ltr'>et</span> 
     </span>
     <span class='ocr_line' id='line_1_7' title="bbox 555 1259 2508 1326; baseline -0.002 -16"><span class='ocrx_word' id='word_1_50' title='bbox 555 1263 932 1326; x_wconf 88' lang='lat' dir='ltr'>prosequendum</span> <span class='ocrx_word' id='word_1_51' title='bbox 954 1267 1002 1310; x_wconf 89' lang='lat' dir='ltr'>et</span> <span class='ocrx_word' id='word_1_52' title='bbox 1022 1263 1149 1325; x_wconf 88' lang='lat' dir='ltr'>ipsas</span> <span class='ocrx_word' id='word_1_53' title='bbox 1167 1261 1206 1309; x_wconf 90' lang='lat' dir='ltr'>si</span> <span class='ocrx_word' id='word_1_54' title='bbox 1226 1261 1418 1308; x_wconf 74' lang='lat' dir='ltr'>libuerit</span> <span class='ocrx_word' id='word_1_55' title='bbox 1437 1260 1807 1308; x_wconf 83' lang='lat' dir='ltr'>renunciandum</span> <span class='ocrx_word' id='word_1_56' title='bbox 1835 1280 1846 1313; x_wconf 68' lang='grc' dir='ltr'><em>Ι</em></span> <span class='ocrx_word' id='word_1_57' title='bbox 1875 1259 2031 1306; x_wconf 91' lang='lat' dir='ltr'>Vnum</span> <span class='ocrx_word' id='word_1_58' title='bbox 2053 1274 2238 1323; x_wconf 91' lang='lat' dir='ltr'>quoque</span> <span class='ocrx_word' id='word_1_59' title='bbox 2258 1259 2332 1307; x_wconf 88' lang='lat' dir='ltr'>vel</span> <span class='ocrx_word' id='word_1_60' title='bbox 2351 1259 2508 1323; x_wconf 86' lang='lat' dir='ltr'>plures</span> 
     </span>
     <span class='ocr_line' id='line_1_8' title="bbox 556 1348 2510 1416; baseline -0.003 -16"><span class='ocrx_word' id='word_1_61' title='bbox 556 1357 905 1416; x_wconf 82' lang='lat' dir='ltr'>procuratorem</span> <span class='ocrx_word' id='word_1_62' title='bbox 927 1351 1000 1400; x_wconf 85' lang='lat' dir='ltr'>vel</span> <span class='ocrx_word' id='word_1_63' title='bbox 1025 1355 1356 1415; x_wconf 81' lang='lat' dir='ltr'>procuratores</span> <span class='ocrx_word' id='word_1_64' title='bbox 1373 1349 1479 1397; x_wconf 90' lang='lat' dir='ltr'>loco</span> <span class='ocrx_word' id='word_1_65' title='bbox 1499 1365 1658 1397; x_wconf 89' lang='lat' dir='ltr'>eorum</span> <span class='ocrx_word' id='word_1_66' title='bbox 1679 1353 1728 1396; x_wconf 89' lang='lat' dir='ltr'>et</span> <span class='ocrx_word' id='word_1_67' title='bbox 1753 1348 2005 1397; x_wconf 89' lang='lat' dir='ltr'>cuiuslibet</span> <span class='ocrx_word' id='word_1_68' title='bbox 2033 1365 2193 1396; x_wconf 89' lang='lat' dir='ltr'>eorum</span> <span class='ocrx_word' id='word_1_69' title='bbox 2220 1349 2510 1397; x_wconf 88' lang='lat' dir='ltr'>substituen-</span> 
     </span>
     <span class='ocr_line' id='line_1_9' title="bbox 558 1424 2508 1506; baseline -0.002 -16"><span class='ocrx_word' id='word_1_70' title='bbox 558 1444 667 1490; x_wconf 92' lang='lat' dir='ltr'>dum</span> <span class='ocrx_word' id='word_1_71' title='bbox 693 1444 772 1506; x_wconf 90' lang='lat' dir='ltr'>qui</span> <span class='ocrx_word' id='word_1_72' title='bbox 798 1443 845 1489; x_wconf 92' lang='lat' dir='ltr'>in</span> <span class='ocrx_word' id='word_1_73' title='bbox 870 1442 1110 1506; x_wconf 81' lang='lat' dir='ltr'>premissis</span> <span class='ocrx_word' id='word_1_74' title='bbox 1135 1442 1332 1488; x_wconf 88' lang='lat' dir='ltr'>eandem</span> <span class='ocrx_word' id='word_1_75' title='bbox 1358 1440 1431 1487; x_wconf 83' lang='lat' dir='ltr'>vel</span> <span class='ocrx_word' id='word_1_76' title='bbox 1468 1439 1723 1487; x_wconf 89' lang='lat' dir='ltr'>limitatam</span> <span class='ocrx_word' id='word_1_77' title='bbox 1748 1439 1958 1486; x_wconf 87' lang='lat' dir='ltr'>habeant</span> <span class='ocrx_word' id='word_1_78' title='bbox 1993 1424 2281 1502; x_wconf 83' lang='lat' dir='ltr'>potestatem</span> <span class='ocrx_word' id='word_1_79' title='bbox 2309 1455 2508 1503; x_wconf 88' lang='lat' dir='ltr'>eumque</span> 
     </span>
     <span class='ocr_line' id='line_1_10' title="bbox 557 1530 2505 1592; baseline -0.002 -13"><span class='ocrx_word' id='word_1_80' title='bbox 557 1533 631 1580; x_wconf 84' lang='lat' dir='ltr'>vel</span> <span class='ocrx_word' id='word_1_81' title='bbox 655 1549 738 1581; x_wconf 93' lang='lat' dir='ltr'>eos</span> <span class='ocrx_word' id='word_1_82' title='bbox 762 1533 874 1579; x_wconf 91' lang='lat' dir='ltr'>dum</span> <span class='ocrx_word' id='word_1_83' title='bbox 898 1531 1090 1579; x_wconf 87' lang='lat' dir='ltr'>libuerit</span> <span class='ocrx_word' id='word_1_84' title='bbox 1110 1531 1425 1578; x_wconf 88' lang='lat' dir='ltr'>reuocandum</span> <span class='ocrx_word' id='word_1_85' title='bbox 1446 1535 1495 1578; x_wconf 90' lang='lat' dir='ltr'>et</span> <span class='ocrx_word' id='word_1_86' title='bbox 1520 1546 1684 1578; x_wconf 89' lang='lat' dir='ltr'>omnes</span> <span class='ocrx_word' id='word_1_87' title='bbox 1706 1530 2066 1592; x_wconf 83' lang='lat' dir='ltr'>procurationes</span> <span class='ocrx_word' id='word_1_88' title='bbox 2091 1530 2358 1578; x_wconf 90' lang='lat' dir='ltr'>huiusmodi</span> <span class='ocrx_word' id='word_1_89' title='bbox 2384 1530 2431 1576; x_wconf 91' lang='lat' dir='ltr'>in</span> <span class='ocrx_word' id='word_1_90' title='bbox 2456 1546 2505 1576; x_wconf 89' lang='lat' dir='ltr'>se</span> 
     </span>
     <span class='ocr_line' id='line_1_11' title="bbox 557 1619 2507 1684; baseline -0.001 -15"><span class='ocrx_word' id='word_1_91' title='bbox 557 1623 937 1671; x_wconf 88' lang='lat' dir='ltr'>reassumendum</span> <span class='ocrx_word' id='word_1_92' title='bbox 981 1621 1189 1684; x_wconf 87' lang='lat' dir='ltr'>presenti</span> <span class='ocrx_word' id='word_1_93' title='bbox 1226 1620 1552 1684; x_wconf 87' lang='lat' dir='ltr'>procuratorio</span> <span class='ocrx_word' id='word_1_94' title='bbox 1587 1620 1635 1666; x_wconf 90' lang='lat' dir='ltr'>in</span> <span class='ocrx_word' id='word_1_95' title='bbox 1671 1635 1756 1667; x_wconf 94' lang='lat' dir='ltr'>suo</span> <span class='ocrx_word' id='word_1_96' title='bbox 1793 1619 1958 1667; x_wconf 90' lang='lat' dir='ltr'>robore</span> <span class='ocrx_word' id='word_1_97' title='bbox 1996 1624 2305 1682; x_wconf 87' lang='lat' dir='ltr'>permanente</span> <span class='ocrx_word' id='word_1_98' title='bbox 2351 1636 2392 1670; x_wconf 72' lang='grc' dir='ltr'>ιι</span> <span class='ocrx_word' id='word_1_99' title='bbox 2442 1620 2507 1667; x_wconf 85' lang='lat' dir='ltr'>Et</span> 
     </span>
     <span class='ocr_line' id='line_1_12' title="bbox 557 1709 2507 1775; baseline -0.002 -16"><span class='ocrx_word' id='word_1_100' title='bbox 557 1711 842 1775; x_wconf 88' lang='lat' dir='ltr'>generaliter</span> <span class='ocrx_word' id='word_1_101' title='bbox 866 1711 1024 1758; x_wconf 88' lang='lat' dir='ltr'>omnia</span> <span class='ocrx_word' id='word_1_102' title='bbox 1047 1710 1143 1757; x_wconf 87' lang='lat' dir='ltr'>alia</span> <span class='ocrx_word' id='word_1_103' title='bbox 1168 1714 1216 1757; x_wconf 92' lang='lat' dir='ltr'>et</span> <span class='ocrx_word' id='word_1_104' title='bbox 1242 1709 1423 1772; x_wconf 84' lang='lat' dir='ltr'>singula</span> <span class='ocrx_word' id='word_1_105' title='bbox 1449 1709 1716 1756; x_wconf 86' lang='lat' dir='ltr'>faciendum</span> <span class='ocrx_word' id='word_1_106' title='bbox 1743 1709 1993 1756; x_wconf 89' lang='lat' dir='ltr'>dicendum</span> <span class='ocrx_word' id='word_1_107' title='bbox 2018 1710 2273 1772; x_wconf 88' lang='lat' dir='ltr'>gerendum</span> <span class='ocrx_word' id='word_1_108' title='bbox 2299 1714 2348 1757; x_wconf 90' lang='lat' dir='ltr'>et</span> <span class='ocrx_word' id='word_1_109' title='bbox 2373 1726 2507 1756; x_wconf 86' lang='lat' dir='ltr'>exer-</span> 
     </span>
     <span class='ocr_line' id='line_1_13' title="bbox 558 1799 2510 1865; baseline -0.002 -15"><span class='ocrx_word' id='word_1_110' title='bbox 558 1803 757 1850; x_wconf 91' lang='lat' dir='ltr'>cendum</span> <span class='ocrx_word' id='word_1_111' title='bbox 794 1818 886 1865; x_wconf 91' lang='lat' dir='ltr'>que</span> <span class='ocrx_word' id='word_1_112' title='bbox 912 1803 958 1848; x_wconf 91' lang='lat' dir='ltr'>in</span> <span class='ocrx_word' id='word_1_113' title='bbox 985 1801 1227 1864; x_wconf 89' lang='lat' dir='ltr'>premissis</span> <span class='ocrx_word' id='word_1_114' title='bbox 1251 1800 1520 1848; x_wconf 87' lang='lat' dir='ltr'>necessaria</span> <span class='ocrx_word' id='word_1_115' title='bbox 1544 1799 1640 1848; x_wconf 91' lang='lat' dir='ltr'>sint</span> <span class='ocrx_word' id='word_1_116' title='bbox 1665 1803 1714 1847; x_wconf 84' lang='lat' dir='ltr'>et</span> <span class='ocrx_word' id='word_1_117' title='bbox 1739 1804 1975 1863; x_wconf 88' lang='lat' dir='ltr'>oportuna</span> <span class='ocrx_word' id='word_1_118' title='bbox 2010 1804 2059 1847; x_wconf 88' lang='lat' dir='ltr'>et</span> <span class='ocrx_word' id='word_1_119' title='bbox 2097 1800 2297 1863; x_wconf 90' lang='lat' dir='ltr'>ipsemet</span> <span class='ocrx_word' id='word_1_120' title='bbox 2333 1800 2510 1847; x_wconf 90' lang='lat' dir='ltr'>consti-</span> 
     </span>
     <span class='ocr_line' id='line_1_14' title="bbox 557 1888 2507 1952; baseline -0.002 -12"><span class='ocrx_word' id='word_1_121' title='bbox 557 1898 698 1940; x_wconf 89' lang='lat' dir='ltr'>tuens</span> <span class='ocrx_word' id='word_1_122' title='bbox 718 1892 899 1939; x_wconf 85' lang='lat' dir='ltr'>faceret</span> <span class='ocrx_word' id='word_1_123' title='bbox 929 1894 978 1938; x_wconf 91' lang='lat' dir='ltr'>et</span> <span class='ocrx_word' id='word_1_124' title='bbox 1012 1890 1169 1937; x_wconf 87' lang='lat' dir='ltr'>facere</span> <span class='ocrx_word' id='word_1_125' title='bbox 1202 1893 1364 1952; x_wconf 85' lang='lat' dir='ltr'>posset</span> <span class='ocrx_word' id='word_1_126' title='bbox 1403 1889 1443 1937; x_wconf 93' lang='lat' dir='ltr'>si</span> <span class='ocrx_word' id='word_1_127' title='bbox 1476 1888 1718 1952; x_wconf 87' lang='lat' dir='ltr'>premissis</span> <span class='ocrx_word' id='word_1_128' title='bbox 1757 1888 1975 1936; x_wconf 89' lang='lat' dir='ltr'>omnibus</span> <span class='ocrx_word' id='word_1_129' title='bbox 2007 1889 2261 1938; x_wconf 86' lang='lat' dir='ltr'>interesset</span> <span class='ocrx_word' id='word_1_130' title='bbox 2298 1890 2441 1937; x_wconf 87' lang='lat' dir='ltr'>etiam</span> <span class='ocrx_word' id='word_1_131' title='bbox 2468 1891 2507 1938; x_wconf 92' lang='lat' dir='ltr'>si</span> 
     </span>
     <span class='ocr_line' id='line_1_15' title="bbox 556 1977 2508 2044; baseline -0.002 -14"><span class='ocrx_word' id='word_1_132' title='bbox 556 1982 675 2030; x_wconf 84' lang='lat' dir='ltr'>talia</span> <span class='ocrx_word' id='word_1_133' title='bbox 708 1982 864 2029; x_wconf 87' lang='lat' dir='ltr'>forent</span> <span class='ocrx_word' id='word_1_134' title='bbox 901 1996 990 2044; x_wconf 92' lang='lat' dir='ltr'>que</span> <span class='ocrx_word' id='word_1_135' title='bbox 1028 1979 1302 2026; x_wconf 88' lang='lat' dir='ltr'>mandatum</span> <span class='ocrx_word' id='word_1_136' title='bbox 1339 1979 1585 2041; x_wconf 84' lang='lat' dir='ltr'>exigerent</span> <span class='ocrx_word' id='word_1_137' title='bbox 1621 1977 1875 2042; x_wconf 88' lang='lat' dir='ltr'>specialius</span> <span class='ocrx_word' id='word_1_138' title='bbox 1898 1981 2107 2042; x_wconf 83' lang='lat' dir='ltr'>presenti</span> <span class='ocrx_word' id='word_1_139' title='bbox 2141 1998 2182 2031; x_wconf 78' lang='lat' dir='ltr'>st</span> <span class='ocrx_word' id='word_1_140' title='bbox 2219 1979 2508 2027; x_wconf 91' lang='lat' dir='ltr'>Promittens</span> 
     </span>
     <span class='ocr_line' id='line_1_16' title="bbox 558 2050 2505 2136; baseline -0.002 -17"><span class='ocrx_word' id='word_1_141' title='bbox 558 2074 749 2136; x_wconf 89' lang='lat' dir='ltr'>insuper</span> <span class='ocrx_word' id='word_1_142' title='bbox 794 2071 918 2118; x_wconf 89' lang='lat' dir='ltr'>idem</span> <span class='ocrx_word' id='word_1_143' title='bbox 967 2069 1262 2118; x_wconf 89' lang='lat' dir='ltr'>constituens</span> <span class='ocrx_word' id='word_1_144' title='bbox 1305 2069 1449 2116; x_wconf 90' lang='lat' dir='ltr'>michi</span> <span class='ocrx_word' id='word_1_145' title='bbox 1491 2068 1678 2115; x_wconf 91' lang='lat' dir='ltr'>notario</span> <span class='ocrx_word' id='word_1_146' title='bbox 1713 2050 1916 2131; x_wconf 31' lang='lat' dir='ltr'>&#39;publico</span> <span class='ocrx_word' id='word_1_147' title='bbox 1963 2067 2231 2131; x_wconf 88' lang='lat' dir='ltr'>subscripto</span> <span class='ocrx_word' id='word_1_148' title='bbox 2280 2073 2505 2131; x_wconf 86' lang='lat' dir='ltr'>tanquam</span> 
     </span>
     <span class='ocr_line' id='line_1_17' title="bbox 558 2157 2507 2227; baseline -0.003 -17"><span class='ocrx_word' id='word_1_149' title='bbox 558 2178 758 2227; x_wconf 85' lang='lat' dir='ltr'>persone</span> <span class='ocrx_word' id='word_1_150' title='bbox 782 2159 968 2225; x_wconf 90' lang='lat' dir='ltr'>publice</span> <span class='ocrx_word' id='word_1_151' title='bbox 994 2159 1203 2222; x_wconf 83' lang='lat' dir='ltr'>legitime</span> <span class='ocrx_word' id='word_1_152' title='bbox 1229 2157 1477 2222; x_wconf 88' lang='lat' dir='ltr'>stipulanti</span> <span class='ocrx_word' id='word_1_153' title='bbox 1503 2162 1552 2205; x_wconf 92' lang='lat' dir='ltr'>et</span> <span class='ocrx_word' id='word_1_154' title='bbox 1578 2157 1828 2221; x_wconf 88' lang='lat' dir='ltr'>recipienti</span> <span class='ocrx_word' id='word_1_155' title='bbox 1853 2157 1954 2204; x_wconf 86' lang='lat' dir='ltr'>vice</span> <span class='ocrx_word' id='word_1_156' title='bbox 1990 2162 2039 2205; x_wconf 91' lang='lat' dir='ltr'>et</span> <span class='ocrx_word' id='word_1_157' title='bbox 2075 2158 2264 2204; x_wconf 89' lang='lat' dir='ltr'>nomine</span> <span class='ocrx_word' id='word_1_158' title='bbox 2301 2158 2507 2205; x_wconf 91' lang='lat' dir='ltr'>omnium</span> 
     </span>
     <span class='ocr_line' id='line_1_18' title="bbox 560 2246 2505 2314; baseline -0.003 -15"><span class='ocrx_word' id='word_1_159' title='bbox 560 2256 609 2301; x_wconf 87' lang='lat' dir='ltr'>et</span> <span class='ocrx_word' id='word_1_160' title='bbox 633 2249 919 2314; x_wconf 89' lang='lat' dir='ltr'>singulorum</span> <span class='ocrx_word' id='word_1_161' title='bbox 945 2265 1139 2313; x_wconf 89' lang='lat' dir='ltr'>quorum</span> <span class='ocrx_word' id='word_1_162' title='bbox 1167 2249 1366 2295; x_wconf 89' lang='lat' dir='ltr'>interest</span> <span class='ocrx_word' id='word_1_163' title='bbox 1391 2246 1609 2294; x_wconf 90' lang='lat' dir='ltr'>intererit</span> <span class='ocrx_word' id='word_1_164' title='bbox 1634 2250 1718 2294; x_wconf 88' lang='lat' dir='ltr'>aut</span> <span class='ocrx_word' id='word_1_165' title='bbox 1743 2246 1973 2295; x_wconf 87' lang='lat' dir='ltr'>interesse</span> <span class='ocrx_word' id='word_1_166' title='bbox 1998 2247 2175 2310; x_wconf 90' lang='lat' dir='ltr'>poterit</span> <span class='ocrx_word' id='word_1_167' title='bbox 2213 2247 2258 2293; x_wconf 88' lang='lat' dir='ltr'>in</span> <span class='ocrx_word' id='word_1_168' title='bbox 2295 2248 2505 2295; x_wconf 88' lang='lat' dir='ltr'>futurum</span> 
     </span>
     <span class='ocr_line' id='line_1_19' title="bbox 562 2333 2505 2402; baseline -0.004 -12"><span class='ocrx_word' id='word_1_169' title='bbox 562 2343 623 2390; x_wconf 88' lang='lat' dir='ltr'>Se</span> <span class='ocrx_word' id='word_1_170' title='bbox 648 2345 802 2389; x_wconf 88' lang='lat' dir='ltr'>ratum</span> <span class='ocrx_word' id='word_1_171' title='bbox 825 2342 1011 2402; x_wconf 88' lang='lat' dir='ltr'>gratum</span> <span class='ocrx_word' id='word_1_172' title='bbox 1036 2341 1181 2400; x_wconf 90' lang='lat' dir='ltr'>atque</span> <span class='ocrx_word' id='word_1_173' title='bbox 1205 2337 1387 2383; x_wconf 89' lang='lat' dir='ltr'>firmum</span> <span class='ocrx_word' id='word_1_174' title='bbox 1412 2333 1587 2382; x_wconf 86' lang='lat' dir='ltr'>habere</span> <span class='ocrx_word' id='word_1_175' title='bbox 1613 2339 1662 2382; x_wconf 87' lang='lat' dir='ltr'>et</span> <span class='ocrx_word' id='word_1_176' title='bbox 1688 2339 1919 2398; x_wconf 91' lang='lat' dir='ltr'>perpetuo</span> <span class='ocrx_word' id='word_1_177' title='bbox 1954 2335 2225 2384; x_wconf 88' lang='lat' dir='ltr'>habiturum</span> <span class='ocrx_word' id='word_1_178' title='bbox 2255 2337 2430 2385; x_wconf 85' lang='lat' dir='ltr'>Totum</span> <span class='ocrx_word' id='word_1_179' title='bbox 2459 2337 2505 2383; x_wconf 89' lang='lat' dir='ltr'>id</span> 
     </span>
     <span class='ocr_line' id='line_1_20' title="bbox 561 2422 2510 2494; baseline -0.002 -15"><span class='ocrx_word' id='word_1_180' title='bbox 561 2437 610 2479; x_wconf 91' lang='lat' dir='ltr'>et</span> <span class='ocrx_word' id='word_1_181' title='bbox 650 2429 875 2494; x_wconf 89' lang='lat' dir='ltr'>quidquid</span> <span class='ocrx_word' id='word_1_182' title='bbox 913 2444 998 2491; x_wconf 92' lang='lat' dir='ltr'>per</span> <span class='ocrx_word' id='word_1_183' title='bbox 1035 2426 1190 2474; x_wconf 91' lang='lat' dir='ltr'>dictos</span> <span class='ocrx_word' id='word_1_184' title='bbox 1213 2426 1437 2489; x_wconf 90' lang='lat' dir='ltr'>prouidos</span> <span class='ocrx_word' id='word_1_185' title='bbox 1462 2425 1750 2472; x_wconf 89' lang='lat' dir='ltr'>constitutos</span> <span class='ocrx_word' id='word_1_186' title='bbox 1792 2422 2184 2473; x_wconf 72' lang='lat' dir='ltr'>vel&#39;substitutos</span> <span class='ocrx_word' id='word_1_187' title='bbox 2221 2427 2282 2473; x_wconf 90' lang='lat' dir='ltr'>ab</span> <span class='ocrx_word' id='word_1_188' title='bbox 2320 2426 2389 2474; x_wconf 90' lang='lat' dir='ltr'>eis</span> <span class='ocrx_word' id='word_1_189' title='bbox 2427 2442 2510 2475; x_wconf 90' lang='lat' dir='ltr'>seu</span> 
     </span>
     <span class='ocr_line' id='line_1_21' title="bbox 562 2514 2507 2578; baseline -0.004 -9"><span class='ocrx_word' id='word_1_190' title='bbox 562 2537 724 2569; x_wconf 90' lang='lat' dir='ltr'>eorum</span> <span class='ocrx_word' id='word_1_191' title='bbox 763 2518 915 2566; x_wconf 89' lang='lat' dir='ltr'>altero</span> <span class='ocrx_word' id='word_1_192' title='bbox 952 2521 1113 2564; x_wconf 87' lang='lat' dir='ltr'>actum</span> <span class='ocrx_word' id='word_1_193' title='bbox 1153 2516 1327 2562; x_wconf 89' lang='lat' dir='ltr'>dictum</span> <span class='ocrx_word' id='word_1_194' title='bbox 1368 2518 1552 2577; x_wconf 89' lang='lat' dir='ltr'>gestum</span> <span class='ocrx_word' id='word_1_195' title='bbox 1595 2515 1773 2562; x_wconf 85' lang='lat' dir='ltr'>facturn</span> <span class='ocrx_word' id='word_1_196' title='bbox 1815 2514 1886 2562; x_wconf 90' lang='lat' dir='ltr'>vel</span> <span class='ocrx_word' id='word_1_197' title='bbox 1928 2518 2233 2578; x_wconf 87' lang='lat' dir='ltr'>procuratum</span> <span class='ocrx_word' id='word_1_198' title='bbox 2274 2515 2417 2562; x_wconf 86' lang='lat' dir='ltr'>fuerit</span> <span class='ocrx_word' id='word_1_199' title='bbox 2460 2516 2507 2562; x_wconf 92' lang='lat' dir='ltr'>in</span> 
     </span>
     <span class='ocr_line' id='line_1_22' title="bbox 562 2603 2506 2674; baseline -0.003 -17"><span class='ocrx_word' id='word_1_200' title='bbox 562 2609 804 2674; x_wconf 86' lang='lat' dir='ltr'>premissis</span> <span class='ocrx_word' id='word_1_201' title='bbox 839 2624 922 2656; x_wconf 89' lang='lat' dir='ltr'>seu</span> <span class='ocrx_word' id='word_1_202' title='bbox 961 2605 1173 2670; x_wconf 88' lang='lat' dir='ltr'>quolibet</span> <span class='ocrx_word' id='word_1_203' title='bbox 1211 2603 1543 2668; x_wconf 89' lang='lat' dir='ltr'>premissorum</span> <span class='ocrx_word' id='word_1_204' title='bbox 1589 2603 1828 2651; x_wconf 85' lang='lat' dir='ltr'>Releuans</span> <span class='ocrx_word' id='word_1_205' title='bbox 1861 2603 2197 2652; x_wconf 90' lang='lat' dir='ltr'>nichilominus</span> <span class='ocrx_word' id='word_1_206' title='bbox 2221 2608 2269 2651; x_wconf 88' lang='lat' dir='ltr'>et</span> <span class='ocrx_word' id='word_1_207' title='bbox 2295 2604 2506 2652; x_wconf 87' lang='lat' dir='ltr'>releuare</span> 
     </span>
     <span class='ocr_line' id='line_1_23' title="bbox 563 2693 2507 2762; baseline -0.003 -15"><span class='ocrx_word' id='word_1_208' title='bbox 563 2700 724 2747; x_wconf 87' lang='lat' dir='ltr'>volens</span> <span class='ocrx_word' id='word_1_209' title='bbox 746 2700 1078 2762; x_wconf 84' lang='lat' dir='ltr'>procuratores</span> <span class='ocrx_word' id='word_1_210' title='bbox 1102 2710 1214 2742; x_wconf 92' lang='lat' dir='ltr'>suos</span> <span class='ocrx_word' id='word_1_211' title='bbox 1237 2693 1503 2740; x_wconf 90' lang='lat' dir='ltr'>huiusmodi</span> <span class='ocrx_word' id='word_1_212' title='bbox 1527 2693 1587 2739; x_wconf 90' lang='lat' dir='ltr'>ab</span> <span class='ocrx_word' id='word_1_213' title='bbox 1613 2693 1739 2739; x_wconf 91' lang='lat' dir='ltr'>omni</span> <span class='ocrx_word' id='word_1_214' title='bbox 1763 2708 1906 2740; x_wconf 91' lang='lat' dir='ltr'>onere</span> <span class='ocrx_word' id='word_1_215' title='bbox 1941 2693 2203 2741; x_wconf 88' lang='lat' dir='ltr'>satisdandi</span> <span class='ocrx_word' id='word_1_216' title='bbox 2241 2709 2297 2740; x_wconf 87' lang='lat' dir='ltr'>ac</span> <span class='ocrx_word' id='word_1_217' title='bbox 2325 2694 2507 2755; x_wconf 87' lang='lat' dir='ltr'>judicio</span> 
     </span>
     <span class='ocr_line' id='line_1_24' title="bbox 563 2781 2508 2849; baseline -0.004 -11"><span class='ocrx_word' id='word_1_218' title='bbox 563 2790 666 2838; x_wconf 85' lang='lat' dir='ltr'>sisti</span> <span class='ocrx_word' id='word_1_219' title='bbox 703 2793 752 2835; x_wconf 90' lang='lat' dir='ltr'>et</span> <span class='ocrx_word' id='word_1_220' title='bbox 781 2787 1048 2849; x_wconf 87' lang='lat' dir='ltr'>judicatum</span> <span class='ocrx_word' id='word_1_221' title='bbox 1084 2783 1203 2832; x_wconf 90' lang='lat' dir='ltr'>solui</span> <span class='ocrx_word' id='word_1_222' title='bbox 1239 2783 1287 2829; x_wconf 92' lang='lat' dir='ltr'>in</span> <span class='ocrx_word' id='word_1_223' title='bbox 1323 2782 1540 2830; x_wconf 90' lang='lat' dir='ltr'>omnibus</span> <span class='ocrx_word' id='word_1_224' title='bbox 1575 2786 1624 2829; x_wconf 93' lang='lat' dir='ltr'>et</span> <span class='ocrx_word' id='word_1_225' title='bbox 1660 2781 1855 2844; x_wconf 89' lang='lat' dir='ltr'>singulis</span> <span class='ocrx_word' id='word_1_226' title='bbox 1890 2781 2113 2831; x_wconf 90' lang='lat' dir='ltr'>clausulis</span> <span class='ocrx_word' id='word_1_227' title='bbox 2148 2783 2428 2832; x_wconf 90' lang='lat' dir='ltr'>necessariis</span> <span class='ocrx_word' id='word_1_228' title='bbox 2459 2789 2508 2831; x_wconf 92' lang='lat' dir='ltr'>et</span> 
     </span>
     <span class='ocr_line' id='line_1_25' title="bbox 564 2871 2507 2944; baseline -0.005 -16"><span class='ocrx_word' id='word_1_229' title='bbox 564 2878 808 2944; x_wconf 87' lang='lat' dir='ltr'>oportunis</span> <span class='ocrx_word' id='word_1_230' title='bbox 845 2877 941 2924; x_wconf 87' lang='lat' dir='ltr'>Sub</span> <span class='ocrx_word' id='word_1_231' title='bbox 979 2873 1264 2936; x_wconf 85' lang='lat' dir='ltr'>obligatione</span> <span class='ocrx_word' id='word_1_232' title='bbox 1300 2876 1350 2920; x_wconf 91' lang='lat' dir='ltr'>et</span> <span class='ocrx_word' id='word_1_233' title='bbox 1384 2871 1621 2935; x_wconf 85' lang='lat' dir='ltr'>ypotheca</span> <span class='ocrx_word' id='word_1_234' title='bbox 1645 2871 1850 2918; x_wconf 91' lang='lat' dir='ltr'>omnium</span> <span class='ocrx_word' id='word_1_235' title='bbox 1889 2876 1938 2919; x_wconf 90' lang='lat' dir='ltr'>et</span> <span class='ocrx_word' id='word_1_236' title='bbox 1970 2871 2256 2934; x_wconf 88' lang='lat' dir='ltr'>singulorum</span> <span class='ocrx_word' id='word_1_237' title='bbox 2281 2873 2507 2920; x_wconf 91' lang='lat' dir='ltr'>bonorum</span> 
     </span>
     <span class='ocr_line' id='line_1_26' title="bbox 563 2960 2508 3024; baseline -0.005 -6"><span class='ocrx_word' id='word_1_238' title='bbox 563 2986 751 3018; x_wconf 87' lang='lat' dir='ltr'>suorum</span> <span class='ocrx_word' id='word_1_239' title='bbox 785 2965 1027 3014; x_wconf 89' lang='lat' dir='ltr'>mobilium</span> <span class='ocrx_word' id='word_1_240' title='bbox 1065 2967 1113 3010; x_wconf 87' lang='lat' dir='ltr'>et</span> <span class='ocrx_word' id='word_1_241' title='bbox 1150 2961 1456 3009; x_wconf 90' lang='lat' dir='ltr'>immobilium</span> <span class='ocrx_word' id='word_1_242' title='bbox 1483 2960 1771 3023; x_wconf 89' lang='lat' dir='ltr'>presentium</span> <span class='ocrx_word' id='word_1_243' title='bbox 1809 2964 1858 3007; x_wconf 92' lang='lat' dir='ltr'>et</span> <span class='ocrx_word' id='word_1_244' title='bbox 1892 2960 2158 3008; x_wconf 81' lang='lat' dir='ltr'>futurorum</span> <span class='ocrx_word' id='word_1_245' title='bbox 2197 2961 2261 3008; x_wconf 89' lang='lat' dir='ltr'>Et</span> <span class='ocrx_word' id='word_1_246' title='bbox 2298 2961 2508 3024; x_wconf 88' lang='lat' dir='ltr'>qualibet</span> 
     </span>
     <span class='ocr_line' id='line_1_27' title="bbox 564 3049 2500 3120; baseline -0.004 -14"><span class='ocrx_word' id='word_1_247' title='bbox 564 3060 659 3107; x_wconf 88' lang='lat' dir='ltr'>alia</span> <span class='ocrx_word' id='word_1_248' title='bbox 689 3058 812 3120; x_wconf 84' lang='lat' dir='ltr'>juris</span> <span class='ocrx_word' id='word_1_249' title='bbox 850 3060 899 3103; x_wconf 88' lang='lat' dir='ltr'>et</span> <span class='ocrx_word' id='word_1_250' title='bbox 935 3053 1052 3101; x_wconf 86' lang='lat' dir='ltr'>facti</span> <span class='ocrx_word' id='word_1_251' title='bbox 1091 3052 1152 3099; x_wconf 91' lang='lat' dir='ltr'>ad</span> <span class='ocrx_word' id='word_1_252' title='bbox 1190 3052 1278 3098; x_wconf 91' lang='lat' dir='ltr'>hec</span> <span class='ocrx_word' id='word_1_253' title='bbox 1316 3049 1585 3098; x_wconf 87' lang='lat' dir='ltr'>necessaria</span> <span class='ocrx_word' id='word_1_254' title='bbox 1609 3049 1965 3097; x_wconf 89' lang='lat' dir='ltr'>renunciatione</span> <span class='ocrx_word' id='word_1_255' title='bbox 1990 3050 2170 3113; x_wconf 88' lang='lat' dir='ltr'>pariter</span> <span class='ocrx_word' id='word_1_256' title='bbox 2195 3055 2243 3097; x_wconf 88' lang='lat' dir='ltr'>et</span> <span class='ocrx_word' id='word_1_257' title='bbox 2268 3051 2459 3098; x_wconf 87' lang='lat' dir='ltr'>cautela</span> <span class='ocrx_word' id='word_1_258' title='bbox 2491 3082 2500 3105; x_wconf 72' lang='lat' dir='ltr'><em>s</em></span> 
     </span>
     <span class='ocr_line' id='line_1_28' title="bbox 568 3137 2511 3208; baseline -0.004 -13"><span class='ocrx_word' id='word_1_259' title='bbox 568 3149 642 3195; x_wconf 73' lang='lat' dir='ltr'>Ue</span> <span class='ocrx_word' id='word_1_260' title='bbox 679 3152 727 3195; x_wconf 88' lang='lat' dir='ltr'>et</span> <span class='ocrx_word' id='word_1_261' title='bbox 763 3160 903 3208; x_wconf 88' lang='lat' dir='ltr'>super</span> <span class='ocrx_word' id='word_1_262' title='bbox 938 3142 1106 3206; x_wconf 90' lang='lat' dir='ltr'>quibus</span> <span class='ocrx_word' id='word_1_263' title='bbox 1141 3139 1357 3188; x_wconf 89' lang='lat' dir='ltr'>omnibus</span> <span class='ocrx_word' id='word_1_264' title='bbox 1392 3142 1441 3186; x_wconf 90' lang='lat' dir='ltr'>et</span> <span class='ocrx_word' id='word_1_265' title='bbox 1476 3137 1671 3200; x_wconf 87' lang='lat' dir='ltr'>singulis</span> <span class='ocrx_word' id='word_1_266' title='bbox 1705 3138 1946 3202; x_wconf 88' lang='lat' dir='ltr'>premissis</span> <span class='ocrx_word' id='word_1_267' title='bbox 1979 3139 2193 3202; x_wconf 87' lang='lat' dir='ltr'>prefatus</span> <span class='ocrx_word' id='word_1_268' title='bbox 2218 3140 2511 3188; x_wconf 86' lang='lat' dir='ltr'>constituens</span> 
     </span>
     <span class='ocr_line' id='line_1_29' title="bbox 567 3227 2511 3294; baseline -0.006 -8"><span class='ocrx_word' id='word_1_269' title='bbox 567 3240 656 3288; x_wconf 88' lang='lat' dir='ltr'>sibi</span> <span class='ocrx_word' id='word_1_270' title='bbox 680 3236 781 3284; x_wconf 81' lang='lat' dir='ltr'>fieri</span> <span class='ocrx_word' id='word_1_271' title='bbox 807 3239 855 3282; x_wconf 90' lang='lat' dir='ltr'>et</span> <span class='ocrx_word' id='word_1_272' title='bbox 878 3232 1003 3281; x_wconf 90' lang='lat' dir='ltr'>tradi</span> <span class='ocrx_word' id='word_1_273' title='bbox 1029 3230 1168 3294; x_wconf 89' lang='lat' dir='ltr'>petiit</span> <span class='ocrx_word' id='word_1_274' title='bbox 1193 3233 1243 3276; x_wconf 91' lang='lat' dir='ltr'>et</span> <span class='ocrx_word' id='word_1_275' title='bbox 1267 3227 1513 3291; x_wconf 88' lang='lat' dir='ltr'>requisiuit</span> <span class='ocrx_word' id='word_1_276' title='bbox 1537 3243 1622 3290; x_wconf 90' lang='lat' dir='ltr'>per</span> <span class='ocrx_word' id='word_1_277' title='bbox 1647 3243 1721 3274; x_wconf 90' lang='lat' dir='ltr'>me</span> <span class='ocrx_word' id='word_1_278' title='bbox 1746 3227 1982 3274; x_wconf 87' lang='lat' dir='ltr'>notarium</span> <span class='ocrx_word' id='word_1_279' title='bbox 2014 3227 2251 3290; x_wconf 88' lang='lat' dir='ltr'>publicum</span> <span class='ocrx_word' id='word_1_280' title='bbox 2278 3228 2511 3292; x_wconf 86' lang='lat' dir='ltr'>subscrip-</span> 
     </span>
     <span class='ocr_line' id='line_1_30' title="bbox 567 3315 2511 3388; baseline -0.007 -11"><span class='ocrx_word' id='word_1_281' title='bbox 567 3336 667 3378; x_wconf 89' lang='lat' dir='ltr'>tum</span> <span class='ocrx_word' id='word_1_282' title='bbox 705 3327 764 3374; x_wconf 89' lang='lat' dir='ltr'>ad</span> <span class='ocrx_word' id='word_1_283' title='bbox 801 3339 919 3388; x_wconf 88' lang='lat' dir='ltr'>opus</span> <span class='ocrx_word' id='word_1_284' title='bbox 954 3336 1140 3370; x_wconf 91' lang='lat' dir='ltr'>suorum</span> <span class='ocrx_word' id='word_1_285' title='bbox 1167 3321 1522 3381; x_wconf 88' lang='lat' dir='ltr'>procuratorum</span> <span class='ocrx_word' id='word_1_286' title='bbox 1554 3315 1873 3378; x_wconf 88' lang='lat' dir='ltr'>predictorum</span> <span class='ocrx_word' id='word_1_287' title='bbox 1900 3331 2040 3362; x_wconf 92' lang='lat' dir='ltr'>unum</span> <span class='ocrx_word' id='word_1_288' title='bbox 2079 3316 2151 3364; x_wconf 85' lang='lat' dir='ltr'>vel</span> <span class='ocrx_word' id='word_1_289' title='bbox 2189 3317 2324 3380; x_wconf 88' lang='lat' dir='ltr'>plura</span> <span class='ocrx_word' id='word_1_290' title='bbox 2359 3317 2511 3380; x_wconf 94' lang='lat' dir='ltr'>publi-</span> 
     </span>
    </p>
   </div>
  </div>
 </body>
</html>
