3016 3958
339 2370 528 2417 CXIX.

1100 635 1403 693 OARTAE
1450 636 1952 694 ORIGINALES.
2390 641 2500 697 183

547 839 643 871 una
677 827 726 872 et
762 828 918 873 terras
952 827 1191 888 quondam
1219 827 1418 876 Henrici
1444 829 1682 877 Meldi-um
1707 829 1923 893 partibus
1956 829 2017 876 ab
2051 827 2205 877 altera
2238 833 2288 877 et
2323 829 2495 876 ibidem

536 913 706 962 -dictus
745 914 980 977 Magister
1022 914 1183 962 Dauid
1225 933 1372 964 unum
1413 933 1619 965 annuum
1663 917 1901 966 redditum
1949 917 2196 965 duodecim
2242 916 2495 966 solidorum

535 1007 738 1052 monete
774 1003 905 1067 regni
943 1004 1106 1052 Scotie
1141 1006 1387 1054 annuatim
1412 1005 1666 1054 leuandum
1705 1034 1715 1045 ·
1753 1034 1766 1048 ·
1805 1034 1815 1044 ·
1852 1007 1910 1055 de
1934 1006 2201 1056 huiusmodi
2223 1011 2496 1055 tenemento

600 1121 610 1130 -
651 1121 660 1130 ·
697 1093 746 1140 in
787 1093 1009 1142 manibus
1051 1093 1345 1143 honorabilis
1392 1095 1481 1143 viri
1525 1095 1718 1159 Georgii
1761 1095 1980 1144 Fentoun
2027 1096 2167 1144 unius
2211 1095 2495 1144 balliuorum

547 1181 774 1231 Ciuitatis
797 1181 1136 1231 Brechiuensis
1172 1183 1220 1231 in
1246 1183 1461 1232 fauorem
1485 1184 1769 1233 vicariorum
1793 1171 2147 1248 capellanorum
2182 1189 2232 1233 et
2267 1185 2495 1234 chorista-

546 1286 648 1318 rum
674 1271 807 1320 chori
831 1271 1033 1320 ecclesie
1058 1271 1350 1321 cathedralis
1370 1273 1707 1322 Brechiuensis
1730 1277 1780 1322 et
1804 1289 1994 1322 suorum
2020 1289 2346 1323 successorum
2385 1304 2394 1312 ·
2434 1304 2442 1312 -
2484 1304 2493 1313 ·

547 1360 809 1423 resignauit
859 1389 870 1399 ·
909 1389 920 1399 ·
960 1389 970 1398 ·
1020 1361 1122 1416 Qua
1175 1361 1492 1424 resignatione
1540 1363 1608 1411 sic
1653 1363 1785 1411 facta
1821 1392 1831 1401 ·
1870 1391 1881 1402 ·
1923 1391 1932 1401 ·
1969 1363 2094 1412 idem
2140 1364 2344 1413 balliuus
2382 1392 2392 1401 ·
2435 1394 2443 1403 -
2484 1394 2493 1403 ·

547 1449 774 1498 saisinam
813 1478 824 1488 ·
863 1478 873 1488 ·
913 1478 923 1488 ·
961 1450 1079 1498 dicti
1116 1450 1261 1498 annui
1299 1451 1518 1500 redditus
1556 1480 1567 1490 ·
1606 1480 1616 1490 ·
1655 1479 1667 1490 ·
1703 1453 1910 1502 discreto
1948 1453 2047 1501 viro
2083 1454 2274 1502 domino
2308 1454 2342 1501 J
2346 1456 2494 1503 acobo

550 1538 708 1587 Leslie
744 1540 982 1587 communi
1016 1540 1314 1604 procuratori
1350 1540 1584 1590 dictorum
1611 1541 1893 1590 vicariorum
1919 1542 2268 1607 capellanorum
2304 1548 2353 1592 et
2389 1545 2498 1593 cho-

539 1629 772 1678 -ristarum
811 1657 821 1667 ·
861 1657 871 1667 ·
911 1657 921 1668 ·
956 1630 1161 1678 tradidit
1199 1659 1210 1668 ·
1254 1658 1264 1668 ·
1303 1657 1315 1668 ·
1352 1632 1481 1679 Acta
1527 1635 1663 1679 erant
1709 1632 1798 1680 hec
1836 1659 1846 1669 ·
1885 1659 1897 1670 ·
1936 1660 1946 1670 ·
1982 1632 2279 1696 presentibus
2325 1632 2498 1681 ibidem

552 1718 800 1768 Willelmo
837 1720 1061 1769 Forbess
1082 1719 1245 1767 Dauid
1287 1719 1487 1768 Balfour
1529 1721 1713 1769 Thoma
1756 1719 1994 1770 Meldrum
2040 1721 2261 1769 Jobanne
2310 1723 2496 1770 Saidlar

548 1809 583 1855 J
587 1807 772 1857 ohanne
812 1809 1051 1858 Newtoun
1089 1813 1138 1857 et
1177 1809 1368 1858 domino
1409 1809 1656 1858 Willelmo
1697 1811 1909 1875 Murray.
1931 1810 2177 1875 capellano
2214 1827 2271 1859 ac
2308 1812 2493 1860 notario

550 1897 741 1961 publico
780 1914 888 1946 cum
922 1899 1125 1948 diuersis
1163 1898 1272 1948 aliis
1310 1927 1320 1936 -
1360 1927 1370 1937 ·
1411 1927 1421 1937 ·
2113 1885 2124 1893 “

622 1988 687 2034 Et
726 2003 812 2050 ego
852 2003 963 2036 vero
999 1988 1034 2035 J
1037 1988 1216 2036 acobus
1254 1988 1455 2052 Murray
1489 1988 1663 2037 artium
1687 1989 1916 2053 magister
1938 1990 2174 2054 presbiter
2211 1990 2498 2038 Brechiuen-

557 2077 624 2125 sis
649 2077 748 2125 (1ἰοο
777 2093 915 2125 sacra
937 2078 1228 2126 auctoritate
1252 2077 1519 2142 apostolica
1541 2079 1756 2127 notarius
1794 2107 1804 2116 ·
1843 2107 1854 2116 ·
1893 2107 1903 2117 ·

558 2341 955 2419 Instrumentum
993 2369 1198 2417 saisinae
1236 2369 1499 2417 tenementi
1537 2369 1772 2432 quondam
1810 2369 1845 2415 J
1849 2368 2047 2417 ohannis
2089 2368 2331 2432 Chepman
2377 2367 2496 2416 alias

557 2459 876 2506 Richertsoun
901 2457 1013 2505 olim
1039 2457 1155 2505 civis
1182 2456 1405 2506 Civitatis
1430 2457 1769 2506 Brechiuensis
1786 2443 1995 2519 jacentis
2018 2473 2078 2504 ex
2103 2461 2240 2520 parte
2276 2457 2495 2505 orientali

554 2549 765 2610 ejusdem
802 2547 928 2594 inter
963 2550 1118 2594 terras
1155 2546 1393 2608 quondam
1429 2545 1464 2592 J
1467 2546 1669 2594 ohannis
1707 2544 1893 2593 Guthre
1917 2546 1978 2592 ad
2003 2549 2215 2593 austrum
2254 2549 2303 2593 et
2339 2550 2493 2594 terras

554 2637 809 2684 haeredum
834 2635 1072 2699 quondam
1098 2633 1256 2680 David
1282 2633 1587 2695 Buthyrgask
1610 2634 1671 2680 ad
1692 2633 1883 2681 boream
1901 2633 2110 2681 traditae
2128 2649 2214 2696 per
2227 2634 2492 2696 praefatum

557 2726 811 2789 Georgium
838 2725 1057 2771 Fentoun
1075 2721 1300 2769 ballivum
1318 2721 1614 2769 antedictum
1634 2721 1878 2769 Richardo
1899 2721 2142 2783 Chepman
2156 2721 2366 2784 legitimo
2386 2723 2496 2770 hae-

556 2815 658 2863 redi
683 2813 801 2862 dicti
824 2812 1062 2876 quondam
1089 2811 1123 2857 J
1128 2809 1327 2858 ohannis
1350 2809 1422 2857 sui
1445 2809 1597 2872 patris
1621 2824 1779 2857 coram
1813 2809 1888 2857 his
1911 2809 2116 2858 testibus
2140 2811 2492 2860 honorabilibus

558 2910 607 2953 et
627 2903 845 2953 discretis
860 2902 973 2950 viris
992 2901 1226 2947 Duncano
1245 2899 1398 2946 Fethe
1415 2899 1473 2946 de
1493 2898 1774 2960 Cuykstoun
1791 2898 1994 2946 domin1s
2015 2898 2051 2944 J
2053 2899 2203 2947 acobo
2230 2899 2386 2948 Leslie
2409 2901 2443 2947 J
2447 2917 2497 2948 0-

557 2996 713 3042 hanne
737 2991 960 3041 Duncani
985 2989 1203 3038 Gilberto
1231 2987 1430 3035 Roberti
1465 2985 1722 3050 capellanis
1755 2986 1977 3033 Johanne
2016 2986 2250 3036 Matheris
2286 2988 2497 3037 Henrico

556 3082 766 3131 'Herzeld
792 3080 1051 3143 sergeando
1086 3093 1191 3125 cum
1218 3075 1420 3124 diversis
1443 3074 1551 3123 aliis
1589 3103 1598 3112 ·
1634 3074 1821 3122 Jacobo
1853 3073 2046 3138 Murray
2069 3077 2241 3123 artium
2274 3077 2497 3139 magistro

559 3167 1156 3236 presbitroBrechinensis
1182 3166 1293 3231 dioe0
1322 3180 1460 3214 sacra
1482 3163 1770 3211 auctoritate
1789 3162 2053 3226 apostolica
2076 3164 2262 3212 notario
2300 3193 2310 3202 ·
2347 3166 2376 3212 5
2403 3165 2499 3213 De-

563 3261 765 3310 cembris
792 3260 917 3307 1531
961 3287 969 3295 ·
