3022 3964
526 607 599 661 26
1090 608 1381 664 OARTAE
1426 607 1923 665 ORIGINALES.

528 800 578 845 et
601 796 820 847 ordinata
854 813 940 862 pro
975 798 1216 847 mansione
1252 802 1482 863 perpetua
1506 798 1683 847 eisdem
1714 797 1892 846 collata
1925 796 1974 844 in
2009 795 2306 844 edificatione
2340 795 2458 844 tecti

528 886 835 935 renouatione
859 887 907 935 in
932 887 1212 937 utensilibus
1236 891 1285 936 et
1311 887 1561 936 domiciliis
1586 887 1633 935 in
1658 886 1874 936 omnibus
1897 889 1947 935 et
1971 901 2055 950 per
2078 885 2236 934 omnia
2253 889 2393 949 prout
2411 886 2458 932 in

529 979 663 1024 carta
687 975 803 1024 dicti
827 975 1052 1040 principis
1076 977 1346 1026 continetur
1383 1005 1392 1015 ·
1430 976 1591 1025 Etiam
1611 975 1825 1025 volumus
1848 975 1973 1040 quod
2001 990 2120 1023 unus
2142 974 2459 1039 predictorum

531 1065 727 1113 duorum
754 1063 1104 1129 capellanorum
1129 1067 1189 1114 ad
1213 1066 1303 1114 hoc
1327 1066 1475 1129 magis
1498 1066 1735 1115 sufficiens
1769 1066 1943 1114 habeat
1982 1065 2188 1128 regimen
2226 1063 2458 1114 scolarum

530 1154 588 1201 de
613 1157 758 1202 cantu
782 1170 843 1202 ex
868 1158 1004 1218 parte
1030 1154 1252 1204 Cantoris
1275 1159 1325 1204 et
1349 1154 1473 1203 alter
1498 1155 1704 1218 regimen
1728 1153 1964 1203 scolarum
1989 1154 2047 1202 de
2071 1154 2381 1217 grammatica
2399 1170 2459 1202 ex

528 1246 664 1306 parte
689 1241 973 1292 Cancellarii
997 1259 1102 1292 cum
1128 1244 1416 1315 omnibus-et
1441 1243 1636 1307 singulis
1658 1244 1811 1292 foedis
1844 1243 2262 1292 consuetudinibus
2285 1247 2333 1292 et
2357 1259 2463 1307 pro-

528 1331 664 1381 ficuis
699 1331 932 1382 uniuersis
969 1332 1111 1382 dictis
1151 1332 1293 1382 scolis
1333 1333 1682 1398 pertinentibus
1715 1348 1799 1382 seu
1834 1333 2072 1397 pertinere
2111 1331 2376 1381 valentibus
2414 1336 2461 1380 in

527 1419 736 1469 futurum
762 1421 809 1469 iu
834 1421 1004 1486 quibus
1029 1421 1145 1471 dicti
1170 1421 1404 1487 capellani
1427 1422 1710 1471 laborabunt
1733 1421 1862 1471 horis
1884 1422 2162 1471 vacantibus
2186 1438 2217 1470 a
2240 1422 2413 1471 diuinis
2450 1451 2460 1460 -

531 1508 598 1558 Et
631 1510 691 1557 ad
730 1510 820 1559 hoc
861 1510 1235 1576 perimplendum
1273 1527 1329 1559 ac
1363 1511 1562 1560 firmiter
1623 1515 1672 1559 et
1732 1510 2071 1560 inuiolabiliter
2116 1512 2462 1560 obseruandum

530 1598 712 1647 Cantor
735 1602 786 1648 et
810 1598 1134 1649 Cancellarius
1158 1600 1253 1648 iam
1275 1603 1522 1664 presentes
1544 1601 1681 1650 nobis
1706 1600 1905 1650 Decano
1923 1604 1973 1649 et
1992 1600 2202 1665 capitulo
2225 1617 2311 1665 pro
2336 1617 2387 1651 se
2412 1606 2460 1650 et

529 1687 627 1737 suis
673 1688 1021 1738 successoribus
1067 1689 1434 1745 consentierunt,
1484 1693 1534 1738 et
1579 1690 1681 1739 sine
1741 1690 2046 1739 reuocatione
2099 1689 2303 1738 fideliter
2356 1707 2461 1755 pro-

528 1777 770 1833 miserunt,
795 1781 848 1826 ut
870 1782 1005 1842 patet
1040 1778 1138 1827 suis
1172 1777 1338 1841 sigillis
1362 1778 1467 1828 istis
1500 1777 1654 1827 literis
1688 1778 2005 1843 pendentibus
2044 1807 2054 1817 ·
2092 1779 2219 1828 Item
2248 1778 2462 1829 volumus

529 1870 578 1915 et
615 1867 886 1917 ordinamus
922 1883 1007 1931 pro
1047 1867 1183 1917 nobis
1221 1872 1270 1916 et
1308 1867 1486 1917 nostris
1520 1867 1874 1917 successoribus
1913 1867 2150 1932 episcopis
2184 1868 2376 1917 decanis
2410 1873 2459 1917 et

527 1956 767 2005 canonicis
788 1956 1086 2020 presentibus
1111 1960 1160 2005 et
1183 1957 1355 2006 futuris
1378 1957 1577 2005 firmiter
1614 1960 1663 2005 et
1701 1957 2045 2021 imperpetuum
2070 1957 2311 2007 obseruari
2335 1959 2459 2022 quod

526 2045 748 2110 expensis
784 2046 1139 2096 communitatis
1187 2050 1348 2095 nostre
1392 2046 1559 2094 decani
1607 2050 1657 2095 et
1703 2045 1901 2111 capituli
1948 2046 1997 2095 in
2044 2046 2259 2097 omnibus
2305 2047 2460 2097 missis

529 2135 741 2184 dicendis
776 2135 825 2183 in
862 2139 1024 2184 nostra
1060 2134 1262 2184 ecclesia
1296 2151 1381 2199 pro
1417 2136 1576 2183 anima
1596 2136 1630 2182 J
1634 2135 1833 2184 ohannis
1867 2134 2076 2200 episcopi
2110 2139 2461 2185 antecessorum

530 2240 720 2273 suorum
745 2229 794 2274 et
818 2239 1138 2274 successorum
1165 2229 1214 2273 et
1239 2224 1383 2273 etiam
1421 2224 1496 2272 die
1533 2224 1691 2274 obitus
1725 2224 1799 2273 sui
1835 2223 1992 2288 vigilie
2026 2228 2314 2273 mortuorum
2351 2241 2459 2274 cum

528 2314 672 2363 missa
696 2315 753 2362 de
777 2314 984 2378 requiem
1010 2314 1055 2361 in
1084 2314 1292 2363 crastino
1319 2314 1443 2378 quod
1468 2314 1550 2362 fiet
1574 2314 1622 2362 in
1646 2313 1863 2363 omnibus
1894 2317 2036 2378 prout
2073 2314 2132 2362 de
2167 2314 2312 2363 missa
2346 2315 2461 2363 dicti

529 2403 754 2468 principis
775 2403 990 2467 superius
1013 2407 1087 2452 est
1111 2418 1384 2467 expressum
1423 2407 1472 2452 et
1507 2403 1597 2451 hoc
1620 2402 1767 2451 libere
1791 2402 1995 2452 facimus
2028 2418 2114 2467 pro
2148 2403 2306 2452 anima
2342 2405 2458 2453 dicti

525 2492 734 2557 episcopi
770 2496 964 2557 propter
998 2492 1391 2541 sustentationem
1429 2491 1563 2540 vnius
1599 2490 1832 2555 capellani
1870 2491 1930 2539 ad
1967 2490 2296 2540 celebrandam
2333 2494 2458 2542 omni

528 2582 604 2630 die
627 2598 763 2630 vnam
783 2582 971 2631 missam
996 2583 1058 2629 ad
1081 2581 1233 2630 altare
1253 2582 1428 2630 Sancte
1449 2581 1615 2630 Crucis
1639 2581 1687 2628 in
1712 2580 1842 2628 dicta
1866 2580 2068 2630 ecclesia
2091 2597 2182 2645 que
2206 2581 2458 2646 incipietur

500 2689 502 2691 ·
529 2690 557 2720 a
579 2672 730 2736 primo
754 2670 893 2735 pulsu
918 2672 978 2719 ad
1004 2687 1221 2735 magnam
1246 2671 1454 2726 missam,
1479 2675 1528 2719 et
1554 2670 1644 2718 erit
1679 2685 1866 2733 semper
1889 2669 1947 2717 de
1973 2669 2125 2719 Cruce
2162 2686 2268 2719 cum
2305 2672 2457 2719 officio

528 2762 586 2808 de
605 2760 681 2809 die
700 2764 808 2825 post
826 2759 1015 2809 missam
1055 2788 1064 2798 ·
1104 2760 1299 2809 Necnon
1317 2763 1512 2825 propter
1524 2759 1955 2823 augmentationem
1972 2758 2132 2809 cultus
2146 2759 2294 2808 diuini
2314 2776 2452 2824 quam

527 2851 626 2914 ipse
650 2850 897 2913 episcopus
919 2864 1005 2898 suo
1028 2852 1241 2913 tempore
1264 2848 1312 2897 in
1338 2848 1470 2898 dicta
1503 2847 1706 2897 ecclesia
1738 2847 1854 2897 fecit
1888 2847 1987 2897 suis
2019 2847 2258 2897 laboribus
2291 2853 2341 2897 et
2375 2866 2458 2897 ex-

526 2938 684 3003 pensis
721 2942 770 2986 et
807 2938 868 2986 ab
888 2936 1023 2994 aliis,
1060 2938 1186 2987 dicte
1221 2936 1421 2987 ecclesie
1468 2936 1570 2985 fieri
1610 2936 1882 3001 procurauit
1930 2935 2090 2985 Etiam
2126 2936 2338 2987 volumus
2371 2955 2457 3002 pro

526 3027 662 3076 nobis
686 3031 736 3075 et
759 3025 933 3075 nostris
956 3011 1308 3075 successoribus
1331 3026 1457 3091 quod
1494 3029 1607 3075 ante
1641 3024 1959 3089 inceptionem
1993 3040 2159 3088 magne
2194 3026 2336 3075 misse
2371 3043 2456 3091 pro

526 3117 654 3165 dicto
690 3116 900 3180 principe
935 3115 1088 3164 fiende
1122 3115 1350 3164 faciemus
1383 3113 1572 3179 pulsare
1607 3127 1862 3178 campanas
1895 3113 2019 3162 sicut
2052 3129 2138 3177 pro
2174 3113 2337 3163 vltimo
2371 3132 2456 3179 pro

525 3221 694 3269 magna
717 3205 860 3253 missa
887 3208 1164 3253 consuetum
1189 3207 1263 3253 est
1286 3203 1386 3252 fieri
1424 3240 1435 3251 .
1472 3206 1522 3252 et
1547 3202 1662 3267 quia
1696 3201 1829 3251 locus
1867 3217 2005 3266 quem
2045 3202 2200 3251 dictus
2237 3203 2455 3269 princeps

523 3295 656 3343 dedit
681 3298 730 3343 et
754 3293 1015 3357 assignauit
1038 3293 1098 3341 ad
1123 3293 1313 3341 domum
1337 3292 1700 3341 construendam
1726 3290 1869 3340 dictis
1891 3290 2167 3355 presbiteris
2205 3295 2254 3340 et
2294 3294 2453 3356 pueris
