3016 3958
576 614 687 668 310
1053 612 1368 668 CARTAE
1408 609 2036 667 MISOELLANEAE.

578 791 757 834 wtheris
779 791 863 833 and
885 791 1025 834 haldis
1045 792 1193 834 thame
1214 791 1330 834 weill
1353 794 1533 834 content
1556 790 1642 832 and
1662 790 1784 846 payit
1803 790 1852 832 of
1877 787 1938 830 all
1958 787 2162 844 compttis

581 872 644 913 off
662 872 934 927 assignation
964 876 1010 914 to
1040 872 1115 913 the
1148 872 1241 913 said
1272 871 1460 920 Johnne,
1485 871 1569 913 and
1600 874 1693 912 rest
1722 871 1786 911 off
1813 867 2018 911 Forderis
2037 871 2084 910 to
2111 862 2187 910 the
2209 868 2302 911 said
2322 869 2526 924 bischope

548 939 559 950 ⁰
588 950 868 1001 Allexander,
890 951 974 993 and
1004 951 1094 993 this
1119 955 1295 1008 present
1324 956 1371 993 to
1407 951 1535 993 stand
1564 951 1610 991 in
1641 950 1943 1005 acquittance:
1974 951 2020 992 in
2050 949 2360 992 testificatioun
2390 950 2533 991 heirof

583 1031 723 1073 beitht
743 1031 816 1073 the
837 1030 1056 1073 foirsaidis
1076 1031 1241 1087 parteis
1262 1031 1341 1073 hes
1364 1030 1610 1087 subscryuit
1629 1031 1719 1072 thir
1739 1030 1847 1073 with
1868 1031 1967 1072 ther
1986 1030 2138 1072 hands.

1798 1110 2048 1152 Alexander
2069 1110 2117 1152 Β.
2140 1109 2188 1152 of
2210 1109 2410 1152 Brechin.

1805 1191 1831 1232 J
1836 1191 1948 1232 hone
1970 1190 2144 1246 Erskyn
2166 1189 2214 1231 of
2240 1189 2356 1231 Dun-

1385 1432 1746 1474 CARRESTON
1778 1463 1787 1474 .

587 1548 719 1591 Carta
739 1548 769 1591 J
772 1547 956 1590 ohannis
978 1548 1167 1604 episcopi
1189 1547 1217 1590 J
1220 1549 1379 1590 ohanni
1402 1548 1567 1604 Owdny
1589 1549 1768 1603 ejusque
1792 1562 1948 1604 sponse
1983 1578 1993 1590 .

266 1670 559 1713 CCLXXIII.
585 1663 808 1717 Omnibus
842 1704 850 1713 .
886 1704 894 1713 .
928 1703 938 1714 .
970 1671 1194 1714 Johannes
1227 1703 1237 1713 .
1271 1704 1280 1714 .
1315 1703 1325 1713 .
1357 1673 1585 1730 episcopus
1607 1674 1914 1717 Brechinensis
1949 1707 1957 1716 .
1989 1706 1999 1717 .
2033 1707 2043 1716 .
2076 1674 2305 1717 Noueritis
2325 1689 2406 1717 nos
2428 1689 2524 1717 cum

584 1766 796 1794 consensu
829 1784 838 1794 .
871 1784 880 1793 .
914 1784 922 1794 .
955 1752 1134 1808 capituli
1157 1753 1296 1794 nostri
1316 1753 1371 1794 ad
1392 1754 1473 1794 hoc
1494 1754 1793 1809 capitulariter
1814 1755 2066 1810 congregati
2098 1786 2107 1796 .
2143 1785 2153 1795 .
2187 1785 2197 1795 .
2228 1755 2399 1797 dedisse
2432 1788 2440 1797 .
2475 1787 2484 1797 .
2519 1788 2526 1797 .

584 1831 612 1873 J
615 1830 775 1873 ohanni
799 1831 965 1887 Owdny
985 1832 1069 1873 ciui
1091 1835 1239 1874 nostre
1264 1831 1467 1874 Ciuitatis
1497 1833 1804 1876 Brechinensis
1825 1838 1869 1875 et
1892 1834 2145 1890 Margarete
2176 1834 2413 1891 Dempster
2434 1836 2526 1877 eius

585 1926 741 1967 sponse
763 1915 809 1954 et
828 1925 976 1954 eorum
997 1911 1126 1954 alteri
1145 1911 1309 1954 diutius
1330 1912 1495 1954 viuenti
1517 1916 1562 1955 et
1581 1913 1813 1955 heredibus
1833 1913 1948 1955 inter
1971 1914 2092 1970 ipsos
2114 1914 2307 1970 legitime
2328 1930 2529 1970 procrea-

581 1992 642 2034 tis
686 2005 762 2033 seu
806 1991 1085 2047 procreandis
1127 1992 1285 2047 quibus
1315 2024 1325 2034 .
1358 2024 1367 2034 .
1401 2024 1410 2034 .
1442 1992 1740 2035 deficientibus
1783 1994 1898 2035 veris
1931 2024 1941 2035 .
1975 2026 1983 2036 .
2021 1998 2107 2036 ..et
2147 1995 2531 2050 propinquioribus

578 2071 810 2113 heredibus
842 2071 1001 2127 prefati
1033 2071 1248 2114 Johannis
1284 2071 1450 2128 Owdny
1486 2072 1816 2128 quibuscunque
1848 2104 1859 2116 .
1890 2105 1900 2115 .
1935 2103 1946 2116 .
1978 2074 2191 2129 quoddam
2232 2079 2527 2116 tenementum

587 2165 684 2192 cum
719 2151 994 2206 pertinentiis
1034 2151 1187 2206 jacens
1222 2151 1336 2193 infra
1378 2151 1612 2195 Ciuitatem
1649 2157 1846 2195 nostram
1879 2183 1890 2195 .
1923 2184 1934 2194 .
1967 2184 1978 2194 .
2010 2154 2273 2196 antedictam
2309 2169 2362 2196 cx
2403 2160 2528 2211 parte

582 2230 783 2272 orientali
810 2230 1001 2272 ciusdem
1022 2230 1136 2273 inter
1164 2233 1304 2272 terras
1327 2230 1354 2272 J
1357 2232 1480 2273 acobi
1513 2231 1756 2275 Cravmont
1776 2233 1828 2274 de
1851 2232 2049 2275 Auldbar
2071 2236 2115 2275 et
2135 2248 2249 2275 nunc
2271 2248 2373 2276 vero
2396 2234 2531 2276 Alex-

586 2311 706 2352 andri
730 2310 863 2352 Knox
883 2311 937 2352 ad
957 2311 1124 2353 boriam
1145 2315 1287 2354 terras
1307 2311 1508 2367 magistri
1530 2312 1744 2354 Willelmi
1777 2313 1996 2356 Meldrum
2024 2313 2127 2355 olim
2149 2313 2298 2356 vicarii
2321 2314 2528 2356 Brechin-

587 2392 704 2433 ensis
736 2391 790 2433 ad
820 2394 1017 2433 austrum
1049 2396 1190 2433 terras
1214 2391 1422 2433 heredum
1453 2391 1482 2433 J
1485 2392 1638 2434 oannis
1666 2392 1781 2435 Scall
1807 2393 1862 2435 ad
1884 2393 2028 2435 oriens
2049 2397 2095 2435 et
2113 2407 2383 2435 communem
2414 2395 2529 2436 viam

581 2471 746 2527 regiam
782 2470 838 2512 ad
869 2470 1067 2512 occidens
1102 2502 1110 2511 .
1143 2470 1440 2526 Quodquidem
1470 2475 1765 2514 tenementum
1798 2503 1808 2513 .
1843 2503 1853 2513 .
1885 2505 1895 2515 .
1928 2472 2032 2514 olim
2054 2472 2139 2515 fuit
2170 2473 2336 2515 Thome
2360 2473 2531 2530 Capper

582 2556 626 2592 et
647 2549 758 2606 quod
782 2550 895 2592 idem
917 2550 1108 2592 Thomas
1139 2549 1310 2606 Capper
1340 2583 1350 2592 .
1385 2582 1392 2591 .
1426 2583 1435 2592 .
1470 2551 1515 2592 in
1546 2552 1747 2594 manibus
1777 2552 1942 2594 nostris
1975 2585 1984 2594 .
2019 2585 2028 2594 .
2063 2582 2074 2594 .
2108 2552 2367 2608 simpliciter
2395 2555 2531 2610 resig-

582 2630 706 2671 nauit
737 2660 746 2670 .
780 2661 789 2671 .
827 2661 836 2671 .
864 2629 1116 2671 Tenendum
1149 2663 1159 2671 .
1198 2661 1207 2672 .
1241 2662 1250 2671 .
1282 2630 1335 2672 de
1366 2630 1491 2673 nobis
1522 2635 1566 2673 et
1597 2631 1926 2675 successoribus
1968 2632 2134 2675 nostris
2164 2632 2531 2677 Brechinensibus

584 2709 796 2765 episcopis
826 2709 871 2751 in
900 2708 1036 2752 libero
1067 2710 1278 2766 burgagio
1309 2710 1552 2753 feodifirma
1582 2715 1627 2753 et-
1655 2711 1897 2754 hereditate
1927 2712 2245 2768 imperpetuum
2276 2745 2284 2755 .
2319 2744 2330 2755 .
2368 2745 2376 2754 .
2409 2713 2523 2755 Red-

585 2789 722 2830 dendo
743 2788 842 2830 inde
863 2788 1087 2831 annuatim
1119 2821 1128 2831 .
1164 2822 1173 2831 .
1206 2822 1215 2831 .
1248 2790 1373 2832 nobis
1402 2795 1447 2832 et
1469 2791 1791 2834 successoribus
1822 2792 1985 2834 nostris
2019 2824 2029 2834 .
2063 2822 2074 2832 .
2107 2823 2118 2834 .
2151 2806 2363 2834 summam
2394 2794 2528 2835 trium

588 2868 820 2910 solidorum
865 2898 875 2909 .
907 2901 917 2910 .
951 2901 960 2910 .
1004 2872 1176 2911 monete
1210 2901 1220 2911 .
1254 2898 1265 2910 .
1297 2902 1306 2912 .
1342 2869 1485 2912 Seotie
1518 2901 1527 2915 .
1562 2901 1573 2911 .
1606 2902 1614 2912 .
1649 2870 1702 2912 In
1742 2871 1866 2913 cuius
1900 2871 1965 2912 rei
1998 2871 2297 2913 testimonium
2339 2872 2530 2927 sigillum

588 2952 785 2990 nostrum
819 2949 1051 2990 rotundum
1082 2963 1133 2991 ae
1166 2949 1298 2992 etiam
1321 2963 1546 2992 commune
1580 2950 1772 3006 sigillum
1803 2950 1908 2992 dicti
1943 2950 2121 3006 capituli
2151 2951 2426 3005 presentibus
2456 2965 2533 3008 ap-

593 3045 730 3087 pensa
751 3035 851 3073 sunt
871 3032 986 3087 apud
1007 3031 1240 3075 ciuitatem
1261 3036 1456 3075 nostram
1485 3033 1748 3089 sepedictam
1768 3033 1836 3075 die
1859 3033 1965 3074 xxiii
1986 3033 2148 3075 mensis
2169 3033 2397 3076 Februarii
2417 3050 2531 3078 anno

592 3110 767 3152 Domini
787 3109 1014 3153 millesimo
1031 3112 1379 3168 quingentesimo
1401 3112 1761 3169 quinquagesimo
1783 3113 1971 3155 secundo
1991 3117 2037 3155 et
2057 3127 2171 3155 anno
2193 3115 2533 3157 consecrationis

591 3193 738 3231 nostre
756 3189 877 3230 xxxi⁰
897 3203 1042 3232 coram
1057 3191 1126 3233 his
1142 3191 1329 3234 testibus
1360 3224 1370 3234 .
1403 3224 1412 3234 .
1447 3222 1458 3233 .
1488 3192 1675 3235 dominis
1692 3191 1722 3234 J
1722 3193 1856 3234 acobo
1878 3191 2154 3235 Robertsoun
2177 3192 2320 3235 Dauid
2343 3194 2532 3237 Moreiss

596 3269 623 3311 J
627 3269 760 3311 acobo
782 3267 919 3311 Lamb
941 3273 986 3311 et
1004 3271 1213 3326 magistro
1239 3271 1408 3314 Thoma
1437 3271 1592 3314 Bowse
1625 3302 1636 3313 .
1669 3304 1678 3314 .
1711 3303 1720 3313 .

1715 3349 1771 3392 Jo
1790 3364 1799 3391 τ
1822 3350 2049 3407 episcopus
2070 3350 2376 3395 Brechinensis
2408 3384 2418 3397 .
