3016 3958
537 638 609 694 76
663 639 669 644 ’
1121 637 1412 693 CARTAE
1458 637 1958 693 ORIGINALES.

541 828 656 875 dicti
694 827 905 891 Capituli
943 828 1109 892 sigillis
1143 827 1376 891 sigillatas
1411 827 1790 875 examinauimus
1826 830 1875 874 et
1913 825 2166 889 diligenter
2190 826 2480 890 inspeximus

542 920 591 964 et
633 934 778 980 quare
819 923 927 982 post
964 917 1237 982 diligentem
1273 917 1614 981 inspectionem
1650 921 1699 965 et
1735 915 2135 964 examinationem
2171 915 2483 979 comperimus

542 1007 810 1056 huiusmodi
834 1006 1000 1056 literas
1023 1023 1129 1055 cum
1155 1006 1296 1055 dictis
1320 1006 1485 1069 sigillis
1507 1006 1608 1054 fore
1633 1021 1773 1054 sanas
1807 1010 1857 1052 et
1894 1005 2102 1066 integras
2125 1019 2181 1052 ac
2207 1004 2332 1062 omni
2369 1004 2483 1050 vitio

541 1099 590 1143 et
627 1096 891 1159 suspicione
929 1101 1145 1144 carentes
1183 1124 1193 1133 ·
1231 1095 1419 1143 Idcirco
1454 1111 1540 1144 nos
1574 1095 1608 1141 J
1612 1095 1822 1143 ohannes
1859 1093 2125 1158 Episcopus
2162 1092 2374 1156 prefatus
2397 1108 2483 1155 pro

542 1184 768 1233 tribunali
810 1186 1031 1234 sedentes
1071 1185 1224 1233 dictas
1265 1183 1428 1232 literas
1468 1200 1553 1246 per
1586 1183 1822 1231 notarium
1858 1181 2095 1246 publicum
2132 1181 2482 1244 infrascriptum

542 1274 798 1324 transsumi
823 1279 872 1322 et
898 1274 1157 1338 exemplari
1192 1289 1248 1321 ac
1284 1274 1332 1320 in
1366 1273 1603 1336 publicam
1627 1271 1936 1335 transsumpti
1959 1271 2159 1319 formam
2183 1270 2331 1332 redigi
2355 1286 2484 1316 man-

547 1363 763 1412 dauimus
786 1367 835 1412 et
862 1363 1084 1412 iussimus
1101 1364 1162 1411 ad
1186 1362 1393 1411 futuram
1418 1362 1486 1409 rei
1510 1361 1786 1409 memoriam
1814 1388 1824 1397 ·
1851 1360 2060 1415 Quarum
2084 1359 2327 1408 literarum
2347 1362 2484 1406 tenor

546 1452 762 1515 sequitur
786 1456 835 1500 et
859 1456 933 1500 est
955 1451 1082 1508 talis,
1108 1451 1357 1499 Uniuersis
1381 1454 1544 1499 sancte
1564 1450 1731 1498 matris
1748 1448 1948 1497 ecclesie
1966 1448 2075 1497 filiis
2098 1450 2159 1496 ad
2185 1464 2384 1512 quorum
2403 1464 2485 1495 no-

545 1541 710 1590 ticiam
745 1546 990 1605 presentes
1024 1541 1162 1589 litere
1199 1539 1415 1587 uenerint
1451 1537 1690 1587 Patricius
1724 1538 2026 1586 miseratione
2051 1538 2215 1585 diuina
2238 1538 2485 1600 episcopus

547 1630 882 1679 Brechinensis
900 1635 950 1678 et
969 1630 1178 1678 eiusdem
1202 1629 1295 1677 loci
1314 1627 1573 1692 capitulum
1594 1626 1807 1675 Salutem
1826 1627 1873 1673 in
1893 1626 2082 1674 domino
2100 1626 2435 1689 sempiternam
2474 1653 2483 1661 ·

547 1719 791 1768 Noueritis
825 1735 912 1768 nos
935 1719 983 1766 in
1006 1722 1170 1767 nostro
1194 1716 1404 1781 capitulo
1429 1716 1505 1764 die
1530 1715 1840 1764 confectionis
1864 1714 2151 1778 presentium
2176 1713 2486 1777 personaliter

546 1809 811 1857 existentes
834 1807 1130 1870 congregatis
1168 1806 1343 1854 ibidem
1379 1804 1556 1855 nostris
1579 1803 1821 1852 canonicis
1845 1803 2199 1867 rectoribusque
2225 1808 2274 1851 et
2298 1803 2486 1851 vicariis

543 1903 706 1947 nostre
755 1898 971 1946 dioecesis
1018 1896 1283 1946 senioribus
1317 1896 1379 1942 ad
1414 1894 1504 1942 hoc
1539 1891 1868 1957 capitulariter
1903 1893 2084 1941 vocatis
2121 1907 2262 1956 super
2300 1891 2487 1954 juribus

545 1993 594 2035 et
641 1986 952 2049 qualitatibus
997 1984 1286 2048 singulorum
1320 1983 1652 2031 beneficiorum
1701 1981 1900 2030 ecclesie
1938 1986 2097 2030 nostre
2135 1982 2348 2045 predicte
2386 1986 2485 2029 tam

546 2093 631 2140 per
666 2075 1006 2139 inspectionem
1042 2077 1332 2123 statutorum
1371 2076 1420 2119 et
1455 2071 1853 2119 munimentorum
1888 2086 2027 2133 quam
2062 2087 2148 2134 per
2188 2071 2488 2120 consuetudi-

549 2182 633 2214 nes
667 2165 956 2229 approbatas
989 2163 1044 2211 ab
1079 2162 1190 2211 olim
1223 2162 1272 2209 in
1309 2161 1525 2225 predicta
1559 2164 1723 2209 nostra
1758 2159 1960 2208 ecclesia
1994 2159 2197 2209 usitatas
2238 2159 2489 2223 diligenter

546 2253 833 2302 tractauisse
881 2251 1182 2316 inquisiuisse
1229 2254 1279 2298 et
1329 2265 1433 2297 cum
1485 2248 1775 2312 competenti
1834 2248 2177 2297 deliberatione
2220 2247 2490 2297 declarasse

553 2344 683 2399 Quot
724 2346 774 2390 et
812 2341 971 2405 qualia
1007 2341 1103 2389 sint
1140 2339 1369 2387 beneficia
1402 2338 1618 2402 predicta
1652 2342 1701 2385 et
1741 2354 1830 2401 que
1866 2338 2071 2400 ipsorum
2109 2338 2363 2400 dignitates
2399 2354 2488 2400 que

554 2432 710 2480 officia
746 2447 836 2494 que
871 2430 1109 2494 prebende
1147 2457 1156 2466 ·
1195 2427 1291 2475 Ubi
1334 2427 1551 2475 undecim
1587 2427 1815 2474 beneficia
1864 2427 1912 2473 in
1962 2428 2268 2476 canonicatus
2303 2428 2351 2475 in
2386 2445 2491 2491 pre-

557 2521 687 2568 dicta
735 2518 936 2568 ecclesia
981 2517 1249 2581 antiquitus
1294 2516 1494 2564 fundata
1549 2516 1862 2578 comperimus
1909 2520 1957 2563 et
2006 2521 2169 2565 creata
2218 2554 2227 2564 .
2280 2518 2489 2573 Quorum

551 2614 753 2673 quatuor
787 2611 898 2656 sunt
937 2605 1195 2670 dignitates
1232 2604 1467 2660 videlicet,
1507 2604 1797 2660 Decanatus,
1836 2606 2064 2660 cantoria,
2103 2605 2398 2661 cancellaria,
2439 2610 2488 2654 et

553 2702 853 2750 thezauraria
890 2729 899 2738 ·
937 2701 1165 2756 Quintum
1206 2715 1317 2747 vero
1364 2698 1585 2747 videlicet
1632 2699 2046 2748 archidiaconatus
2092 2700 2295 2748 officium
2331 2705 2404 2748 est
2439 2700 2487 2747 in

555 2791 756 2840 ecclesia
796 2790 1013 2855 predicta
1050 2817 1060 2827 ·
1098 2789 1164 2837 Et
1199 2789 1293 2837 ista
1329 2788 1533 2852 quinque
1569 2787 1797 2835 beneficia
1829 2792 2056 2851 tanquam
2091 2787 2488 2851 incompassibilia

554 2897 662 2928 cum
686 2879 792 2927 aliis
816 2878 1055 2927 beneficiis
1078 2880 1411 2941 nuncupantur
1447 2903 1458 2915 ·
1496 2876 1702 2940 Reliqua
1737 2892 1848 2924 vero
1882 2892 1969 2925 sex
2004 2877 2231 2924 beneficia
2265 2876 2486 2924 videlicet

554 2969 744 3024 vicaria,
768 2968 1079 3031 pensionaria,
1104 2966 1485 3020 subdiaconatus,
1512 2963 1746 3027 Kylmoir,
1775 2963 2058 3027 Buthyrgill,
2083 2968 2132 3012 et
2158 2965 2360 3027 Guthry‚
2375 2965 2486 3013 sim-

555 3059 703 3122 plices
743 3057 1008 3120 prebendas
1044 3055 1306 3119 reperimus
1343 3058 1392 3102 et
1429 3051 1784 3117 compassibiles
1823 3068 1930 3100 cum
1967 3053 2194 3101 beneficio
2231 3057 2399 3101 curato
2436 3058 2485 3100 et

554 3148 681 3194 omni
704 3146 799 3194 alio
825 3145 1154 3209 qualicumque
1192 3171 1202 3180 ·
1240 3143 1307 3190 Et
1342 3142 1455 3190 licet
1493 3140 1792 3205 prebendarii
1828 3141 2000 3188 vicarie
2035 3145 2084 3188 et
2119 3142 2484 3191 subdiaconatus

552 3235 756 3284 vicarius
798 3237 1026 3281 vocentur
1066 3236 1116 3280 et
1158 3232 1454 3280 subdecanus
1491 3244 1606 3278 voce
1655 3228 1847 3284 verbali,
1895 3245 2054 3276 curam
2101 3234 2261 3278 tamen
2305 3231 2482 3278 nullam

552 3325 729 3372 habent
766 3337 854 3370 nec
889 3320 1134 3384 dignitatis
1159 3318 1505 3383 prerogatiuam
1540 3333 1630 3366 nec
1666 3317 1867 3366 officium
1907 3333 1993 3366 nec
2028 3319 2485 3368 administrationem
