3016 3958
167 1611 509 1659 CLXXXIII.

530 617 642 670 244
1076 591 1367 675 eARTAE
1412 620 1911 676 ORIGINALES.

531 810 764 854 terrarum
786 809 844 855 de
871 808 1115 857 Kirktoun
1140 811 1197 858 de
1225 811 1440 873 Kynneff
1458 826 1562 857 cum
1588 810 1814 858 maneriei
1838 810 1943 858 loco
1969 814 2018 858 et
2042 810 2279 858 fortalicio
2304 826 2470 858 earun-

534 895 639 942 dem
678 899 845 944 vocato
882 897 1244 953 Quhissilberrie
1281 914 1384 946 cum
1427 899 1696 947 molendino
1732 901 1790 947 de
1828 899 2044 962 Kynneff
2070 900 2212 948 terris
2245 899 2471 947 molendi-

535 984 679 1032 nariis
703 985 922 1035 multuris
946 986 1150 1050 sequelis
1175 991 1224 1035 et
1248 988 1550 1051 pertinentiis
1574 989 1827 1035 earundem
1855 992 1904 1036 et
1924 1005 2030 1035 cum
2055 988 2320 1051 piscatione
2343 988 2472 1036 albo-

535 1090 633 1120 rum
660 1074 858 1137 piscium
883 1075 1047 1123 iisdem
1073 1076 1373 1124 incumbente
1394 1142 1396 1145 ἡ
1402 1077 1666 1138 jacentium
1693 1077 1739 1124 in
1766 1078 1989 1140 parochia
2015 1078 2073 1124 de
2103 1077 2318 1139 Kynneff
2351 1077 2473 1124 infra

534 1162 915 1210 vicecomitatum
965 1165 1022 1211 de
1073 1165 1394 1228 Kyncardyne
1440 1194 1450 1203 ·
1495 1167 1627 1214 Data
1674 1182 1832 1214 coram
1879 1167 1954 1214 his
2000 1167 2205 1214 testibus
2257 1166 2472 1213 Roberto

538 1251 739 1298 Moncur
775 1252 921 1300 fratre
956 1269 1179 1315 germano
1218 1254 1365 1317 ipsius
1395 1254 1632 1303 Johannis
1671 1260 1719 1303 et
1755 1256 1977 1303 Johanne
2016 1255 2254 1317 Lindesay
2288 1255 2474 1302 notario

534 1339 723 1402 publico
762 1369 771 1378 ·
809 1342 838 1387 8
866 1341 1044 1405 Aprilis
1072 1343 1199 1390 1625
1241 1371 1250 1379 ·

547 1575 730 1658 Carta
776 1626 1000 1659 concessa
1055 1627 1140 1674 per
1197 1612 1449 1674 Georgium
1498 1612 1822 1660 vicecomitem
1865 1613 1923 1659 (16
1965 1611 2174 1675 Dupline
2230 1612 2466 1659 dominum

537 1701 647 1762 Hay
673 1701 730 1747 de
757 1699 1027 1748 Kinfawnis
1050 1699 1381 1747 cancellarium
1407 1701 1614 1754 Scotiae,
1639 1705 1688 1749 et
1711 1701 1744 1748 J
1749 1717 1949 1749 oannem
1974 1702 2197 1749 comitem
2222 1702 2280 1749 de
2319 1702 2469 1764 King-

534 1806 646 1838 orne
673 1789 910 1836 dominum
951 1789 1119 1851 Lyoun
1156 1794 1205 1837 et
1243 1789 1448 1845 Glames,
1474 1790 1811 1853 proprietarios
1835 1794 2067 1838 terrarum
2097 1790 2463 1854 subscriptarum

532 1879 566 1926 J
571 1877 711 1926 oanni
737 1876 951 1940 Cumyng
974 1877 1032 1924 de
1059 1876 1301 1925 Kirktoun
1322 1879 1379 1925 (16
1406 1878 1693 1926 Aberletnno
1718 1879 1764 1925 in
1788 1879 1918 1926 vitali
1943 1879 2133 1927 redditu
2157 1879 2296 1927 binae
2315 1880 2466 1943 partis

533 1973 765 2015 terrarum
791 1967 848 2013 de
875 1966 1046 2013 Hauch
1071 1982 1129 2014 ac
1152 1970 1384 2014 terrarum
1409 1967 1785 2030 nuncupatarum
1811 1967 1873 2014 lie
1900 1967 2186 2030 Cunynghar
2208 1967 2363 2016 landis
2390 1969 2467 2030 ja-

535 2056 739 2104 centium
766 2071 827 2102 ex
851 2054 1029 2102 boreali
1053 2059 1189 2118 parte
1214 2071 1364 2118 aquae
1402 2056 1459 2103 de
1497 2056 1599 2104 Esk
1633 2061 1682 2104 et
1714 2061 1947 2104 terrarum
1987 2061 2363 2120 nuncupatarum
2402 2057 2464 2104 lie

537 2143 829 2193 Debaitabill
863 2143 1018 2192 landis
1045 2144 1308 2205 jacentium
1346 2144 1470 2192 inter
1504 2149 1657 2193 terras
1692 2147 1750 2192 de
1788 2146 2090 2194 Barnzairdis
2114 2151 2162 2194 et
2197 2146 2261 2195 116
2288 2147 2460 2194 Hauch

534 2235 669 2297 vulgo
693 2237 945 2296 nuncupat.
970 2233 1032 2280 lie
1054 2233 1351 2281 Westhauch
1377 2249 1481 2280 cum
1501 2233 1562 2281 lie
1587 2233 1781 2281 outfield
1805 2234 1934 2281 fauld
1958 2240 2168 2298 spectan.
2187 2235 2250 2282 lie
2271 2234 2460 2283 Lowsie

534 2326 556 2371 Ι
560 2341 650 2372 saw
669 2328 716 2371 et
739 2339 869 2370 mora
885 2322 1133 2384 adjacente
1154 2322 1295 2370 dictis
1313 2323 1453 2370 terris
1471 2338 1653 2370 necnon
1672 2323 1852 2371 croftae
1869 2328 2025 2371 terrae
2041 2324 2305 2385 adjacentis
2321 2323 2460 2371 villae

533 2415 588 2460 (16
608 2411 741 2460 Litill
766 2411 1026 2459 Merkhous
1044 2411 1105 2458 ab
1130 2411 1326 2474 antiquo
1345 2415 1541 2459 vocatae
1560 2411 1622 2458 lie
1643 2412 1855 2460 Cottaris
1878 2411 2032 2460 laudis
2052 2414 2110 2459 de
2131 2413 2334 2460 Hauche
2353 2428 2460 2459 cum

531 2501 745 2549 omnibus
769 2504 818 2548 et
842 2498 1038 2562 singulis
1061 2499 1372 2546 manerierum
1397 2499 1515 2547 locis
1540 2500 1756 2548 domibus
1780 2504 1829 2547 et
1853 2501 2156 2564 pertinentiis
2174 2501 2461 2565 quibuscun-

530 2606 619 2653 que
643 2595 875 2637 terrarum
901 2587 1297 2651 praescriptarum
1317 2587 1577 2648 Jacentium
1604 2588 1651 2635 in
1675 2589 1873 2636 baronia
1896 2590 1954 2636 de
1980 2590 2175 2638 Forrest
2201 2591 2259 2638 de
2285 2590 2457 2639 Platan

528 2683 575 2726 et
611 2678 733 2724 infra
770 2675 1143 2724 vicecomitatum
1183 2677 1240 2723 de
1277 2677 1458 2730 Forsan
1496 2681 1544 2724 et
1583 2677 1884 2740 Margaretae
1921 2679 2232 2742 Scrymgeour
2255 2695 2455 2743 sponsae

527 2767 642 2814 dicti
676 2766 709 2812 J
715 2765 880 2813 oannis
905 2764 1118 2827 Cumyng
1142 2764 1287 2811 etiam
1312 2764 1359 2811 in
1386 2764 1519 2812 vitali
1553 2766 1742 2813 redditu
1766 2766 1946 2829 equalis
1971 2767 2282 2815 dimidietatis
2305 2772 2454 2815 terra-

525 2871 624 2902 rum
651 2853 1060 2917 praescriptarum,
1086 2856 1134 2899 et
1166 2853 1199 2899 J
1204 2853 1344 2900 oanni
1381 2853 1596 2916 Cumyng
1618 2854 1826 2917 ipsorum
1850 2855 1947 2903 filio
1971 2860 2086 2903 natu
2110 2856 2318 2903 maximo
2343 2857 2453 2904 hae-

524 2943 713 2990 redibus
730 2941 827 2990 suis
846 2945 894 2988 et
919 2941 1170 3002 assignatis
1193 2941 1509 2988 haereditarie
1534 2946 1742 2990 totarum
1767 2948 2000 2991 terrarum
2025 2944 2450 3007 praescriptarum;

523 3031 831 3079 tenendarum
879 3029 927 3076 in
973 3029 1112 3077 feodo
1159 3035 1208 3077 et
1254 3030 1551 3078 haereditate
1599 3031 1945 3093 imperpetuum
1986 3059 1996 3069 ·
2034 3031 2298 3079 Reddendo
2341 3033 2449 3080 inde

522 3118 764 3168 annuatim
791 3134 930 3165 unum
957 3118 1197 3164 denarium
1235 3123 1452 3165 monetae
1489 3118 1680 3166 Scotiae
1719 3146 1728 3156 ·
1768 3118 1903 3166 Data
1937 3135 2093 3166 coram
2132 3120 2206 3167 his
2242 3121 2449 3170 testibus

521 3208 709 3256 domino
735 3206 926 3252 Andrea
950 3205 1173 3253 Fletcher
1207 3207 1264 3253 de
1302 3206 1590 3269 Inverpeffer
1623 3206 1773 3254 milite
1798 3208 2023 3270 magistro
2049 3208 2205 3256 David
2234 3209 2444 3272 Lindsay

517 3299 574 3344 de
601 3293 894 3343 Pitskandlie
920 3295 1123 3356 Georgio
1150 3295 1362 3342 Lammie
1388 3296 1445 3342 de
1471 3295 1709 3358 Dunkeny
1735 3299 1783 3343 et
1812 3297 1994 3344 Adamo
2024 3296 2187 3344 Keltie
2214 3298 2443 3346 servitore

530 3383 838 3434 cancellariae
877 3410 885 3419 ·
923 3383 953 3429 9
978 3383 1222 3430 Februarii
1252 3382 1378 3430 1628
1405 3418 1414 3428 .
