3016 3958
216 1204 411 1252 XCIII.

242 3255 423 3304 XCIV.

433 660 542 714 156
997 658 1287 713 CARTAE
1332 657 1834 714 ORIGINALES.

437 940 811 987 Instrumentum
836 937 992 986 sasine
1016 937 1064 984 in
1088 937 1297 985 favorem
1321 937 1356 984 J
1360 937 1559 985 ohannis
1580 937 1716 985 Rede
1735 935 1967 1000 capellani
1991 935 2153 984 fratris
2175 934 2375 998 predicti

438 1027 671 1076 Willelmi
697 1028 832 1075 Rede
850 1027 1052 1091 junioris
1091 1055 1099 1063 ·

446 1174 524 1253 In
566 1205 660 1252 Dei
715 1205 902 1252 nomine
951 1206 1105 1252 Amen
1143 1232 1152 1241 ·
1189 1207 1354 1267 pateat
1396 1203 1642 1251 euidenter
1688 1204 1811 1266 quod
1859 1219 1983 1250 anno
2031 1201 2380 1250 Inoarnationis

436 1295 688 1343 Dominice
730 1293 979 1342 millesimo
1026 1293 1401 1357 quingentesimo
1448 1293 1652 1356 septimo
1694 1292 1868 1341 mensis
1915 1308 2025 1340 vero
2073 1291 2258 1355 Aprilis
2304 1291 2380 1338 die

437 1385 621 1432 decima
667 1383 836 1447 quinta
872 1411 884 1421 ·
923 1411 932 1419 ·
973 1410 982 1419 ·
1018 1381 1332 1446 personaliter
1378 1381 1667 1430 constitutus
1718 1380 1988 1430 Willelmus
2036 1381 2172 1428 Rede
2220 1380 2382 1443 junior

436 1474 559 1522 filius
601 1477 650 1521 et
697 1474 836 1521 heres
873 1472 1110 1535 quondam
1150 1470 1418 1519 Alexandri
1459 1470 1594 1518 Rede
1630 1469 1748 1518 ciuis
1784 1469 2009 1518 Ciuitatis
2047 1470 2381 1518 Breehinensis

436 1563 672 1626 quoddam
712 1565 1038 1610 tenementum
1083 1559 1198 1621 [No.
1242 1559 1435 1625 XCII.]
1477 1587 1487 1597 ·
1526 1588 1536 1597 ·
1576 1587 1586 1597 ·
1622 1559 1671 1606 in
1712 1559 1928 1607 manibus
1965 1558 2254 1608 honorabilis
2293 1558 2381 1606 viri

437 1652 569 1699 Petri
609 1652 751 1699 Seras
787 1650 926 1698 unius
962 1648 1244 1697 balliuorum
1283 1649 1410 1696 dicte
1447 1648 1676 1697 Ciuitatis
1712 1648 2047 1697 Breehinensis
2084 1649 2132 1695 in
2169 1648 2380 1696 fauorem

437 1740 614 1788 domini
636 1741 670 1786 J
674 1739 873 1787 ohannis
898 1739 1033 1786 Rede
1055 1738 1217 1786 fratris
1240 1738 1313 1786 sui
1339 1753 1425 1801 per
1446 1738 1620 1786 fustem
1645 1741 1694 1785 et
1718 1736 1939 1786 baculum
1977 1765 1988 1775 ·
2027 1766 2037 1775 -
2077 1766 2087 1775 ·
2123 1737 2380 1800 resignauit

439 1829 736 1893 Quaquidem
771 1827 1087 1891 resignatione
1123 1827 1191 1875 sio
1225 1827 1356 1874 faeta
1393 1855 1403 1864 ·
1443 1855 1453 1864 -
1492 1853 1504 1865 ·
1539 1827 1666 1874 idem
1690 1825 1894 1875 balliuus
1933 1855 1943 1865 ·
1978 1841 1992 1864 '·
2031 1854 2041 1864 ·
2078 1827 2301 1875 saisinam
2332 1831 2381 1874 et

436 1918 781 1982 possessionem
822 1915 1160 1964 hereditariam
1199 1915 1316 1963 dieti
1356 1915 1619 1963 tenementi
1657 1943 1667 1952 ·
1707 1943 1717 1953 ·
1757 1943 1766 1952 -
1804 1915 2010 1964 discreto
2050 1916 2151 1963 viro
2192 1916 2381 1964 domino

435 2008 469 2055 J
473 2007 646 2055 ohanni
687 2006 821 2054 Rede
859 2004 1106 2068 capellano
1136 2003 1274 2052 fratri
1311 2020 1534 2067 germano
1570 2004 1718 2067 ipsius
1745 2003 1975 2052 Willelmi
2014 2005 2151 2053 Rede
2180 2006 2382 2068 junioris

440 2125 451 2135 ·
491 2125 501 2133 ·
540 2125 551 2133 ·
586 2095 786 2143 tradidit
824 2123 834 2131 ·
873 2122 883 2131 ·
923 2122 933 2131 ·
970 2093 1091 2141 etin
1116 2093 1299 2156 signum
1336 2096 1492 2141 status
1529 2097 1579 2140 et
1618 2092 1791 2142 saisine
1829 2109 1915 2157 per
1952 2109 2058 2141 eum
2096 2094 2166 2142 sie
2203 2095 2381 2143 tradite

439 2187 639 2234 eundem
663 2184 904 2232 dominum
927 2183 961 2230 J
966 2183 1197 2230 ohannem
1221 2182 1270 2229 in
1294 2183 1433 2230 domo
1457 2181 1779 2245 principaliori
1804 2182 1920 2230 dicti
1949 2184 2210 2231 tenementi
2236 2184 2382 2232 inelu-

439 2276 501 2323 sit
536 2290 593 2322 ac
629 2274 677 2320 in
700 2288 817 2336 pace
853 2271 1030 2319 dimisit
1069 2299 1078 2308 ·
1118 2299 1129 2309 ·
1167 2299 1177 2308 ·
1215 2271 1343 2319 Aeta
1366 2274 1502 2318 erant
1525 2270 1615 2318 heo
1638 2271 1763 2333 apud
1803 2271 2064 2319 Ciuitatem
2091 2272 2382 2321 Breehinen-

439 2380 536 2412 sem
562 2379 703 2426 super
737 2362 883 2408 fundo
919 2359 1034 2407 dieti
1057 2359 1318 2408 tenementi
1357 2388 1367 2397 ·
1407 2387 1417 2397 ·
1457 2386 1468 2397 ·
1503 2359 1803 2423 presentibus
1827 2360 2002 2409 ibidem
2030 2361 2248 2411 diseretis
2269 2364 2381 2412 viris

439 2453 664 2515 magistro
689 2449 899 2498 Patricio
926 2449 1194 2512 Butergask
1230 2448 1418 2496 notario
1453 2448 1644 2511 publico
1677 2447 1951 2497 Normanno
1991 2450 2135 2513 Lesly
2174 2451 2382 2501 Ricardo

444 2543 551 2590 Red
577 2545 627 2589 et
651 2540 834 2588 Thoma
859 2539 970 2586 Mar
992 2539 1250 2600 sergeando
1273 2553 1380 2585 oum
1405 2537 1608 2586 diuersis
1630 2537 1738 2586 aliis
1774 2566 1785 2576 ·
1825 2566 1835 2576 ·
1874 2567 1884 2576 ·
2059 2531 2063 2533 ’

509 2631 575 2678 Et
613 2646 699 2693 ego
737 2628 963 2676 Valterus
1001 2627 1146 2675 Clerk
1188 2627 1431 2676 Presbiter
1455 2626 1789 2676 Breohinensis
1813 2627 1910 2676 dioc
1936 2627 2152 2691 publicus
2175 2631 2379 2678 auetori-

441 2720 622 2768 tatibus
645 2717 908 2782 apostoliea
931 2721 981 2765 et
1005 2716 1151 2780 regali
1173 2717 1387 2765 notarius
1426 2744 1436 2753 -
1476 2745 1485 2754 ·
1525 2744 1535 2753 ·

447 2921 820 2969 Instrumentum
843 2923 1218 2982 transsumptum
1243 2919 1582 2981 assignationis·
1604 2935 1690 2982 per
1714 2918 1975 2966 Robertum
2018 2919 2233 2982 Erskyne
2263 2921 2383 2968 mili-

444 3015 543 3058 tem
562 3013 611 3057 et
627 3009 866 3056 dominum
885 3008 1095 3069 ejusdem
1114 3007 1328 3055 redditus
1351 3006 1441 3055 sibi
1460 3006 1610 3055 debiti
1628 3022 1658 3054 a
1677 3006 1824 3069 burgo
1842 3007 1901 3054 de
1920 3005 2093 3054 Dunde
2109 3007 2156 3054 in
2174 3008 2379 3056 favorem

447 3097 613 3145 decani
637 3101 686 3143 et
710 3094 904 3158 capituli
929 3095 1261 3143 canonicorum
1288 3094 1679 3142 Breohinensium
1717 3122 1727 3131 ·

457 3220 743 3301 Uniuersis
779 3251 901 3298 alme
939 3252 1105 3299 matris
1142 3250 1340 3298 ecclesie
1365 3249 1473 3297 filiis
1509 3276 1520 3287 e
1560 3278 1570 3286 ·
1611 3277 1620 3286 ·
1657 3264 1850 3312 presens
1887 3277 1896 3287 ·
1937 3278 1946 3287 ·
1986 3278 1996 3287 ·
2032 3254 2377 3316 transumptum

449 3341 729 3407 inspecturis
754 3340 912 3387 Dauid
938 3339 1117 3387 Gardin
1142 3338 1344 3387 vicarius
1367 3338 1425 3385 de
1452 3337 1674 3386 Fernuell
1697 3353 1754 3385 ao
1778 3339 2130 3388 commissarius
2147 3342 2377 3403 generalis
