3016 3958
278 2241 531 2283 COXXIX.

1035 609 1246 666 OART
1255 612 1360 666 AE
1400 611 2033 668 MISCELLANEAE.
2402 613 2516 673 275

559 787 675 842 apud
713 787 903 830 Brechin
942 789 986 831 in
1021 790 1213 846 capitulo
1245 795 1397 834 nostro
1433 805 1580 834 coram
1617 791 1875 848 subscriptis
1909 792 2099 835 testibus
2132 822 2143 833 .
2177 824 2186 834 .
2222 824 2231 834 .
2264 793 2517 850 simpliciter

557 866 800 923 resignauit
832 901 841 912 .
878 902 887 911 .
926 901 936 912 .
973 869 1227 912 Tenendum
1260 901 1272 913 .
1305 902 1316 914 .
1347 904 1358 915 .
1389 872 1443 915 de
1483 873 1609 915 nobis
1650 876 1694 915 et
1736 873 2059 915 successoribus
2099 873 2263 915 nostris
2303 874 2515 931 episcopis

559 947 927 992 Brechinensibus
959 950 1005 991 in
1027 950 1153 993 feodo
1185 954 1230 994 et
1259 952 1502 995 hereditate
1523 952 1843 1009 imperpetuum
1876 984 1885 996 .
1918 985 1927 995 .
1963 983 1974 994 .
2006 952 2223 995 Faciendo
2244 956 2290 996 et
2310 953 2516 997 soluendo

556 1027 656 1070 inde
684 1030 912 1073 annuatim
945 1031 1088 1074 dictus
1121 1031 1347 1075 Johannes
1375 1040 1418 1075 et
1447 1032 1630 1075 heredes
1663 1033 1731 1075 sui
1763 1032 1889 1076 nobis
1926 1035 1971 1076 et
2006 1032 2330 1075 successoribus
2350 1035 2513 1077 nostris

557 1109 773 1166 episcopis
805 1110 1173 1154 Brechinensibus
1194 1112 1342 1155 decem
1366 1112 1527 1155 solidos
1559 1145 1568 1155 .
1604 1144 1615 1154 .
1649 1143 1658 1154 .
1690 1116 1864 1155 monete
1896 1145 1905 1155 .
1940 1146 1948 1155 .
1984 1144 1993 1154 .
2029 1112 2173 1156 Scotie
2195 1113 2251 1155 ad
2281 1113 2391 1156 duos
2411 1114 2514 1156 anni

556 1190 766 1232 terminos
788 1175 966 1233 usuales
1000 1223 1009 1233 .
1041 1224 1051 1234 .
1084 1225 1093 1234 .
1127 1196 1171 1235 et
1192 1193 1431 1235 multuram
1452 1193 1505 1235 de
1526 1193 1644 1236 dicta
1675 1193 1816 1235 crofta
1836 1196 1953 1235 terre
1975 1193 2155 1236 arabilis
2185 1196 2438 1253 consuetam
2468 1208 2517 1236 ac

555 1269 643 1311 alia
674 1270 859 1312 seruicia
889 1271 934 1312 in
955 1272 1073 1314 dicta
1094 1276 1247 1315 nostra
1269 1272 1460 1316 Ciuitate
1481 1273 1629 1316 debita
1649 1278 1694 1316 et
1714 1277 1924 1316 consueta
1956 1306 1965 1316 .
2000 1304 2011 1315 .
2047 1305 2055 1315 .
2087 1273 2141 1315 In
2163 1273 2287 1316 cuius
2308 1274 2371 1315 rei
2391 1274 2516 1316 testi-

556 1350 747 1392 monium
778 1351 974 1406 presenti
1005 1355 1124 1394 carte
1155 1356 1304 1395 nostre
1337 1353 1530 1409 sigillum
1561 1357 1760 1396 nostrum
1791 1368 1978 1395 unacum
2010 1353 2154 1409 sigillo
2176 1353 2357 1410 capituli
2377 1355 2515 1396 nostri

554 1430 761 1473 antedicti
798 1435 867 1473 est
902 1446 1144 1488 appensum
1176 1433 1365 1475 testibus
1402 1433 1722 1475 venerabilibus
1757 1437 1802 1475 et
1836 1433 2031 1489 prouidis
2054 1433 2160 1475 viris
2196 1433 2420 1489 magistris
2441 1434 2516 1477 Jo-

552 1511 696 1553 hanne
721 1510 940 1567 Spaldyne
971 1512 1136 1555 decano
1166 1518 1318 1556 nostro
1341 1512 1539 1570 Georgeo
1565 1512 1695 1556 Seras
1725 1516 1903 1556 cantore
1935 1513 2114 1556 ecclesie
2138 1517 2286 1556 nostre
2309 1513 2517 1555 Brechin-

553 1591 671 1633 ensis
702 1591 931 1634 Willelmo
965 1592 1137 1649 Ogilwy
1167 1593 1427 1636 cancellario
1452 1593 1675 1650 Stephano
1704 1594 1885 1651 Anguss
1917 1594 2192 1636 thesaurario
2227 1597 2272 1637 et
2304 1593 2515 1636 Duncano

555 1672 774 1715 Lichtoun
809 1673 972 1716 vicario
1007 1674 1294 1717 Brechinensi
1326 1674 1500 1717 domino
1532 1673 1759 1717 Willelmo
1790 1674 1919 1731 Rynd
1954 1674 2198 1717 subdecano
2233 1674 2515 1717 Brechinensi

555 1752 702 1795 Dauid
735 1752 999 1810 Dempstare
1040 1755 1093 1797 de
1136 1755 1428 1798 Garaldstoun
1471 1758 1516 1798 et
1555 1754 1759 1798 Waltero
1801 1754 2064 1811 Dempstare
2106 1754 2159 1796 de
2202 1753 2472 1797 Ouchtirless
2503 1787 2512 1796 .

554 1834 685 1890 Apud
727 1834 915 1876 Brechin
946 1835 1152 1878 vicesimo
1186 1835 1373 1892 septimo
1414 1836 1483 1877 die
1518 1835 1683 1877 mensis
1719 1835 1887 1891 Aprilis
1922 1849 2037 1877 anno
2074 1834 2251 1877 Domini
2281 1834 2512 1877 millesimo

554 1915 985 1972 quadringentesimo
1017 1917 1289 1974 sexagesimo
1320 1917 1461 1974 primo
1492 1920 1537 1959 et
1568 1916 1908 1958 consecrationis
1939 1919 2088 1958 nostre
2109 1929 2222 1958 anno
2247 1916 2430 1972 septimo
2465 1947 2472 1957 .

559 2090 746 2132 Charter
766 2090 812 2131 in
832 2090 989 2133 favour
1009 2092 1058 2134 of
1083 2091 1337 2134 Alexander
1361 2090 1499 2147 Whyt
1528 2092 1584 2147 by
1605 2090 1783 2133 Walter
1804 2089 1950 2147 Craig.

557 2234 782 2288 Omnibus
815 2278 824 2288 .
857 2276 867 2287 .
899 2276 909 2287 .
944 2242 1177 2285 Walterus
1200 2240 1317 2297 Crag
1337 2239 1390 2282 de
1414 2238 1751 2282 Swannistoune
1775 2238 1970 2280 Salutem
2002 2270 2011 2280 .
2045 2271 2054 2280 .
2088 2269 2097 2280 .
2133 2237 2291 2280 Sciatis
2313 2252 2380 2279 me
2414 2268 2423 2278 .
2458 2270 2466 2279 .
2502 2270 2510 2279 .

557 2327 804 2368 vendidisse
841 2358 851 2368 .
889 2355 900 2367 .
938 2356 947 2367 .
984 2322 1168 2379 prouido
1210 2321 1305 2363 viro
1346 2319 1599 2362 Alexandro
1641 2319 1788 2375 Qwhit
1827 2318 1913 2361 ciui
1959 2317 2163 2360 Ciuitatis
2204 2317 2512 2360 Brechinensis

555 2408 773 2463 quandam
815 2404 983 2462 peciam
1023 2401 1264 2446 tenementi
1304 2400 1390 2442 mei
1426 2414 1524 2442 cum
1557 2399 1834 2456 pertinentiis
1865 2398 2056 2454 jacentis
2093 2398 2139 2438 in
2183 2396 2373 2440 Ciuitate
2413 2411 2511 2453 pre-

553 2488 671 2530 dicta
707 2501 760 2529 ex
795 2489 921 2543 parte
957 2482 1161 2527 orientali
1197 2481 1390 2524 eiusdem
1424 2480 1540 2522 inter
1569 2483 1733 2522 terram
1764 2479 1930 2521 Thome
1963 2477 2078 2519 Cure
2100 2491 2152 2519 ex
2172 2481 2296 2533 parte
2325 2477 2510 2519 australi

554 2584 606 2611 ex
628 2571 753 2624 parte
775 2581 864 2609 una
884 2570 929 2609 et
956 2567 1198 2608 torrentem
1229 2576 1283 2604 ex
1313 2564 1439 2617 parte
1469 2559 1625 2603 boriali
1650 2559 1763 2601 dicte
1786 2557 1991 2600 Ciuitatis
2022 2560 2268 2599 currentem
2301 2570 2353 2598 ex
2383 2560 2509 2612 parte

553 2650 695 2692 altera
714 2662 811 2690 cum
833 2650 929 2690 tota
959 2649 1004 2688 et
1033 2645 1208 2700 integra
1237 2642 1378 2684 crofta
1407 2644 1454 2683 et
1482 2639 1715 2682 medietate
1747 2637 1832 2680 orti
1852 2637 1965 2679 dicte
1986 2636 2105 2693 pecie
2126 2637 2367 2678 tenementi
2388 2636 2509 2678 adia-

555 2729 694 2772 centis
737 2761 747 2771 .
793 2759 804 2770 .
851 2759 860 2769 .
903 2730 946 2769 et
999 2723 1240 2781 spectantis
1287 2736 1365 2778 pro
1414 2720 1599 2776 quadam
1650 2732 1820 2761 summa
1868 2717 2049 2773 pecunie
2092 2749 2101 2759 .
2147 2749 2156 2759 .
2206 2749 2214 2758 .
2259 2716 2508 2759 Tenendam

551 2838 564 2852 .
601 2841 612 2853 .
646 2843 655 2852 .
686 2808 925 2866 predictam
956 2805 1123 2862 peciam
1156 2818 1252 2846 cum
1275 2801 1551 2859 pertinentiis
1571 2813 1759 2842 unacum
1780 2798 1897 2840 dicta
1925 2797 2065 2839 crofta
2095 2799 2140 2839 et
2168 2796 2402 2838 medietate
2423 2796 2508 2838 orti

552 2892 723 2948 prefato
745 2888 996 2931 Alexandro
1019 2884 1252 2928 heredibus
1275 2882 1366 2925 suis
1387 2885 1432 2924 et
1452 2879 1690 2935 assignatis
1711 2892 1738 2920 a
1757 2892 1826 2919 me
1847 2876 2080 2918 heredibus
2111 2875 2219 2918 meis
2251 2875 2509 2918 successori-

552 2974 635 3015 bus
656 2971 765 3013 meis
787 2973 832 3012 et
852 2966 1092 3023 assignatis
1117 2964 1445 3020 quibuscunque
1475 2961 1522 3002 in
1552 2959 1677 3001 feodo
1708 2962 1754 3000 et
1783 2956 2025 2999 hereditate
2059 2955 2378 3012 imperpetuum
2412 2986 2421 2997 .
2454 2987 2462 2997 .
2498 2986 2507 2996 .

554 3051 791 3095 Reddendo
812 3049 912 3091 inde
933 3046 1160 3090 annuatim
1181 3043 1404 3100 predictus
1426 3039 1676 3083 Alexander
1704 3037 1887 3079 heredes
1919 3036 1987 3078 sui
2009 3039 2054 3078 et
2074 3035 2291 3092 assignati
2311 3035 2445 3077 michi
2466 3043 2510 3077 et

554 3132 786 3175 heredibus
809 3129 951 3188 (meis)
978 3124 1305 3183 quatuordecim
1337 3122 1498 3165 solidos
1531 3150 1541 3162 .
1573 3152 1583 3162 .
1616 3151 1626 3162 .
1657 3120 1831 3160 monete
1865 3147 1876 3158 .
1907 3148 1917 3158 .
1951 3148 1960 3158 .
1997 3115 2144 3157 Scocie
2175 3115 2231 3157 ad
2266 3115 2375 3157 duos
2406 3115 2509 3157 anni

553 3206 766 3256 terminos
802 3225 852 3252 ac
888 3207 1127 3250 reuerendo
1163 3205 1210 3246 in
1251 3202 1430 3247 Christo
1468 3200 1584 3257 patri
1620 3197 1821 3255 episcopo
1858 3195 2142 3237 Brechinensi
2176 3195 2250 3250 qui
2286 3209 2365 3250 pro
2400 3198 2509 3236 tem-

554 3283 660 3350 pore
690 3291 823 3334 fuerit
853 3288 1078 3332 duodecim
1109 3285 1309 3328 denarios
1339 3282 1452 3325 dicte
1482 3282 1655 3322 monete
1676 3277 1731 3319 ad
1752 3276 1891 3318 dictos
1912 3275 2022 3317 duos
2044 3274 2148 3316 anni
2169 3274 2378 3316 terminos
2412 3305 2421 3314 .
2454 3306 2462 3315 .
2497 3306 2505 3314 .

557 3373 740 3416 acetiam
761 3371 931 3427 prefato
953 3366 1191 3411 reuerendo
1211 3366 1258 3406 in
1281 3363 1456 3406 Christo
1472 3360 1587 3417 patri
1601 3357 1801 3414 episcopo
1816 3355 2096 3398 Brechinensi
2119 3354 2193 3410 qui
2214 3369 2292 3410 pro
2314 3358 2507 3409 tempore
