3016 3958
524 647 630 701 138
1099 646 1390 702 CARTAE
1434 646 1935 702 ORIGINALES.

522 836 682 885 Scotie
705 836 947 885 aunuatim
973 837 1113 884 michi
1138 837 1345 885 debitam
1382 838 1439 884 de
1474 837 1591 885 totis
1627 840 1675 884 et
1711 837 1906 900 integris
1939 841 2214 888 tenemento
2248 843 2298 887 et
2332 840 2456 887 acris

523 925 784 974 Alexandri
822 926 956 974 Rede
991 925 1109 975 ciuis
1145 925 1370 975 Ciuitatis
1394 924 1727 974 Brechinensis
1751 925 2026 987 jacentibus
2049 927 2171 974 infra
2195 926 2453 976 Ciuitatem

524 1014 887 1063 Brechinensem
918 1015 1043 1063 inter
1065 1019 1241 1063 terram
1271 1014 1470 1063 Roberti
1495 1014 1739 1078 Chapman
1764 1031 1826 1062 ex
1853 1019 1989 1079 parte
2013 1015 2210 1065 australi
2233 1032 2295 1065 ex
2320 1022 2455 1080 parte

522 1119 613 1151 vna
636 1108 685 1151 et
708 1102 753 1151 le
776 1103 880 1151 lech
906 1105 964 1151 de
991 1104 1271 1167 Masyndew
1305 1119 1367 1152 ex
1402 1108 1539 1168 parte
1574 1103 1754 1152 boreali
1778 1120 1839 1152 ex
1862 1108 1999 1168 parte
2023 1104 2176 1154 altera
2199 1121 2306 1153 cum
2329 1120 2455 1154 com-

522 1192 650 1239 muni
674 1193 778 1240 vico
802 1209 862 1240 ex
887 1196 1022 1255 parte
1046 1192 1264 1241 orientali
1289 1193 1405 1241 dicti
1428 1193 1690 1241 tenementi
1725 1197 1774 1242 et
1810 1209 1970 1242 acram
1997 1194 2176 1242 Thome
2203 1194 2370 1242 Cutlar
2393 1211 2454 1242 ex

522 1285 657 1343 parte
681 1280 963 1329 occidentali
987 1297 1199 1330 acrarum
1226 1281 1342 1331 dicti
1367 1280 1630 1329 Alexandri
1663 1282 1798 1330 Rede
1833 1284 1895 1330 ad
1931 1284 2049 1332 duos
2083 1284 2194 1332 anni
2229 1284 2456 1352 terminos

522 1370 708 1419 vsuales
744 1399 754 1408 ·
793 1399 803 1408 ·
843 1398 854 1407 ·
889 1370 1133 1419 annuatim
1156 1387 1241 1434 per
1274 1369 1467 1435 equales
1500 1371 1743 1434 portiones
1782 1370 2078 1420 Celebrando
2114 1377 2163 1421 et
2198 1372 2457 1421 solenniter

522 1460 760 1508 cantando
794 1460 904 1507 inde
938 1459 1182 1507 annuatim
1207 1459 1411 1524 predicti
1447 1458 1695 1523 Capellani
1733 1463 1782 1508 et
1824 1461 1897 1509 sui
1936 1475 2234 1510 successores
2268 1462 2316 1509 in
2352 1478 2458 1525 pre-

522 1549 653 1597 dicta
670 1547 872 1598 ecclesia
910 1576 921 1586 ·
960 1576 969 1586 ·
1009 1576 1019 1586 ·
1055 1565 1140 1612 pro
1155 1548 1401 1597 animabus
1438 1577 1447 1586 ·
1487 1577 1497 1586 ·
1537 1577 1546 1586 ·
1583 1549 1902 1612 predictorum
1940 1578 1949 1587 ·
1990 1578 1999 1588 ·
2039 1579 2049 1588 ·
2087 1550 2456 1615 decimoquarto

522 1639 599 1686 die
636 1638 810 1687 mensis
845 1638 879 1685 J
883 1637 966 1685 ulii
1003 1654 1142 1686 vnum
1173 1637 1543 1687 anniuersarium
1567 1637 1759 1686 solenne
1783 1654 1889 1686 cum
1914 1639 2059 1688 missa
2094 1640 2152 1687 de
2191 1639 2374 1703 Requie
2409 1640 2457 1687 in

523 1728 730 1776 crastino
753 1727 968 1792 sequenti
992 1726 1250 1776 solenniter
1273 1742 1378 1774 cum
1401 1730 1518 1775 nota
1555 1755 1564 1764 -
1602 1729 1674 1774 Ac
1709 1727 1854 1775 etiam
1889 1728 2056 1776 eodem
2079 1732 2292 1792 tempore
2317 1744 2456 1776 vnum

522 1815 774 1879 trigentale
810 1831 896 1880 pro
932 1815 1179 1864 animabus
1216 1815 1502 1879 supradictis
1539 1818 1726 1863 tantum
1764 1831 1851 1878 pro
1886 1816 2013 1864 omni
2048 1815 2143 1865 alio
2167 1832 2309 1866 onere
2346 1845 2357 1855 ·
2397 1845 2407 1854 -
2447 1846 2456 1855 -

526 1905 789 1953 Reddendo
825 1904 935 1952 inde
972 1904 1216 1952 annuatim
1255 1903 1371 1951 dicti
1410 1902 1642 1967 capellani
1681 1932 1691 1941 ·
1730 1932 1740 1941 ·
1780 1931 1790 1941 ·
1825 1920 1967 1952 vnum
2006 1905 2247 1954 denarium
2283 1906 2458 1954 vsualis

525 1997 712 2042 monete
750 2022 760 2031 ·
800 2021 811 2032 ·
849 2021 859 2031 ·
898 1988 1132 2055 Magistro
1168 1992 1286 2041 dicti
1324 1991 1592 2056 Hospitalis
1629 2020 1639 2030 ·
1677 2019 1689 2030 ·
1727 2019 1737 2030 ·
1775 1993 1833 2040 de
1871 1993 2152 2057 Masyndew
2189 1999 2239 2043 et
2275 2009 2460 2046 succes-

524 2082 707 2131 soribus
742 2082 840 2131 suis
875 2081 925 2129 in
962 2082 1133 2130 festum
1161 2081 1326 2129 Sancti
1348 2081 1382 2127 J
1386 2080 1586 2130 ohannis
1610 2081 1816 2144 baptiste
1841 2097 1982 2145 super
2004 2083 2201 2131 fundum
2226 2085 2458 2132 dictarum

524 2176 756 2220 terrarum
803 2171 845 2220 si
891 2174 1083 2234 petatur
1126 2173 1315 2218 tantum
1355 2197 1362 2206 ·
1404 2197 1413 2206 -
1453 2197 1463 2205 ·
1501 2168 1561 2216 In
1607 2185 1803 2233 quorum
1841 2198 1851 2208 ·
1891 2198 1901 2208 ·
1939 2198 1951 2209 ·
1986 2172 2310 2223 testimonium
2348 2202 2358 2211 ·
2396 2202 2408 2212 -
2449 2202 2459 2211 ·

527 2259 739 2324 Sigillum
778 2275 932 2307 meum
969 2258 1177 2322 presenti
1215 2262 1346 2306 carte
1382 2273 1486 2305 mee
1509 2261 1584 2306 est
1607 2274 1865 2322 appensum
1903 2261 2028 2323 apud
2053 2260 2311 2310 Ciuitatem
2351 2290 2360 2300 ·
2400 2291 2409 2300 ·
2451 2292 2460 2300 ·

527 2349 788 2412 predictam
827 2377 837 2386 ·
874 2347 1060 2396 Octauo
1085 2347 1162 2395 die
1194 2347 1369 2395 mensis
1391 2346 1424 2393 J
1430 2346 1528 2394 unii
1566 2375 1575 2384 ·
1614 2349 1754 2395 Anno
1792 2348 1987 2396 Domini
2024 2348 2274 2399 millesimo
2316 2353 2462 2414 quad-

528 2437 862 2501 ringentesimo
897 2435 1200 2498 nonagesimo
1237 2435 1382 2483 tertio
1420 2462 1430 2472 ·
1469 2434 1641 2483 Coram
1678 2435 1768 2484 hiis
1804 2436 2009 2486 testibus
2033 2437 2377 2488 venerabilibus
2412 2445 2462 2488 et

530 2526 746 2575 discretis
783 2524 895 2573 viris
933 2524 1165 2587 Magistro
1204 2524 1414 2572 Henrico
1451 2523 1729 2572 Carmechel
1763 2525 2074 2588 prebendario
2109 2527 2168 2575 de
2205 2527 2413 2578 Lethnot
2451 2558 2462 2567 -

532 2615 750 2663 Dominis
774 2613 981 2662 Patricio
1018 2613 1178 2676 Boyce
1213 2613 1508 2661 thesaurario
1541 2612 1574 2659 J
1579 2613 1762 2661 ohanne
1799 2613 1982 2663 Thoma
2005 2617 2325 2666 commissario
2349 2618 2466 2668 Bre-

532 2703 741 2758 chinensi
779 2730 788 2739 ·
824 2703 856 2750 J
862 2703 1044 2751 ohanne
1083 2702 1268 2750 Guthre
1309 2702 1522 2749 Roberto
1563 2701 1758 2763 Lytstar
1799 2702 2011 2752 Roberto
2033 2704 2067 2751 J
2070 2705 2206 2753 acobi
2230 2710 2280 2754 et
2306 2707 2464 2754 Dauid

537 2793 653 2840 Rait
677 2791 859 2841 ciuibus
896 2819 906 2829 ·
943 2819 956 2832 ι
994 2819 1004 2829 -

539 2991 685 3040 Carta
712 2992 910 3040 Roberti
933 2987 1105 3040 Jacobi
1129 3008 1269 3054 super
1292 3007 1448 3039 annuo
1472 2992 1660 3039 redditu
1684 2993 1784 3054 xiiij
1811 3008 1848 3040 s.
1873 3008 1958 3055 pro
1982 2994 2302 3044 anniuersario
2340 3023 2350 3032 ·

214 3148 514 3200 LXXVIII.
550 3117 820 3198 Omnibus
864 3149 985 3198 hanc
1032 3151 1224 3200 Cartam
1266 3151 1434 3199 visuris
1475 3150 1548 3198 vel
1589 3151 1820 3198 audituris
1866 3151 2106 3200 Robertus
2141 3151 2313 3199 Jacobi
2353 3152 2471 3202 ciuis

541 3238 763 3286 Ciuitatis
802 3238 1133 3288 Brechinensis
1170 3239 1382 3288 Salutem
1421 3267 1432 3276 ·
1473 3267 1482 3276 ·
1521 3266 1531 3276 ·
1569 3239 1744 3287 Sciatis
1786 3254 1860 3286 me
1900 3239 1961 3286 ad
2002 3239 2190 3289 laudem
2227 3267 2238 3277 ·
2279 3267 2289 3277 ·
2327 3267 2337 3278 ·
2375 3256 2471 3288 om—

541 3326 800 3390 nipotentis
837 3326 930 3374 Dei
967 3331 1017 3376 et
1054 3328 1324 3377 beatissime
1366 3327 1518 3376 Marie
1557 3302 1748 3390 virginis
1772 3342 1954 3376 necnon
1978 3332 2027 3376 et
2052 3328 2260 3377 omnium
2285 3329 2474 3379 celestis
