3016 3958
498 640 611 692 214
1050 640 1341 695 CARTAE
1387 639 1886 695 ORIGINALES.

324 1812 500 1859 CXLI.

304 2697 510 2744 CXLII.

502 830 647 878 tectis
686 830 932 893 aggeribus
970 847 1027 878 ac
1065 830 1260 893 singulis
1295 830 1392 879 suis
1427 829 1707 878 necessariis
1742 832 1964 892 reparent
2002 831 2053 876 et
2089 827 2341 877 aedificent
2376 843 2448 875 re-

506 922 817 982 paratamque
841 923 890 967 et
915 919 1215 968 aedificatam
1242 919 1428 967 cunctis
1449 918 1743 991 temporibus
1760 917 1933 966 futuris
1952 915 2050 966 suis
2067 917 2332 981 sumptibus
2349 933 2451 966 sus-

508 1010 693 1059 tineant
716 1011 904 1059 nomine
927 1012 1216 1060 feodifirmae
1254 1040 1264 1050 ·
1285 1012 1433 1060 ‘Data
1451 1012 1536 1060 sub
1556 1010 1902 1075 subscriptione
1923 1008 2133 1058 manuali
2158 1008 2274 1058 dicti
2290 1009 2452 1057 archi-

511 1099 677 1147 decani
712 1114 893 1148 necnon
935 1100 1358 1164 subscriptionibus
1398 1099 1696 1149 manualibus
1734 1100 1969 1148 dictorum
2006 1098 2231 1162 episcopi,
2269 1098 2450 1152 decani,

513 1193 562 1236 et
587 1188 919 1236 canonicorum
946 1189 1141 1253 capituli
1179 1190 1514 1238 Brechinensis
1551 1187 1809 1252 sigillisque
1834 1187 2022 1236 illorum
2048 1187 2173 1251 apud
2202 1186 2463 1248 Striueling

516 1281 565 1326 et
604 1277 810 1325 Brechin
844 1293 1001 1326 coram
1035 1278 1239 1327 testibus
1276 1277 1513 1326 Michaele
1557 1276 1908 1340 Elphingstouu
1944 1275 2102 1324 David
2140 1275 2285 1324 me
2319 1274 2464 1324 servi-

517 1366 702 1414 toribus
743 1359 858 1413 dicti
900 1366 1219 1415 archidiaconi
1259 1358 1501 1430 magistro*
1534 1367 1679 1414 Petro
1728 1367 1892 1428 Zoung
1938 1365 2209 1428 paedagogo
2256 1363 2463 1427 supremi

522 1454 716 1502 Domini
757 1455 905 1502 nostri
950 1454 1096 1518 Regis
1131 1455 1166 1502 J
1170 1456 1354 1503 ohanne
1395 1445 1642 1504 Morisoun
1679 1459 1728 1502 et
1767 1454 1982 1503 Roberto
2019 1453 2231 1517 Ramsay
2264 1452 2465 1501 notariis

523 1558 628 1590 cum
655 1542 853 1591 diversis
877 1543 984 1592 aliis
1021 1572 1031 1580 ·
1068 1544 1098 1591 9
1125 1544 1405 1592 Decembris
1429 1547 1478 1592 et
1502 1545 1532 1592 3
1558 1544 1592 1591 J
1596 1543 1779 1591 anuarii
1808 1543 1935 1592 1577
1975 1570 1985 1580 ·

535 1777 931 1859 Instrumentum
972 1811 1177 1861 saisinae
1218 1812 1429 1873 ejusdem
1468 1811 1728 1860 mansionis
1767 1811 1815 1858 in
1853 1811 2061 1859 favorem
2098 1809 2216 1858 dicti
2252 1809 2462 1857 Thomae

529 1902 741 1962 Ramsay
778 1900 971 1964 ejusque
1020 1915 1220 1963 sponsae
1271 1916 1328 1948 ac
1381 1916 1541 1948 eorum
1593 1899 1677 1947 filii
1729 1899 1962 1964 praedicti
2016 1915 2157 1963 super
2209 1902 2465 1962 praecepto

529 1991 642 2037 dato
666 2005 749 2052 per
774 1988 952 2035 dictum
977 1988 1362 2037 archidiaconum
1399 1989 1433 2035 J
1437 1990 1586 2037 a‘cobo
1611 1989 1910 2052 Stirwelinge
1935 1992 1984 2037 et
2007 1988 2041 2035 J
2045 1988 2187 2036 oanni
2212 1987 2465 2035 Cokburne

530 2076 715 2124 ballivis
739 2077 905 2125 iisdem
931 2077 1096 2126 diebus
1131 2082 1179 2125 et
1214 2077 1332 2126 locis
1367 2082 1416 2126 et
1452 2094 1611 2126 coram
1644 2078 1815 2138 ,iisdem
1839 2077 2044 2126 testibus
2067 2077 2237 2140 quibus
2261 2078 2309 2123 in
2333 2080 2468 2124 carta
2527 2083 2533 2088 ”

536 2166 810 2229 supradicta
836 2193 846 2203 ·
873 2166 1060 2215 Saisina
1080 2167 1260 2214 tradita
1284 2182 1442 2215 coram
1469 2166 1681 2215 Henrico
1708 2167 2000 2229 Abercromy
2017 2166 2068 2213 in
2087 2166 2259 2228 Goynd
2285 2164 2467 2213 Thoma

532 2257 675 2303 Arrot
703 2271 833 2303 maro
857 2255 984 2318 regio
1007 2271 1063 2303 ac
1087 2255 1188 2303 cive
1214 2256 1523 2304 Brechinensi
1557 2255 1591 2302 J
1595 2272 1746 2304 oanne
1772 2255 1921 2318 Birny
1945 2255 2068 2319 apud
2094 2270 2264 2302 novum
2289 2253 2468 2301 molen-

533 2344 694 2391 dinum
720 2345 778 2391 de
803 2345 957 2391 Ferne
993 2349 1313 2392 commorante
1349 2360 1454 2392 cum
1482 2345 1678 2393 diversis
1701 2344 1809 2393 aliis
1847 2372 1857 2382 ·
1896 2344 2101 2407 Georgio
2137 2343 2267 2406 Fyiff
2296 2343 2469 2391 clerico

535 2432 904 2480 Sanctiandreae
929 2432 1199 2482 dioeceseos
1222 2434 1409 2481 notario
1447 2461 1457 2471 ·
1498 2435 1555 2480 11
1589 2434 1622 2481 J
1628 2433 1724 2481 unii
1751 2422 1882 2483 1579
1923 2462 1933 2471 ·

546 2669 730 2750 Carta
764 2702 1052 2750 feodifirmae
1089 2718 1315 2751 concessa
1350 2720 1435 2767 per
1470 2702 1758 2758 Gulielmum
1794 2701 2052 2766 Stirueling
2089 2718 2231 2750 unum
2269 2705 2472 2765 quatuor

535 2792 871 2855 presbitrorum
918 2791 1223 2840 fundatorum
1271 2792 1394 2840 infra
1442 2791 1692 2855 collegium
1737 2791 2056 2840 Brechinense
2103 2807 2189 2854 per
2234 2791 2470 2854 quondam

536 2881 686 2928 bonae
724 2880 978 2928 memoriae
1017 2880 1268 2928 Valterum
1305 2881 1569 2944 palatinum
1608 2881 1667 2928 de
1705 2880 1986 2928 Stratherne
2027 2879 2258 2928 Atholiae
2293 2883 2343 2927 et
2381 2879 2472 2926 Ca-

533 2969 831 3018 thaniensem
857 2969 1078 3016 comitem
1104 2969 1343 3017 dominum
1370 2970 1429 3017 de
1457 2969 1663 3018 Brechin
1687 2973 1737 3017 et
1762 2968 2067 3032 Cortoquhye
2091 2984 2183 3031 pro
2199 2971 2472 3030 augmenta-

440 3058 444 3060 ’
534 3059 664 3106 tione
701 3073 758 3105 ac
793 3057 1091 3120 reparatione
1126 3059 1478 3107 constructione
1515 3062 1564 3106 et
1588 3057 1918 3105 aedificatione
1954 3056 2105 3119 partis
2138 3072 2251 3112 suae
2287 3055 2472 3119 collegii

535 3146 766 3194 antedicti
789 3161 894 3193 cum
919 3161 1151 3213 consensu
1175 3147 1326 3210 patris
1350 3147 1423 3195 sui
1445 3147 1479 3194 J
1483 3146 1622 3195 acobi
1646 3145 1905 3209 Stirueling
1927 3145 2105 3194 tutoris
2130 3145 2202 3194 sui
2220 3161 2277 3193 ac
2300 3144 2473 3194 nobilis

536 3239 585 3282 et
625 3234 834 3298 potentis
877 3234 1054 3282 domini
1093 3235 1126 3281 J
1131 3236 1298 3284 oannis
1339 3235 1528 3283 comitis
1565 3235 1624 3283 de
1667 3234 1778 3282 Mar
1818 3234 1996 3282 domini
2035 3235 2094 3281 de
2137 3235 2382 3283 Gareoche
2421 3239 2470 3282 et

539 3323 714 3372 Erskin
748 3322 1080 3386 feoditariique
1117 3322 1310 3372 dominii
1346 3325 1404 3372 de
1441 3323 1647 3372 Brechin
1682 3327 1731 3371 et
1769 3323 1943 3373 Nawer
1977 3323 2114 3372 unius
2148 3339 2468 3373 successorum
