3008 3996
1253 1047 1779 1114 APPENDIX.

1028 1365 1359 1421 OARTAE
1417 1367 2015 1424 ORIGINALES

1253 1485 1347 1541 IN
1402 1485 1792 1542 ARCHIVIS
2072 1557 2076 1562 ,

807 1602 1361 1660 CIVITATIS
1436 1605 2235 1663 BREGHINENSIS

1267 1724 1777 1781 AssERVATAE.

516 2045 664 2093 Carta
690 2044 964 2108 Randulphi
989 2045 1047 2092 de
1075 2044 1369 2107 St‘shechyn
1405 2060 1546 2108 super
1569 2049 1699 2092 terra
1723 2046 1782 2092 de
1808 2045 2099 2094 Bretulauch
2137 2074 2148 2086 ι

450 2199 491 2245 Ῑ·
529 2180 802 2260 Omnibus
824 2212 911 2260 has
934 2211 1099 2260 literas
1121 2212 1291 2260 visuris
1315 2211 1390 2259 vel
1412 2211 1646 2260 audituris
1670 2210 1936 2260 Randulfus
1971 2213 2030 2259 de
2067 2213 2460 2276 Strathphetham

518 2307 730 2351 eternam
768 2302 817 2348 in
855 2300 1063 2348 Domino
1086 2300 1290 2350 salutem
1327 2328 1338 2338 ·
1376 2300 1577 2350 Nouerit
1601 2299 1886 2349 uniuersitas
1909 2305 2067 2350 vestra
2089 2318 2164 2350 me
2190 2304 2374 2352 dedisse
2410 2309 2459 2352 et

519 2391 807 2440 concessisse
842 2394 891 2438 et
927 2390 1018 2437 hac
1059 2389 1268 2453 presenti
1303 2393 1438 2438 carta
1470 2405 1578 2437 mea
1612 2389 1911 2438 confirmasse
1951 2406 2038 2453 pro
2079 2391 2237 2439 anima
2271 2409 2377 2440 mea
2411 2398 2459 2440 et

518 2480 765 2528 animabus
789 2477 996 2527 omnium
1019 2482 1371 2527 antecessorum
1395 2494 1606 2526 meorum
1630 2482 1785 2526 totum
1822 2478 1895 2528 ius
1930 2480 2055 2542 quod
2090 2480 2233 2527 habui
2258 2481 2303 2528 in
2329 2486 2460 2530 terra

521 2585 611 2633 que
637 2567 924 2616 Brectulach
961 2567 1233 2616 nominatur
1267 2567 1379 2615 Deo
1403 2571 1452 2615 et
1478 2566 1656 2615 Sancto
1693 2567 1967 2615 Tarranano
2003 2572 2052 2615 et
2088 2570 2380 2632 episcopatui
2405 2572 2462 2618 de

522 2657 728 2705 Brechin
767 2683 776 2693 ·
814 2656 1088 2703 Tenendum
1112 2659 1160 2703 et
1184 2655 1452 2702 habendum
1487 2656 1536 2702 in
1570 2671 1735 2718 puram
1771 2659 1820 2703 et
1854 2660 2131 2719 perpetuam
2167 2657 2458 2706 elimosinam

523 2748 580 2794 de
616 2762 690 2792 me
727 2749 776 2792 et
810 2744 1064 2792 heredibus
1098 2743 1218 2791 meis
1254 2744 1375 2791 adeo
1411 2742 1559 2791 libere
1597 2747 1646 2791 et
1686 2744 1845 2806 quiete
1869 2744 2078 2807 plenarie
2117 2750 2166 2793 et
2204 2747 2456 2795 honorifice

521 2836 643 2883 sicut
697 2833 889 2896 aliquod
943 2831 1072 2879 aliud
1127 2817 1421 2880 territorium
1473 2832 1523 2878 in
1579 2848 1722 2894 regno
1779 2832 1946 2881 Scocie
2001 2833 2196 2882 liberius
2243 2836 2456 2898 quiecius

518 2923 759 2988 plenarius
783 2926 831 2970 et
854 2920 1241 2969 honorificentius
1262 2923 1455 2968 tenetur
1477 2924 1560 2967 aut
1583 2920 1853 2983 possidetur
1890 2950 1899 2959 ·
1938 2922 2007 2970 Ut
2030 2927 2188 2971 autem
2225 2925 2313 2972 hec
2349 2942 2454 2973 mea

519 3013 720 3062 donacio
759 3016 808 3059 et
849 3010 1092 3058 concessio
1125 3008 1298 3057 futuris
1334 3008 1627 3071 temporibus
1665 3009 1807 3056 robur
1845 3011 2060 3073 optineat
2098 3012 2459 3062 inconcussum!

518 3118 712 3167 presens
735 3101 963 3164 scriptum
987 3098 1128 3162 sigilli
1151 3098 1245 3146 mei
1267 3096 1604 3162 [appensione]
1627 3097 1845 3145 roboraui
1883 3126 1893 3135 ·
1932 3099 2153 3148 Testibus
2178 3101 2349 3164 Dopno
2375 3104 2449 3158 Gs.

521 3191 664 3239 Abba
689 3191 748 3238 de
773 3188 1014 3236 Aub⁰thoo
1052 3215 1062 3225 ·
1101 3187 1276 3252 Magro
1308 3185 1365 3232 Ο.
1401 3184 1518 3233 arch
1543 3185 1792 3233 Abbdonie
1831 3214 1840 3224 ·
1879 3187 2058 3236 Wfflt²o
2095 3188 2191 3237 filio
2222 3190 2402 3238 Sibaldi
2442 3221 2452 3229 -

522 3281 635 3343 Hfig
657 3279 895 3326 Cambrun
918 3277 992 3324 vic
1018 3277 1075 3323 de
1101 3275 1297 3323 Forfare
1334 3301 1347 3314 ·
1383 3274 1508 3322 Rob.
1533 3274 1788 3322 Senesoald
1811 3274 1886 3322 vif:
1909 3276 1968 3323 de
1996 3276 2177 3324 Merne·
2214 3278 2359 3326 Alex⁰
2391 3281 2448 3326 de

522 3368 679 3416 Blare·
708 3367 881 3432 Magro
906 3365 1031 3412 Hen.
1057 3365 1115 3411 de
1142 3362 1347 3412 Noreha.
1374 3363 1535 3411 Hfiico
1558 3369 1612 3427 p·
1635 3364 1693 3410 de
1719 3361 1969 3411 Glenb'uin
2007 3392 2017 3402 ·
2056 3366 2225 3414 Beolin
2250 3367 2410 3428 judice
2439 3396 2448 3405 ·

522 3455 735 3503 Keraldo
752 3453 913 3516 judice
953 3481 964 3492 ·
1003 3453 1157 3501 Lorne
1184 3452 1362 3500 Thcine
1387 3452 1446 3500 de
1471 3451 1595 3500 Ures
1632 3479 1642 3489 ·
1679 3455 1728 3499 et
1751 3451 1862 3501 mlis
1884 3451 1991 3502 aliis
2026 3489 2037 3501 .
