3022 3964
1084 609 1375 664 CARTAE
1419 607 1916 664 ORIGINALES.
2397 607 2467 661 21

522 813 693 860 sponse
719 814 821 846 mee
846 797 1103 861 predilecte
1140 803 1189 846 et
1218 798 1468 847 liberorum
1495 802 1761 847 nostrorum
1796 812 1853 844 ac
1889 812 1974 860 pro
2009 795 2185 844 salubri
2208 799 2340 844 statu
2365 797 2464 843 Ex-

524 887 848 936 cellentissimi
873 887 1099 950 principis
1124 888 1301 935 domini
1325 888 1358 934 J
1362 888 1498 935 acobi
1537 887 1636 934 Dei
1674 886 1830 949 gratia
1868 884 2015 948 Regis
2040 885 2311 933 Scottorum
2336 884 2464 932 illus-

522 977 610 1025 tris
648 981 697 1024 et
735 976 922 1024 domine
960 977 994 1023 J
999 977 1233 1024 ohannete
1273 977 1456 1040 Regine
1492 976 1703 1024 eiusdem
1740 991 1797 1022 ac
1835 974 2089 1022 liberorum
2124 989 2316 1022 suorum
2353 974 2461 1020 dum

523 1066 779 1113 vixerimus
816 1069 864 1113 et
903 1065 1109 1114 vixerint
1147 1081 1204 1113 ac
1242 1082 1328 1130 pro
1365 1065 1518 1114 salute
1543 1065 1698 1113 anime
1723 1080 1826 1112 mee
1851 1068 1900 1112 et
1927 1063 2135 1127 ipsorum
2160 1078 2265 1110 cum
2289 1063 2349 1110 ab
2374 1063 2463 1110 hac

523 1154 627 1202 luce
652 1154 903 1217 contigerit
941 1170 1028 1202 nos
1067 1154 1269 1217 migrare
1307 1183 1317 1192 ·
1354 1157 1404 1202 et
1441 1170 1527 1217 pro
1564 1153 1718 1202 salute
1753 1153 2015 1201 animarum
2053 1152 2288 1215 quondam
2313 1152 2462 1215 patris

524 1244 616 1291 mei
641 1248 690 1291 et
714 1244 881 1291 matris
905 1259 1008 1290 mee
1031 1259 1214 1291 necnon
1239 1247 1289 1290 et
1312 1259 1397 1306 pro
1421 1242 1575 1291 salute
1599 1243 1861 1290 animarum
1885 1241 2092 1289 omnium
2111 1244 2462 1289 antecessorum

524 1337 572 1380 61
596 1347 918 1380 successorum
942 1336 1225 1386 nostrorum,
1264 1335 1314 1379 et
1352 1347 1439 1395 pro
1476 1330 1630 1379 salute
1667 1330 1928 1379 animarum
1964 1346 2127 1378 eorum
2154 1330 2324 1393 quibus
2348 1329 2463 1377 deli-

523 1422 706 1485 quimus
730 1421 778 1468 in
801 1422 891 1469 hac
914 1421 1014 1469 vita
1050 1424 1099 1468 et
1135 1421 1380 1469 emendam
1417 1421 1694 1483 condignam
1720 1436 1814 1468 non
1836 1419 2034 1468 fecimus
2071 1447 2081 1456 ·
2118 1423 2166 1466 et
2190 1435 2275 1482 pro
2311 1419 2462 1467 salute

521 1512 783 1559 animarum
831 1511 1038 1559 omnium
1085 1511 1412 1558 defunctorum
1461 1510 1646 1558 dedisse
1687 1509 1975 1557 concessisse
2022 1513 2071 1556 et
2117 1509 2207 1556 hoc
2253 1508 2461 1572 presenti

522 1601 699 1664 scripto
723 1616 829 1648 meo
853 1600 1153 1648 confirmasse
1178 1599 1286 1647 Deo
1314 1599 1629 1663 omnipotenti
1653 1602 1702 1646 61
1726 1597 2000 1646 beatissime
2025 1598 2190 1661 virgini
2218 1598 2385 1653 Marie‚
2411 1603 2459 1645 et

522 1689 677 1737 beatis
701 1688 906 1751 Georgio
930 1688 1114 1736 martiri
1149 1691 1198 1735 et
1236 1688 1492 1759 Leonardo'
1510 1687 1781 1743 confessori,
1817 1703 1874 1735 ac
1909 1687 2125 1735 omnibus
2148 1687 2326 1735 sanctis
2351 1687 2458 1743 Dei,

522 1795 578 1826 ac
617 1779 696 1826 uni
736 1777 982 1842 capellano
1018 1778 1179 1825 diuina
1202 1777 1462 1825 celebranti
1499 1781 1549 1824 et
1586 1777 1934 1840 imperpetuum
1960 1775 2257 1824 celebraturo
2281 1777 2340 1823 ad
2369 1775 2462 1837 [al-

521 1872 626 1916 tare
660 1868 931 1933 beatorum]
971 1867 1162 1930 Georgii
1201 1871 1250 1914 et
1290 1867 1527 1915 Leonardi
1565 1867 1613 1913 in
1652 1866 1853 1914 ecclesia
1899 1865 2158 1929 parochiali
2195 1868 2252 1913 de
2290 1866 2459 1913 Dunde

525 1956 857 2005 Brechinensis
894 1956 1095 2004 diocesis
1132 1972 1219 2020 pro
1257 1955 1434 2004 salubri
1471 1959 1603 2004 statu
1637 1955 1729 2003 mei
1771 1960 1820 2003 et
1858 1956 1983 2003 dicte
2023 1956 2248 2003 Mariorie
2290 1972 2460 2019 sponse

522 2063 638 2101 mee,
680 2061 737 2093 ac
779 2045 1033 2093 liberorum
1074 2048 1341 2093 nostrorum
1383 2048 1432 2092 et
1473 2061 1558 2108 pro
1604 2044 1781 2093 salubri
1830 2048 1960 2093 statu
2007 2045 2238 2092 dictorum
2287 2046 2462 2092 domini

525 2136 671 2199 Regis
708 2139 757 2183 et
797 2135 979 2198 Regine
1017 2150 1074 2182 ac
1110 2134 1364 2182 liberorum
1389 2150 1579 2182 suorum
1604 2139 1653 2182 et
1678 2150 1763 2197 pro
1788 2133 1942 2182 salute
1968 2134 2175 2182 omnium
2200 2135 2461 2181 animarum

522 2225 968 2289 prenominatarum,
994 2225 1242 2272 duodecim
1266 2225 1482 2272 marchas
1517 2223 1660 2271 annui
1696 2223 1909 2271 redditus
1933 2223 2176 2271 annuatim
2200 2222 2388 2270 leuandi
2414 2228 2462 2270 et

523 2314 812 2378 percipiendi
850 2315 911 2362 ad
949 2330 1115 2362 manus
1153 2314 1270 2361 dicti
1309 2312 1542 2377 capellani
1581 2312 1660 2376 qui
1695 2328 1781 2375 pro
1815 2316 2028 2375 tempore
2052 2312 2194 2360 fuerit
2231 2314 2288 2359 de
2323 2312 2463 2360 terris

524 2403 641 2451 meis
666 2404 723 2450 de
755 2403 934 2452 Westir
958 2403 1159 2466 Brichty
1182 2402 1448 2450 iacentibus
1472 2402 1519 2449 in
1543 2401 1740 2449 baronia
1775 2418 1882 2449 mea
1919 2403 1977 2449 de
2022 2402 2464 2464 Kynblathmounte

525 2493 647 2539 infra
682 2491 1062 2539 vicecomitatum
1102 2492 1160 2538 (16
1199 2491 1395 2538 Forfare
1434 2518 1444 2528 ·
1483 2490 1759 2537 Tenendum
1798 2494 1847 2537 et
1885 2490 2166 2537 Habendum
2200 2491 2463 2553 predictum

525 2597 730 2628 annuum
754 2579 991 2627 redditum
1017 2579 1264 2626 duodecim
1288 2579 1583 2626 marcharum
1612 2595 1716 2626 cum
1742 2579 2047 2642 pertinenciis
2066 2579 2194 2626 dicto
2219 2579 2463 2643 capellano

527 2670 606 2733 qui
631 2686 715 2733 pro
738 2675 951 2732 tempore
975 2668 1118 2716 fuerit
1143 2668 1490 2731 imperpetuum
1514 2668 1562 2714 in
1586 2684 1748 2730 puram
1787 2672 1835 2714 et
1870 2672 2144 2731 perpetuam
2172 2667 2463 2716 elimosinam

525 2759 685 2812 libere,
725 2787 734 2795 -
775 2787 783 2795 ·
825 2786 833 2795 ·
871 2773 976 2805 cum
1015 2757 1232 2805 omnibus
1269 2760 1318 2803 et
1353 2755 1547 2819 singulis
1582 2755 1881 2804 libertatibus
1920 2784 1928 2793 -
1969 2785 1977 2793 ·
2018 2785 2027 2794 ·
2064 2758 2124 2803 ad
2162 2757 2339 2804 dictum
2382 2775 2464 2806 an-

526 2865 669 2895 nuum
707 2847 944 2895 redditum
982 2845 1309 2910 spectantibus
1347 2873 1356 2882 ·
1397 2874 1407 2882 ·
1448 2873 1456 2882 ·
1494 2849 1542 2891 et
1581 2845 1701 2892 adeo
1729 2843 1891 2900 libere,
1927 2845 2050 2892 sicut
2085 2844 2255 2908 aliquis
2292 2847 2462 2895 Comes

526 2937 601 2985 vel
626 2937 753 2984 Baro
775 2938 927 2984 totius
954 2935 1106 2998 Regni
1131 2935 1290 2982 Scotie
1310 2933 1514 2996 aliquam
1534 2932 1825 2981 elimosinam
1844 2932 1987 2980 alicui
2005 2932 2250 2996 capellano
2274 2934 2466 2983 liberius

529 3055 541 3066 ι
568 3054 579 3064 ·
607 3054 616 3063 ·
643 3026 900 3074 concedere
924 3025 1100 3088 poterit
1139 3053 1149 3062 -
1186 3041 1269 3072 seu
1294 3025 1468 3072 donare
1506 3051 1515 3060 ·
1555 3022 1678 3070 Volo
1703 3023 1846 3070 etiam
1875 3049 1884 3059 -
1914 3050 1923 3058 -
1953 3050 1962 3058 ·
1989 3023 2112 3085 quod
2138 3023 2292 3071 dictus
2311 3023 2466 3086 capel-

526 3114 662 3162 lanus
699 3143 708 3152 ·
749 3143 758 3151 -
798 3142 808 3152 -
844 3114 970 3162 omni
995 3114 1071 3161 die
1094 3103 1247 3161 feriali
1266 3112 1452 3160 intersit
1477 3111 1554 3159 vni
1578 3111 1718 3158 misse
1742 3126 1827 3174 pro
1853 3110 2088 3159 defunctis
2110 3112 2170 3158 ad
2195 3111 2373 3159 dictum
2398 3111 2464 3158 al-

525 3209 643 3259 tare,
662 3219 770 3252 cum
789 3207 905 3251 nota
921 3202 1213 3257 celebrande,
1234 3217 1339 3249 cum
1363 3200 1470 3249 aliis
1492 3199 1748 3263 capellanis
1771 3215 1856 3262 per
1878 3203 2201 3247 antecessores
2225 3215 2354 3248 meos
2378 3200 2463 3246 ibi-

527 3294 633 3340 dem
658 3292 880 3348 fundatis,
906 3296 954 3340 et
980 3292 1104 3355 quod
1129 3291 1229 3354 ipse
1248 3289 1510 3354 predictam
1535 3288 1723 3336 missam
1749 3303 1854 3334 cum
1878 3290 1992 3334 uota
2016 3286 2221 3334 celebret
2246 3287 2463 3350 quotiens
