3016 3958
1115 578 1407 634 CARTAE
1458 581 1956 641 ORIGINALES.
2406 594 2517 648 223

388 851 544 899 CLII·
582 828 766 907 Carta
789 858 1078 907 feodifirmae
1102 875 1328 909 concessa
1351 876 1436 924 per
1461 862 1715 925 Georgium
1754 864 1992 912 Meldrum
2017 865 2161 913 filium
2188 870 2237 914 et
2260 866 2510 916 haeredem

569 949 807 1010 quondam
855 949 1067 1013 magistri
1116 949 1309 1013 Georgii
1351 949 1595 998 Meldrum
1636 952 1880 1015 burgensis
1921 954 2055 1017 burgi
2093 955 2151 1002 de
2190 954 2389 1003 Carreill
2423 973 2508 1019 pro

569 1038 714 1087 certis
749 1039 929 1103 magnis
963 1040 1270 1104 pecuniarum
1307 1040 1502 1088 summis
1536 1041 1571 1088 J
1574 1041 1715 1089 oanni
1753 1041 1974 1090 Tailzour
2008 1043 2098 1091 civi
2136 1043 2358 1092 Civitatis
2400 1045 2516 1093 Bre-

569 1128 805 1178 chinensis
852 1134 901 1178 et
951 1129 1188 1179 Isobellae
1236 1131 1414 1180 Brown
1461 1130 1563 1193 ejus
1610 1146 1811 1194 sponsae
1859 1147 2113 1196 eorumque
2161 1132 2301 1181 alteri
2343 1133 2519 1182 diutius

568 1219 744 1267 viventi
768 1219 815 1267 in
841 1221 1095 1283 conjuncta
1119 1220 1439 1268 infeodatione
1464 1220 1840 1284 haeredibusque
1865 1221 1989 1268 inter
2014 1221 2141 1285 ipsos
2164 1221 2371 1285 legitime
2407 1239 2513 1285 pro-

567 1309 743 1357 creatis
783 1325 866 1357 seu
907 1310 1213 1372 procreandis
1260 1309 1433 1373 quibus
1477 1309 1806 1358 deficientibus
1851 1310 2134 1359 haeredibus
2175 1314 2224 1360 et
2265 1311 2515 1375 assignatis

566 1397 717 1461 ipsius
749 1399 954 1447 Joannis
989 1400 1343 1463 quibuscunque
1381 1398 1586 1448 borealis
1622 1399 1933 1448 dimidietatis
1966 1400 2228 1448 tenementi
2264 1400 2419 1448 vocati
2456 1402 2513 1447 de

565 1487 763 1550 antiquo
802 1488 1136 1551 Buttergaskis
1174 1488 1286 1535 land
1324 1504 1434 1536 cum
1474 1489 1614 1537 horto
1655 1489 1826 1537 horreo
1869 1492 1918 1537 et
1961 1489 2262 1553 pertinentiis
2304 1489 2511 1551 ejusdem

566 1581 791 1641 (excepta
825 1578 1118 1642 proprietate
1154 1577 1340 1626 illarum
1381 1579 1583 1626 duarum
1618 1579 1870 1627 botharum
1906 1595 1990 1627 seu
2025 1578 2312 1627 officinarum
2337 1579 2511 1626 anteri-

563 1681 697 1714 orum
744 1667 955 1729 ejusdem
1004 1667 1317 1716 dimidietatis
1362 1667 1650 1716 haeredibus
1698 1668 1936 1731 quondam
1981 1667 2185 1715 Joannis
2234 1668 2348 1715 Low
2397 1667 2511 1715 civis

565 1755 722 1804 dictae
767 1756 990 1805 Civitatis
1026 1756 1075 1804 in
1110 1757 1374 1805 feodifirma
1416 1756 1736 1820 spectantium
1780 1757 1838 1804 de
1879 1756 2120 1820 praesenti
2158 1772 2242 1820 per
2279 1756 2507 1804 Thomam

564 1846 712 1909 Cowy
736 1850 784 1894 et
807 1847 1046 1895 Jacobum
1083 1846 1226 1894 Clerk
1262 1847 1623 1910 occupatarum)
1654 1846 1864 1908 jacentis
1890 1862 1951 1894 ex
1977 1845 2197 1894 orientali
2227 1849 2362 1909 parte
2388 1845 2512 1893 Civi-

561 1936 678 1984 tatis
725 1936 999 1999 praedictae
1047 1936 1172 1984 inter
1216 1939 1371 1984 terras
1418 1935 1583 1983 Sancti
1629 1936 1663 1982 J
1667 1935 1804 1983 acobi
1851 1936 1913 1982 ad
1959 1935 2152 1983 boream
2197 1938 2351 1983 terras
2393 1935 2508 1982 dicti

563 2026 756 2089 Georgii
778 2025 1016 2074 Meldrum
1041 2027 1101 2074 ad
1127 2026 1284 2074 oriens
1301 2029 1350 2073 et
1369 2024 1626 2074 australem
1646 2024 1993 2072 dimidietatem
2012 2023 2224 2086 ejusdem
2248 2023 2510 2071 tenementi

564 2117 625 2163 ad
649 2119 863 2165 austrum
888 2120 937 2164 et
961 2131 1257 2164 communem
1282 2114 1406 2163 viam
1431 2114 1608 2177 regiam
1627 2114 1689 2162 ad
1709 2113 1931 2162 occidens
1955 2128 2156 2161 unacum
2183 2111 2265 2160 illa
2288 2112 2511 2160 anteriori

561 2206 707 2254 botha
746 2222 830 2255 seu
855 2205 1043 2253 officina
1078 2204 1403 2268 praescriptae
1427 2203 1652 2252 australis
1677 2202 1989 2251 dimidietatis
2006 2202 2199 2264 jacente
2224 2218 2285 2249 ex
2309 2200 2505 2249 australi

561 2300 698 2360 parte
715 2296 892 2358 januae
916 2295 1140 2344 introitus
1164 2294 1376 2356 ejusdem
1402 2294 1460 2341 de
1485 2293 1726 2356 praesenti
1761 2308 1846 2356 per
1881 2293 2081 2339 eundem
2116 2291 2149 2337 J
2154 2306 2351 2338 oannem
2378 2289 2503 2336 Tail-

561 2401 673 2433 zour
708 2389 941 2449 occupata
975 2399 1158 2432 necnon
1189 2382 1538 2447 superioritatis
1572 2382 1904 2445 firmarumque
1938 2380 2373 2429 feodifirmariarum
2410 2380 2506 2426 dic-

561 2479 716 2523 tarum
743 2476 940 2522 duarum
964 2473 1217 2522 botharum
1252 2473 1383 2536 prius
1418 2476 1729 2536 exceptarum
1764 2487 1966 2519 unacum
1995 2470 2181 2533 juribus
2217 2473 2266 2516 et
2301 2468 2504 2516 servitiis

563 2564 692 2612 dicto
718 2563 923 2626 Georgio
948 2561 1191 2610 Meldrum
1212 2563 1270 2609 de
1296 2561 1474 2610 eisdem
1500 2561 1674 2609 debitis
1698 2561 1902 2610 acetiam
1927 2558 2171 2608 orientalis
2196 2557 2504 2605 dimidietatis

562 2654 690 2703 illius
727 2653 886 2717 petiae
925 2656 1083 2701 terrae
1121 2651 1315 2700 arabilis
1354 2651 1484 2699 dicto
1523 2654 1796 2699 tenemento
1821 2651 1879 2698 de
1904 2648 2099 2712 antiquo
2133 2646 2412 2711 pertinentis
2447 2647 2504 2692 de

562 2743 802 2807 praesenti
825 2759 911 2806 per
933 2742 1135 2790 eundem
1159 2741 1191 2788 J
1197 2756 1398 2789 oannem
1424 2739 1646 2788 Tailzour
1669 2743 1932 2804 occupatae
1956 2738 2175 2786 habentis
2198 2753 2260 2785 ex
2284 2735 2502 2783 orientali

561 2837 698 2896 parte
721 2837 876 2882 terras
898 2832 1153 2879 haeredum
1190 2830 1427 2893 quondam
1466 2829 1666 2876 Henrici
1704 2828 1942 2877 Meldrum
1977 2832 2131 2875 terras
2154 2827 2187 2873 J
2193 2826 2357 2874 oannis
2382 2825 2504 2873 Cok-

561 2924 681 2971 burn
706 2938 769 2970 ex
791 2920 970 2970 boreali
995 2920 1233 2969 residuum
1259 2919 1416 2966 dictae
1442 2918 1600 2982 petiae
1624 2922 1782 2966 terrae
1808 2933 1869 2965 ex
1889 2915 2172 2965 occidentali
2191 2919 2240 2963 et
2258 2930 2500 2962 commune

561 3017 749 3061 antrum
783 3028 846 3060 ex
881 3009 1081 3059 australi
1118 3036 1130 3049 ·
1167 3008 1406 3056 Tenendis
1440 3007 1582 3057 dictis
1616 3006 1758 3056 terris
1793 3006 1939 3054 botha
1973 3004 2303 3068 superioritate
2341 3007 2389 3050 et
2426 3003 2499 3050 fir-

561 3102 653 3151 mis
674 3100 1021 3150 feodifirmariis
1058 3100 1106 3146 in
1142 3098 1407 3147 feodifirma
1428 3098 1661 3160 feodoque
1696 3099 1745 3143 et
1779 3094 2075 3142 haereditate
2100 3093 2443 3156 imperpetuum
2482 3119 2491 3127 -

564 3191 829 3240 Reddendo
870 3189 980 3237 inde
1021 3188 1265 3236 annuatim
1309 3186 1708 3235 Brechinensibus
1749 3182 1984 3247 episcopis
2022 3197 2108 3245 pro
2150 3180 2278 3229 dicta
2319 3179 2494 3228 boreali

564 3280 861 3330 dimidietate
884 3277 1147 3327 tenementi
1183 3281 1232 3325 et
1268 3275 1565 3324 dimidietate
1599 3273 1757 3337 petiae
1780 3275 1937 3320 terrae
1961 3269 2153 3318 arabilis
2176 3268 2493 3333 praescriptae
