3016 3958
506 638 616 692 114
1082 638 1378 693 OARTAE
1423 639 1923 695 ORIGINALES.

503 914 651 964 Carta
675 915 876 964 Comitis
899 915 1180 964 Craufurdie
1205 917 1263 964 de
1287 932 1446 965 annuo
1470 917 1660 965 redditu
1685 918 1743 965 de
1767 918 1908 967 terris
1932 919 1990 966 de
2017 917 2323 968 Drumkarne
2362 947 2372 956 ·

283 1093 479 1140 LXIII.
517 1060 789 1141 Omnibus
823 1092 946 1139 hanc
983 1097 1164 1141 cartam
1200 1093 1369 1142 visuris
1403 1093 1478 1142 vel
1512 1094 1746 1143 audituris
1770 1094 1931 1143 Dauid
1956 1095 2127 1144 Comes
2161 1095 2443 1144 Craufurdie

506 1181 827 1232 ethominus
866 1182 1104 1245 Lindesay
1141 1182 1355 1231 Salutem
1396 1210 1406 1220 ·
1446 1184 1472 1221 -'
1496 1211 1506 1219 ·
1543 1183 1718 1232 Sciatis
1742 1199 1828 1232 nos
1850 1184 1911 1231 ad
1936 1182 2125 1232 laudem
2161 1189 2210 1232 et
2246 1183 2446 1248 gloriam

505 1275 671 1320 sancte
711 1275 762 1319 et
801 1271 1043 1319 indiuidue
1085 1271 1336 1320 Trinitatis
1376 1271 1648 1321 beatissime
1690 1271 1900 1334 Virginis
1940 1272 2107 1322 matris
2147 1277 2196 1321 et
2238 1273 2446 1320 omnium

506 1359 698 1408 celestis
734 1359 863 1408 curie
905 1360 1187 1408 Sanctorum
1221 1360 1369 1408 libere
1405 1360 1592 1409 dedisse
1629 1387 1639 1398 -
1679 1388 1689 1398 ·
1728 1388 1738 1399 ·
1778 1360 1885 1408 Deo
1920 1361 2230 1425 omnibusque
2268 1362 2448 1411 sanctis

505 1448 793 1512 supradictis
827 1463 886 1496 ac
922 1447 1182 1512 capellanis
1217 1449 1266 1497 in
1304 1449 1449 1498 choro
1490 1449 1692 1499 ecclesie
1734 1449 2071 1499 Brechinensis
2107 1478 2118 1488 ·
2158 1479 2167 1488 -
2207 1479 2217 1488 ·
2255 1455 2304 1498 et
2349 1451 2447 1500 suis

504 1538 858 1587 successoribus
896 1566 907 1576 ·
945 1566 956 1575 ·
995 1564 1006 1576 ·
1041 1554 1127 1602 pro
1161 1537 1316 1587 salute
1350 1538 1507 1587 anime
1530 1542 1691 1588 nostre
1714 1538 2073 1602 animarumque
2096 1543 2448 1588 antecessorum

506 1631 556 1675 et
578 1642 902 1676 successorum
927 1630 1193 1675 nostrorum
1230 1630 1280 1675 et
1315 1627 1523 1675 omnium
1558 1626 1768 1676 fidelium
1791 1627 2120 1677 defunctorum
2159 1655 2169 1666 ·
2210 1655 2219 1666 ·
2259 1657 2269 1666 ·
2305 1644 2448 1676 unum

506 1733 725 1764 annuum.
749 1715 986 1764 redditum
1022 1715 1166 1763 trium
1202 1714 1429 1764 librarum
1464 1715 1639 1765 vsualis
1674 1698 1863 1764 monete
1896 1716 2027 1779 regni
2051 1716 2214 1765 Scotie
2236 1721 2450 1780 tempore

510 1804 1023 1853 solutioniscurrentis
1061 1805 1119 1853 dc
1156 1805 1298 1854 terris
1330 1805 1506 1854 nostris
1541 1804 1651 1853 ville
1687 1806 1747 1854 de
1766 1834 1767 1837 =
1783 1805 2085 1854 Drumkarne
2107 1805 2379 1868 jacentibus
2402 1806 2450 1854 in

509 1894 716 1942 dominio
741 1897 905 1942 nostro
929 1894 988 1940 de
1013 1892 1225 1942 Glenesk
1250 1893 1372 1942 infra
1393 1893 1780 1943 vicecomitatum
1816 1895 1875 1942 de
1912 1895 2083 1943 Forfar
2105 1910 2190 1958 per
2211 1895 2452 1958 predictos

509 1982 779 2047 capellanos
817 2009 827 2020 ·
962 1982 1034 2029 adst
1061 1982 1181 2031 duos
1215 1982 1327 2031 anni
1366 1982 1596 2031 terminos
1637 1982 1825 2032 usuales
1862 2010 1872 2020 ·
1911 2010 1922 2020 ·
1961 2011 1972 2021 ·
2007 1984 2252 2031 annuatim
2291 1983 2453 2032 leuan-

511 2073 622 2120 dum
672 2099 682 2111 ·
730 2071 1006 2120 Tenendum
1060 2099 1080 2109 ·v
1115 2098 1126 2108 ·
1175 2099 1187 2109 ·
1236 2070 1285 2118 in
1332 2087 1498 2134 puram
1547 2070 1852 2120 elemosinam
1891 2100 1902 2110 ·
1942 2100 1952 2110 ·
1990 2098 2001 2111 ·
2039 2072 2304 2120 Reddendo
2340 2101 2351 2112 ο
2392 2102 2402 2111 ·
2442 2102 2459 2137 '⁷

511 2161 627 2210 dicti
666 2159 899 2224 capellani
938 2187 948 2198 ·
987 2188 998 2198 ·
1038 2188 1048 2198 -
1085 2160 1257 2207 deuote
1294 2164 1345 2208 et
1382 2159 1690 2223 solempniter
1731 2160 2026 2209 Precinendo
2064 2160 2238 2210 cotidie
2283 2162 2453 2224 imper-

511 2254 707 2314 petuum
741 2250 791 2298 in
825 2249 970 2297 choro
992 2247 1192 2297 ecclesie
1217 2247 1511 2296 cathedralis.
1529 2248 1866 2298 Brechinensis
1887 2248 2131 2298 antedicto
2150 2251 2212 2297 ad
2238 2265 2453 2313 magnam

513 2340 704 2389 missam
741 2340 864 2388 hanc
900 2338 1207 2402 antiphonam
1244 2337 1346 2386 siue
1382 2337 1720 2395 salutationem
1764 2342 1979 2387 vocatam
2017 2340 2123 2387 Aue
2163 2338 2367 2402 gloriosa
2404 2341 2451 2386 in

513 2431 690 2478 honore
713 2429 915 2492 gloriose
938 2427 1305 2491 beatissimeque
1327 2427 1521 2490 virginis
1546 2427 1701 2475 Marie
1725 2428 1943 2476 habendo
1972 2429 2117 2477 etiam
2153 2444 2240 2477 nos
2275 2429 2320 2476 in
2357 2430 2454 2479 suis

514 2519 670 2567 missis
707 2518 756 2566 in
792 2516 988 2581 speciali
1023 2520 1261 2564 memento
1285 2519 1334 2564 et
1357 2516 1447 2564 hoc
1469 2519 1656 2564 tantum
1681 2517 1918 2580 proomni
1941 2516 2036 2566 alio
2060 2533 2202 2566 onere
2241 2546 2250 2555 ·
2290 2547 2299 2555 ·
2339 2546 2349 2556 ·
2388 2519 2454 2566 Et

516 2623 602 2656 nos
637 2623 746 2656 vero
780 2607 993 2670 prefatus
1017 2605 1175 2653 Dauid
1201 2620 1360 2654 comes
1381 2604 1654 2654 antedictus
1675 2605 1875 2655 heredes
1896 2606 2048 2655 nostri
2085 2635 2095 2645 ·
2134 2635 2145 2645 ·
2185 2634 2195 2644 ·
2231 2608 2454 2656 waranti-

518 2697 725 2745 zabimus
762 2724 772 2734 -
812 2723 820 2733 -
861 2723 872 2732 ·
909 2695 969 2743 In
1000 2710 1200 2758 quorum
1231 2694 1439 2742 omnium
1476 2697 1526 2742 et
1560 2693 1847 2757 singulorum
1884 2722 1916 2739 ·.
1935 2722 1946 2732 ·
1983 2722 1995 2733 ·
2029 2695 2355 2745 testimonium
2381 2697 2454 2744 Si-

517 2785 678 2848 gillum
702 2788 915 2833 nostrum
938 2783 1236 2847 presentibus
1259 2785 1332 2831 est
1359 2797 1618 2846 appensum
1643 2798 1800 2831 coram
1824 2782 1918 2832 hiis
1938 2783 2143 2832 testibus
2167 2783 2454 2834 Reuerendo

519 2876 568 2922 in
605 2875 674 2921 Χο
694 2877 829 2937 patre
863 2873 898 2919 J
901 2872 1086 2920 ohanne
1123 2871 1360 2935 Episcopo
1383 2871 1693 2929 Brechinensi
1718 2870 2081 2920 Venerabilibus
2102 2871 2454 2921 honorabilibus

520 2968 570 3012 et
607 2962 826 3011 discretis
861 2961 975 3010 viris
1012 2959 1497 3024 Magistris2<dominis
1531 2959 1737 3022 Georgio
1760 2959 1902 3009 Seres
1924 2964 2118 3009 cantore
2143 2960 2451 3010 Brechinensi

522 3050 768 3098 Willelmo
809 3048 981 3112 Ogiluy
1017 3048 1303 3097 cancellario
1340 3051 1398 3096 -et
1437 3048 1655 3097 Roberto
1680 3048 1855 3097 Brovn
1896 3048 2194 3112 pensionario
2240 3049 2449 3098 eiusdem

522 3139 739 3188 Gilberto
763 3137 888 3201 Tyre
923 3137 957 3184 J
961 3137 1111 3185 acobo
1142 3136 1372 3201 Dekyson
1397 3134 1606 3184 Rectore
1631 3137 1689 3183 de
1715 3136 1990 3185 Kirkbutho
2014 3137 2195 3186 Thema
2219 3137 2452 3202 Fothryn-

519 3244 654 3291 game
696 3227 754 3274 de
797 3226 920 3274 Pure
959 3225 993 3272 J
997 3225 1181 3274 ohanne
1228 3224 1487 3289 Dempster
1526 3225 1586 3273 de
1627 3223 1862 3273 Othirless
1900 3225 1935 3272 J
1938 3225 2122 3274 ohanne
2165 3227 2452 3289 Langlandis
