3016 3958
387 2137 524 2183 XLI.

526 609 599 666 78
1090 609 1382 664 OARTAE
1426 609 1930 665 ORIGINALES.

533 799 811 848 sedentibus
834 798 920 849 sub
945 815 1070 849 anno
1095 799 1446 847 Incarnationis
1462 799 1717 847 Dominice
1740 797 1991 849 millesimo
2014 798 2475 862 quadringentesimo

531 887 890 952 quadragesimo
924 903 1050 936 nono
1088 888 1264 937 mensis
1300 904 1411 936 vero
1434 887 1467 934 J
1473 887 1571 935 unii
1595 888 1672 935 die
1697 887 1921 936 vicesima
1953 887 2107 952 prima
2139 887 2257 936 hora
2293 888 2476 935 decima

530 981 642 1026 ante
667 977 913 1026 meridiem
949 976 1027 1025 uel
1067 977 1255 1025 eocirca
1291 976 1868 1025 Indictioneduodecima
1901 976 2209 1040 pontificatus
2246 1004 2256 1013 ·
2296 1004 2306 1013 ·
2344 1004 2354 1014 ·
2393 976 2477 1023 Ni-

532 1066 687 1115 cholai
726 1095 736 1104 -
776 1095 786 1104 ·
826 1095 836 1104 -
873 1082 994 1130 pape
1030 1065 1184 1130 quinti
1207 1082 1334 1114 anno
1356 1065 1502 1114 tertio
1543 1094 1552 1103 ·
1592 1065 1899 1114 Presentibus
1922 1065 2097 1112 ibidem
2128 1063 2478 1113 venerabilibus

534 1160 583 1204 et
602 1139 842 1204 'discretis
876 1155 990 1204 viris
1026 1155 1272 1218 Magistris
1307 1155 1530 1203 Johanne
1571 1153 1804 1202 Willelmi
1843 1153 2032 1202 officiali
2059 1153 2368 1202 Brechinensi
2391 1153 2424 1199 J
2429 1169 2479 1200 o-

534 1246 690 1292 hanne
715 1244 870 1308 Barry
893 1249 943 1294 et
969 1243 1168 1292 Michali
1193 1244 1318 1307 Crag
1341 1244 1562 1292 Dominis
1588 1243 1749 1291 Dauid
1777 1243 2009 1292 Willelmi
2043 1243 2266 1291 Donaldo
2292 1243 2481 1290 Mames

538 1334 747 1382 Patricio
784 1333 1023 1382 Nicholaii
1058 1334 1247 1382 notario
1281 1333 1471 1396 publico
1513 1333 1547 1380 J
1551 1333 1736 1381 ohanne
1781 1334 1840 1380 de
1884 1333 2090 1380 Brechin
2137 1336 2188 1380 et
2236 1330 2481 1379 Willelmo

541 1422 700 1471 Ellam
725 1422 987 1487 capellanis
1010 1438 1119 1471 cum
1144 1422 1308 1471 multis
1338 1421 1446 1470 aliis
1484 1450 1494 1459 ·
1534 1450 1543 1458 ·
1584 1450 1592 1459 -

609 1511 675 1560 Et
722 1527 809 1574 ego
854 1511 1104 1560 Johannes
1150 1511 1304 1574 Steyll
1350 1510 1585 1574 presbiter
1628 1510 1984 1559 Dunkeldensis
2019 1510 2232 1558 dioecesis
2267 1508 2483 1572 publicus

540 1601 800 1649 autoritate
824 1599 1057 1663 imperiali
1081 1601 1295 1649 notarius
1319 1606 1408 1647 etc.

545 1802 852 1850 Confirmatio
888 1803 922 1850 J
926 1802 1063 1850 acobi
1100 1802 1295 1849 secundi
1335 1802 1480 1864 Regis
1520 1802 1769 1849 Scotorum
1819 1802 1878 1848 de
1924 1804 2199 1848 tenemento
2247 1805 2296 1848 et
2339 1801 2484 1848 certis

544 1892 667 1940 acris
684 1896 811 1940 terre
830 1893 1019 1940 donatis
1035 1891 1223 1940 vicariis
1246 1895 1296 1939 et
1320 1890 1578 1954 capellanis
1596 1890 1726 1938 chori
1747 1889 2082 1938 Brechinensis
2104 1905 2190 1952 per
2216 1890 2478 1937 Robertum

547 1982 606 2027 de
631 1979 737 2027 Hill
760 1985 809 2028 et
836 1981 1064 2042 Marjorie
1091 1980 1248 2028 Gulde
1272 1996 1443 2043 sponse
1479 1996 1561 2028 sue
1601 2008 1610 2016 ·

555 2105 798 2186 Jacobus
822 2135 916 2183 Dei
938 2134 1093 2198 gratia
1117 2134 1227 2181 Rex
1253 2134 1502 2182 Scotorum
1541 2161 1551 2170 ·
1591 2161 1600 2171 ·
1640 2161 1649 2170 ·
1687 2133 1863 2181 Sciatis
1898 2148 1985 2180 nos
2022 2134 2275 2196 quamdam
2300 2138 2480 2182 cartam

548 2227 711 2275 dilecti
735 2225 886 2274 nostri
914 2223 1114 2273 Roberti
1150 2223 1210 2270 de
1250 2222 1355 2269 Hill
1377 2222 1554 2270 factam
1595 2250 1604 2259 -
1647 2251 1657 2259 ·
1697 2250 1707 2259 -
1745 2221 1852 2269 Deo
1890 2221 2204 2284 omnipotenti
2242 2227 2292 2270 et
2330 2223 2486 2286 capel-

549 2317 673 2365 lanis
713 2317 761 2363 in
803 2315 948 2362 choro
987 2312 1188 2361 ecclesie
1224 2310 1513 2360 cathedralis
1551 2310 1886 2358 Brechinensis
1923 2338 1932 2346 -
1973 2338 1982 2346 ·
2021 2338 2034 2348 ι
2069 2310 2362 2360 intellexisse
2399 2313 2486 2360 sub

553 2408 646 2454 hac
691 2406 847 2454 forma
884 2432 894 2441 ·
931 2402 1162 2450 Omnibus
1199 2399 1315 2462 [No.
1365 2399 1670 2465 XXXVII.]
1723 2427 1734 2437 -
1784 2427 1794 2436 ·
1846 2427 1855 2435 -
1904 2399 2252 2462 Quamquidem
2303 2405 2485 2448 cartam

556 2526 566 2533 ·
607 2526 616 2534 -
655 2524 665 2533 ·
703 2494 1032 2543 confirmamus
1082 2490 1240 2539 Saluis
1280 2490 1418 2538 nobis
1457 2489 1633 2536 wardis
1674 2487 1864 2536 releuiis
1905 2487 2169 2551 maritagiis
2201 2489 2388 2549 juribus
2437 2494 2486 2537 et

555 2583 767 2634 seruiciis
804 2583 863 2630 de
901 2581 1043 2628 dictis
1079 2579 1223 2627 terris
1259 2582 1371 2626 ante
1408 2581 1678 2641 presentem
1702 2575 2108 2624 confirmationem
2143 2577 2280 2625 nobis
2315 2578 2489 2626 debitis

555 2680 604 2722 et
628 2672 867 2722 consuetis
905 2699 914 2708 ·
951 2670 1011 2717 In
1035 2669 1168 2717 cuius
1192 2667 1284 2715 Rei
1306 2665 1632 2715 testimonium
1656 2664 1868 2728 presenti
1891 2668 2023 2712 carte
2047 2668 2208 2713 nostre
2244 2667 2488 2714 confirma-

555 2763 701 2812 tionis
723 2775 944 2823 magnum
966 2756 1172 2820 sigillum
1195 2760 1410 2804 nostrum
1434 2754 1608 2818 apponi
1646 2753 1944 2817 precepimus
1981 2753 2187 2802 testibus
2224 2757 2484 2804 reuerendo

556 2853 605 2899 in
630 2850 820 2898 Christo
844 2847 1058 2911 patribus
1080 2845 1113 2892 J
1117 2844 1266 2893 acobo
1292 2842 1538 2891 Willelmo
1574 2846 1624 2890 et
1660 2843 1694 2889 J
1698 2842 1882 2890 ohanne
1922 2842 2263 2891 Sanctiandree
2289 2843 2487 2908 Glasgu-

557 2944 682 2992 ensis
699 2946 748 2990 et
766 2938 1118 2988 Dunkeldensis
1136 2935 1442 2986 ecclesiarum
1460 2935 1695 2999 episcopis
1717 2933 1960 2982 Willelmo
1978 2935 2167 2983 domino
2187 2936 2485 2986 Crechtoune

556 3037 720 3081 nostro
765 3027 1025 3077 camerario
1072 3030 1122 3074 et
1168 3025 1516 3088 consanguineo
1562 3021 1825 3087 predilecto
1863 3022 2106 3070 carissimo
2143 3026 2489 3088 consanguineo

558 3125 721 3169 nostro
747 3091 994 3164 Willelmo·
1014 3115 1188 3163 comite
1213 3116 1272 3162 de
1298 3112 1510 3176 Douglas
1543 3116 1593 3160 et
1628 3113 1688 3160 de
1723 3110 1995 3159 Auandaile
2030 3112 2220 3160 domino
2256 3113 2490 3163 Galwidie

561 3209 748 3257 dilectis
771 3203 1129 3267 consanguineis
1151 3203 1328 3251 nostris
1353 3200 1560 3264 Georgio
1597 3198 1890 3248 Archibaldo
1927 3203 1977 3247 et
2017 3200 2219 3263 Hugone
2243 3203 2302 3250 de
2324 3205 2489 3267 Augus

563 3296 783 3346 Morauia
819 3298 869 3342 et
907 3292 1117 3340 Ormond
1142 3290 1396 3340 comitibus
1422 3287 1667 3336 willelmo
1689 3287 1879 3336 domino
1914 3287 2175 3336 Someruile
2211 3295 2260 3338 et
2296 3293 2489 3340 Andrea
