3016 3958
368 1908 474 1955 LX.

1044 657 1340 712 OARTAE
1384 655 1885 712 ORIGINALES.
2343 655 2448 706 109

491 849 541 891 et
579 848 742 892 tenore
781 846 1071 908 presentium
1111 848 1412 896 concedimus
1446 846 1635 895 balliuis
1670 850 1719 894 et
1755 845 1937 892 ciuibus
1973 843 2098 890 dicte
2138 842 2348 889 ciuitatis
2388 846 2438 888 vt

492 933 699 981 habeant
734 937 930 982 teneant
966 940 1015 982 et
1051 936 1325 999 possideant
1360 935 1556 999 singulis
1591 933 1867 983 ebdomadis
1890 933 2234 996 imperpetuum
2260 930 2439 977 dictum

491 1022 644 1070 forum
669 1023 798 1071 dicto
836 1024 912 1071 die
949 1024 1059 1071 lune
1098 1026 1234 1072 Adeo
1272 1024 1420 1072 libere
1457 1040 1564 1072 cum
1589 1023 1805 1071 omnibus
1841 1026 1889 1070 et
1924 1019 2118 1083 singulis
2140 1019 2441 1066 libertatibus

492 1111 750 1174 priuilegiis
773 1116 821 1160 et
847 1113 1066 1176 proficuis
1089 1113 1242 1162 solitis
1267 1118 1315 1162 et
1340 1114 1592 1170 consuetis,
1629 1118 1678 1161 et
1714 1113 1836 1160 sicut
1861 1111 1980 1159 alias
2004 1110 2172 1157 diebus
2196 1108 2442 1157 dominicis

494 1200 644 1262 ipsum
670 1201 820 1248 forum
847 1201 1030 1250 solebat
1055 1203 1208 1250 teneri
1233 1207 1283 1251 et
1307 1203 1550 1252 obseruari
1589 1231 1598 1241 ·
1637 1203 1695 1250 In
1721 1203 1856 1250 cuius
1880 1201 1948 1248 rei
1987 1198 2311 1247 testimonium
2337 1213 2441 1259 pre-

494 1288 707 1337 sentibus
731 1305 948 1352 magnum
985 1290 1200 1353 Sigillum
1233 1295 1446 1339 nostrum
1485 1292 1659 1355 apponi
1688 1290 1985 1354 precepimus
2021 1288 2145 1351 apud
2184 1286 2442 1348 Linlithqw

494 1377 716 1426 vicesimo
740 1394 864 1425 nono
900 1378 976 1426 die
1012 1380 1186 1428 mensis
1217 1380 1254 1427 J
1259 1380 1355 1427 unii
1380 1382 1521 1427 Anno
1546 1379 1742 1427 Domini
1767 1378 2015 1426 millesimo
2039 1376 2442 1440 quadringentesi-

496 1481 575 1514 mo
598 1466 894 1528 sexagesimo
918 1472 1056 1515 sexto
1095 1469 1160 1516 Et
1185 1468 1316 1531 regni
1340 1469 1490 1517 nostri
1515 1473 1654 1516 sexto
1693 1497 1703 1506 ·

498 1667 875 1715 Instrumentum
904 1668 1298 1718 Renunciationis
1321 1670 1355 1716 J
1360 1670 1558 1719 ohannis
1584 1671 1843 1732 Dempstar
1876 1674 2108 1716 terrarum
2135 1668 2192 1713 de
2220 1666 2440 1713 Ardauch

497 1771 604 1802 cum
628 1756 930 1819 pertinentiis
966 1785 976 1794 ·

510 1878 588 1959 In
616 1912 708 1960 Dei
734 1913 922 1960 nomine
961 1942 971 1950 ·
1011 1942 1021 1951 ·
1061 1942 1069 1951 ·
1109 1915 1308 1963 Cunctis
1331 1919 1497 1979 pateat
1522 1916 1769 1964 euidenter
1793 1917 1916 1979 quod
1943 1931 2066 1962 anno
2093 1913 2442 1961 lncarnationis

501 2001 752 2050 Dominice
790 2001 1038 2050 millesimo
1077 2004 1539 2067 quadringentesimo
1576 2005 1872 2067 sexagesimo
1910 2008 2081 2051 octauo
2123 2002 2296 2050 mensis
2334 2017 2443 2048 vero

503 2091 622 2153 Maij
680 2092 756 2139 die
811 2096 980 2155 quarto
1038 2093 1306 2141 Indictione
1361 2093 1546 2141 decima
1594 2093 1761 2157 quinta
1812 2093 2122 2140 Pontificatus
2160 2120 2169 2128 ·
2209 2119 2218 2127 ·
2258 2119 2267 2127 ·
2306 2089 2442 2136 Pauli

505 2209 516 2218 ·
554 2208 564 2218 ·
604 2209 614 2218 ·
651 2196 772 2244 pape
796 2182 990 2229 secundi
1026 2198 1150 2230 anno
1185 2187 1355 2246 quarto
1380 2183 1552 2230 Coram
1578 2183 1837 2230 reuerendo
1862 2182 1909 2228 in
1937 2181 2005 2228 Xo
2040 2185 2176 2244 patre
2215 2208 2224 2217 -
2265 2207 2272 2216 ·
2315 2207 2323 2215 -
2359 2179 2445 2225 Jo-

501 2270 656 2316 hanne
704 2269 943 2333 Episcopo
991 2271 1299 2319 Brechinensi
1343 2300 1355 2310 ·
1398 2299 1408 2308 ·
1455 2300 1464 2310 -
1501 2271 1814 2335 personaliter
1864 2271 2154 2318 constitutus
2199 2269 2231 2314 J
2238 2268 2445 2316 ohannes

502 2359 789 2422 Dempstare
845 2360 902 2406 de
968 2359 1283 2409 Ouchtirlaiss
1341 2364 1471 2409 totas
1517 2364 1566 2408 et
1612 2361 1819 2422 integras
1873 2364 2028 2407 terras
2082 2359 2139 2404 de
2196 2356 2443 2403 Ardaucht

503 2448 726 2496 Botheris
763 2452 812 2495 et
858 2447 1066 2496 Aldecat
1107 2453 1156 2496 et
1199 2449 1382 2497 Nether
1430 2449 1665 2498 Pitforthe
1706 2464 1888 2496 necnon
1932 2447 2084 2495 officia
2125 2445 2348 2493 balliatus
2394 2448 2443 2490 et

501 2536 840 2584 camerariatus
880 2536 1078 2586 ecclesie
1119 2538 1302 2600 prefate
1345 2537 1653 2586 Brechinensi
1689 2537 1957 2600 spectantia
1994 2536 2041 2582 in
2077 2534 2292 2581 manibus
2328 2533 2442 2579 dicti

502 2625 747 2673 reuerendi
772 2625 923 2688 patris
946 2641 1127 2673 sursum
1153 2626 1360 2673 reddidit
1383 2642 1592 2690 pureque
1629 2624 1908 2688 simpliciter
1931 2623 2188 2686 resignauit
2212 2637 2269 2668 ac
2305 2637 2441 2668 omne

495 2714 575 2775 jus
598 2717 648 2762 et
671 2713 901 2762 clameum
926 2713 1265 2776 proprietatem
1301 2718 1350 2762 et
1385 2715 1728 2777 possessionem
1754 2730 1844 2777 que
1869 2717 1918 2760 et
1943 2728 2060 2776 quas
2084 2712 2440 2774 predecessores

502 2803 574 2850 sui
597 2803 864 2850 habuerunt
887 2817 1063 2865 seuque
1087 2802 1176 2850 sibi
1199 2802 1234 2848 J
1238 2802 1411 2850 ohanni
1447 2806 1533 2850 aut
1571 2802 1822 2850 heredibus
1859 2802 1956 2850 suis
1994 2804 2262 2863 competere
2305 2803 2440 2862 potu-

492 2891 626 2938 erint
669 2890 931 2938 infuturum
974 2890 1021 2937 in
1063 2889 1137 2937 vel
1176 2891 1236 2937 ad
1278 2890 1631 2953 prenominatas
1665 2895 1819 2938 terras
1853 2906 1910 2937 ac
1946 2888 2099 2936 officia
2134 2887 2355 2936 balliatus
2390 2892 2438 2935 et

502 2979 842 3027 camerariatus
879 2978 1096 3042 predicta
1133 2994 1238 3026 cum
1277 2979 1577 3042 pertinentiis
1611 2995 1640 3026 a
1675 2995 1726 3027 se
1763 2983 1812 3025 et
1847 2978 2098 3026 heredibus
2133 2978 2228 3026 suis
2253 2978 2437 3040 prefato

503 3068 762 3116 reuerendo
785 3068 911 3130 patri
935 3070 984 3115 et
1008 3067 1355 3116 successoribus
1379 3067 1477 3115 suis
1493 3067 1690 3115 'omnino
1709 3066 2068 3129 quiteclamauit
2092 3066 2434 3129 imperpetuum

503 3157 822 3205 renunciando
860 3155 1139 3219 simpliciter
1176 3160 1224 3204 et
1262 3171 1485 3219 expresse
1524 3155 1739 3203 omnibus
1776 3159 1825 3202 et
1860 3154 2054 3216 singulis
2100 3154 2251 3202 literis
2290 3155 2437 3201 muni-

502 3245 674 3293 mentis
697 3249 746 3293 et
771 3245 916 3293 cartis
939 3244 1192 3292 euidentiis
1215 3244 1540 3292 instrumentis
1577 3259 1634 3290 ac
1670 3242 1776 3291 aliis
1814 3243 2108 3290 documentis
2143 3243 2438 3304 quibuscum-

503 3350 594 3396 que
617 3334 897 3396 Vbicumque
935 3337 984 3380 et
1021 3348 1106 3396 per
1144 3347 1460 3395 quoscumque
1496 3332 1604 3379 inde
1640 3331 1868 3380 confectis
1892 3347 2086 3394 quarum
2122 3348 2204 3379 seu
2241 3349 2434 3394 quorum
