3016 3958
259 903 519 951 CXLVII.

236 2162 527 2211 CXLVIII.

1080 624 1373 680 CARTAE
1425 624 1923 681 ORIGINALES.
2374 629 2483 683 219

556 875 741 955 Carta
764 905 1134 953 confirmationis
1158 908 1320 953 cartae
1346 919 1599 953 concessae
1623 920 1709 967 per
1732 904 2024 952 antedictum
2062 905 2218 953 David
2254 921 2486 954 commen-

544 997 781 1046 datarium
819 995 1096 1045 monasterii
1134 996 1192 1043 de
1232 994 1512 1058 Dryburght
1549 997 1598 1042 et
1637 993 2023 1042 archidiaconum
2059 994 2289 1044 ecclesiae
2326 996 2485 1043 cathe-

544 1086 689 1136 dralis
715 1086 1052 1135 Brechinensis
1075 1085 1305 1150 praefatis
1329 1084 1540 1133 Thomae
1579 1084 1791 1146 Ramsay
1816 1082 1994 1146 Agneti
2020 1085 2200 1132 Gardin
2225 1085 2326 1146 ejus
2349 1101 2487 1148 spon-

544 1193 625 1226 sae
670 1181 719 1225 et
759 1176 948 1224 Jacobo
988 1176 1202 1239 Ramsay
1241 1191 1406 1223 eorum
1444 1174 1540 1222 filio
1569 1172 1683 1235 [No.
1726 1172 1904 1238 CXL]
1944 1174 2057 1221 data
2094 1174 2179 1222 sub
2216 1174 2489 1222 testimonio

544 1266 702 1330 magni
736 1265 878 1329 sigilli
913 1281 1072 1313 coram
1108 1265 1183 1313 his
1217 1264 1422 1313 testibus
1447 1263 1617 1312 Colino
1646 1262 1887 1325 Argadiae
1912 1263 2086 1311 comite
2110 1262 2299 1311 domino
2324 1263 2492 1326 Camp-

544 1355 641 1404 bell
682 1359 731 1404 et
774 1356 930 1403 Lorne
972 1359 1064 1404 etc.
1106 1353 1391 1402 cancellario
1431 1368 1489 1400 ac
1524 1351 1795 1414 justiciario
1839 1352 1966 1415 regio
2012 1351 2233 1415 generali,
2283 1352 2490 1399 Patricio

547 1444 919 1493 Sanctiandreae
967 1444 1339 1508 archiepiscopo,
1389 1442 1604 1490 Roberto
1652 1442 2055 1489 commendatario
2112 1441 2386 1490 monasterii
2433 1442 2489 1487 de

547 1534 929 1598 Dumfermeling
974 1534 1233 1583 secretario
1270 1532 1414 1596 regio,
1458 1531 1678 1579 Waltero
1720 1525 2121 1585 commendatario
2162 1530 2397 1593 prioratus
2433 1531 2489 1577 de

547 1624 779 1689 Blantyre
804 1624 978 1673 secreti
1003 1623 1146 1687 sigilli
1170 1623 1382 1678 custode,
1411 1621 1686 1669 Alexandro
1712 1620 1825 1684 Hay
1861 1621 1919 1668 de
1957 1621 2119 1669 Eister
2145 1621 2338 1667 Kennet
2362 1624 2492 1667 rotu-

546 1714 698 1762 lorum
737 1714 923 1777 registri
962 1730 1019 1763 ac
1058 1712 1247 1762 concilii
1285 1711 1472 1767 clerico,
1517 1711 1758 1759 Lodovico
1801 1710 2062 1759 Bellenden
2104 1711 2163 1758 de
2207 1709 2491 1758 Auchnoule

547 1804 699 1852 milite
751 1804 1049 1866 justiciariae
1097 1803 1284 1859 clerico,
1335 1807 1384 1851 et
1434 1802 1651 1850 Roberto
1698 1802 1837 1850 Scott
1885 1799 2196 1848 cancellariae
2245 1800 2488 1853 directore,

548 1896 674 1958 apud
701 1894 1071 1958 Halyrudehous
1109 1922 1118 1932 ·
1155 1894 1219 1941 25
1245 1892 1466 1940 Januarii
1493 1892 1621 1939 1583
1663 1919 1672 1929 ·

563 2136 749 2216 Carta
771 2164 1142 2213 confirmationis
1165 2167 1327 2212 cartae
1351 2163 1642 2211 feodifirmae
1676 2178 1928 2211 concessae
1953 2177 2038 2225 per
2062 2161 2324 2224 praefatum
2351 2158 2495 2206 Alex-

550 2255 749 2302 andrum
775 2255 1049 2318 episcopum
1074 2253 1443 2302 Brechinensem
1480 2252 1737 2300 antedictis
1762 2250 2007 2299 Willelmo
2046 2250 2252 2298 Kinloch
2287 2250 2321 2295 J
2325 2252 2491 2296 onetae

552 2343 793 2407 Lindesay
827 2344 929 2406 ejus
963 2359 1164 2408 sponsae
1199 2347 1250 2391 et
1286 2342 1564 2390 Alexandro
1602 2343 1827 2404 Ramsay‚
1865 2341 1974 2405 (No.
2013 2338 2353 2398 CXXXVII.)
2379 2339 2491 2384 data

550 2433 636 2482 sub
661 2433 936 2482 testimonio
959 2433 1116 2496 magni
1140 2432 1282 2496 sigilli
1306 2448 1466 2480 coram
1502 2432 1577 2480 his
1610 2431 1815 2479 testibus
1858 2431 1891 2476 J
1895 2429 2043 2477 acobo
2068 2427 2297 2476 Arraniae
2322 2426 2491 2473 comite

553 2523 743 2570 domino
767 2524 932 2570 Evane
969 2527 1018 2570 et
1056 2521 1389 2570 Hammiltoun
1424 2525 1516 2569 etc.
1553 2519 1849 2573 cancellario,
1877 2518 2084 2566 Patricio
2124 2516 2491 2564 Sanctiandreae

300 3240 531 3288 CXLIX.

553 2611 923 2675 archiepiscopo,
949 2611 1170 2660 Waltero
1194 2611 1350 2675 priore
1376 2611 1434 2658 de
1455 2609 1687 2672 Blantyre
1712 2608 1884 2657 secreti
1908 2606 2048 2670 sigilli
2073 2606 2280 2659 custode,
2304 2604 2337 2650 J
2342 2619 2490 2651 oanne

555 2700 795 2749 Maitland
837 2702 896 2748 de
938 2700 1238 2749 Thirlestane
1279 2699 1431 2747 milite
1473 2698 1732 2748 secretario
1770 2697 1911 2759 regio,
1955 2694 2228 2742 Alexandro
2276 2692 2387 2754 Hay
2434 2693 2491 2738 de

554 2790 717 2840 Eister
742 2792 939 2839 Kennat
963 2790 1226 2839 rotulorum
1251 2789 1439 2852 registri
1462 2804 1520 2837 ac
1546 2787 1733 2837 concilii
1759 2786 1944 2841 clerico,
1972 2783 2208 2833 Lodovico
2235 2781 2492 2830 Bellenden

554 2881 612 2929 de
649 2880 935 2930 Auchnoule
970 2880 1121 2929 milite
1150 2878 1446 2942 justiciariae
1482 2877 1668 2932 clerico,
1696 2880 1744 2924 et
1780 2875 1993 2923 Roberto
2024 2873 2160 2921 Scott
2186 2870 2491 2919 cancellariae

556 2970 804 3027 directore,
829 2970 954 3034 apud
982 2968 1367 3018 Halierudehous
1404 2996 1414 3006 ·
1451 2968 1482 3015 9
1509 2965 1757 3014 Februarii
1784 2963 1912 3010 1584
1950 2991 1959 3000 ·

569 3209 754 3288 Carta
787 3236 1077 3285 feodifirmae
1113 3249 1338 3283 concessa
1371 3249 1457 3297 per
1490 3230 1765 3294 magistrum
1803 3228 2065 3276 Robertum
2103 3226 2329 3288 Carnegie
2363 3239 2494 3287 prae-

557 3333 798 3394 ceptorem
822 3327 989 3375 domus
1012 3324 1108 3373 Dei
1132 3324 1181 3371 in
1206 3322 1441 3371 Brechine
1469 3320 1733 3369 Masondeu
1757 3321 2056 3380 nuncupatae
2084 3315 2280 3364 Nicolao
2306 3311 2489 3360 Liddell
