3016 3958
1046 638 1339 693 CARTAE
1391 638 1890 696 ORIGINALES.
2370 644 2438 703 71

492 826 826 877 Brechinensis
850 827 920 876 viz
954 828 1180 878 Decanus
1199 829 1459 878 Precentor
1481 830 1793 879 cancellarius
1816 835 1866 878 et
1890 831 2213 882 thesaurarius
2231 834 2435 883 debeant

488 918 742 980 precedere
778 933 941 966 omnes
975 917 1096 967 alios
1132 919 1399 967 Canonicos
1433 919 1645 968 eiusdem
1682 919 1883 968 ecclesie
1921 920 2259 970 Brechinensis
2284 922 2439 972 cuius-

489 1022 688 1071 cumque
724 1011 881 1056 status
915 1006 990 1055 vel
1025 1007 1273 1072 dignitatis
1305 1008 1483 1057 fuerint
1519 1008 1643 1056 infra
1666 1009 1861 1057 chorum
1896 1013 1946 1058 et
1982 1010 2246 1074 capitulum
2281 1012 2330 1059 in
2351 1027 2438 1059 ·re-

488 1097 704 1146 uerentia
751 1101 800 1145 et
846 1097 1024 1146 honore
1070 1097 1177 1146 loco
1224 1102 1273 1146 et
1320 1098 1485 1146 ordine
1534 1125 1545 1136 ·
1588 1098 1717 1146 Item
1763 1114 1849 1162 per
1894 1099 2136 1163 predictos
2183 1100 2436 1150 canonicos

487 1190 698 1235 rectores
730 1190 780 1235 et
818 1186 1018 1235 vicarios
1041 1187 1192 1236 totius
1216 1186 1413 1250 capituli
1436 1186 1700 1251 supradicti
1724 1188 1969 1236 decretum
2003 1188 2094 1237 fuit
2130 1193 2179 1237 et
2216 1190 2437 1238 determi-

486 1279 649 1324 natum
691 1277 816 1339 quod
857 1275 1076 1324 dominus
1118 1276 1361 1324 Robertus
1402 1277 1461 1323 de
1505 1276 1702 1339 Mernys
1743 1277 1939 1325 habebit
1980 1277 2268 1326 breuiarium
2310 1281 2434 1343 quod

484 1364 624 1428 petiit
659 1380 689 1412 a
724 1364 853 1412 dicto
884 1363 1123 1427 Magistro
1160 1364 1380 1413 Gilberto
1417 1365 1645 1414 Forestar
1680 1366 1921 1414 reddendo
1945 1367 2163 1430 predicto
2201 1368 2434 1432 Magistro

486 1453 704 1502 Gilberto
729 1453 934 1518 quinque
958 1468 1158 1508 marcas,
1194 1457 1244 1501 et
1278 1453 1319 1502 si
1354 1454 1599 1518 predictus
1637 1454 1872 1518 Magister
1895 1455 2143 1506 Gilbertus
2165 1458 2344 1521 poterit
2368 1458 2435 1506 le-

481 1543 646 1606 gitime
693 1543 895 1608 probare
931 1544 1057 1607 quod
1092 1543 1338 1606 predictus
1373 1543 1592 1593 dominus
1640 1544 1884 1595 Robertus
1928 1545 2180 1611 plusquam
2227 1548 2434 1612 quinque

482 1649 667 1682 marcas
702 1633 884 1697 recepit
919 1636 1107 1681 tantum
1143 1631 1298 1682 soluet
1334 1637 1563 1697 quantum
1600 1633 1728 1682 ultra
1762 1650 1995 1683 summam
2019 1635 2228 1700 quinque
2252 1653 2434 1686 marca-

483 1739 585 1771 rum
634 1723 911 1788 probauerit
952 1723 1104 1787 ipsum
1147 1722 1384 1787 recepisse
1422 1750 1432 1760 -
1470 1722 1598 1771 Item
1646 1724 1889 1772 decretum
1929 1728 1980 1773 et
2022 1725 2294 1774 ordinatum
2338 1727 2430 1775 fuit

481 1814 606 1875 quod
631 1813 848 1861 dominus
873 1812 1134 1860 Duncanus
1157 1816 1414 1876 perpetuus
1437 1812 1641 1862 vicarius
1665 1814 1724 1861 de
1749 1813 2074 1879 Strathachyn
2098 1816 2274 1864 habeat
2298 1833 2429 1865 man-

481 1901 661 1950 sionem
702 1901 1013 1951 sufficientem
1051 1901 1100 1948 in
1126 1917 1220 1965 qua
1243 1902 1395 1966 possit
1439 1902 1600 1950 debite
1642 1903 1850 1952 residere
1876 1919 1982 1952 cum
2017 1905 2144 1953 tofta
2185 1909 2235 1954 et
2275 1906 2428 1955 crofta

479 1992 606 2041 sicut
642 1996 691 2040 et
725 1991 808 2040 alii
843 1991 1007 2040 vicarii
1053 1993 1413 2056 predecessores
1447 1992 1520 2042 sui
1556 1993 1736 2042 ibidem
1779 1994 2049 2043 residentes
2095 1994 2312 2044 solebant
2348 1996 2431 2043 ha-

480 2082 591 2131 bere
631 2110 640 2120 ·
678 2082 805 2131 Item
829 2081 1071 2146 predictus
1109 2082 1336 2146 magister
1378 2082 1625 2132 Gilbertus
1662 2083 2026 2133 archidiaconus
2061 2086 2283 2134 restituet
2324 2103 2429 2150 pre-

480 2172 609 2220 dicto
633 2172 823 2220 domino
860 2171 1093 2221 Duncano
1128 2171 1318 2220 literam
1353 2187 1437 2220 sue
1479 2172 1808 2221 Institutionis
1832 2174 1880 2221 in
1905 2173 2036 2223 dicta
2073 2175 2251 2223 vicaria
2285 2191 2424 2239 quarn

479 2261 540 2308 ab
581 2261 747 2309 eodem
790 2261 971 2325 recepit
1010 2290 1019 2299 -
1058 2261 1185 2310 Item
1227 2262 1286 2309 de
1328 2261 1529 2310 diuersis
1569 2262 1907 2311 controuersiis
1948 2263 2123 2312 debitis
2163 2269 2212 2313 et
2251 2264 2424 2314 salario

480 2365 565 2414 per
597 2349 862 2413 predictum
886 2350 1125 2398 dominum
1171 2351 1555 2398 archidiaconum
1592 2355 1644 2399 ut
1690 2353 1893 2400 asseruit
1928 2353 2172 2416 predictus
2207 2354 2423 2402 dominus

484 2440 750 2488 Duncanus
795 2439 885 2488 sibi
940 2439 1115 2488 debitis
1173 2441 1391 2489 dominus
1449 2440 1675 2490 Decanus
1733 2441 2069 2491 Brechinensis
2114 2447 2163 2491 et
2211 2443 2424 2492 officialis

483 2529 695 2577 eiusdem
729 2532 902 2576 uocent
925 2533 1087 2592 partes
1109 2544 1267 2577 coram
1304 2529 1419 2593 ipsis
1455 2533 1504 2577 et
1538 2530 1703 2578 audito
1740 2535 1961 2594 compoto
1996 2547 2291 2596 quecumque
2327 2532 2425 2580 dic-

481 2617 659 2666 tauerit
696 2618 811 2665 ordo
839 2617 963 2680 juris
1001 2622 1049 2665 et
1089 2619 1287 2667 rationis
1323 2618 1502 2667 facient
1539 2619 1788 2683 adimpleri
1826 2646 1838 2659 ·
1875 2620 2001 2668 Item
2026 2621 2085 2669 de
2110 2621 2304 2685 querela
2341 2623 2423 2670 do-

482 2706 596 2754 mini
633 2706 895 2754 Alexandri
923 2707 1147 2755 Rochede
1183 2707 1548 2756 determinatum
1574 2712 1648 2756 est
1672 2709 1798 2772 quod
1822 2709 2038 2758 dominus
2061 2711 2421 2760 archidiaconus

482 2795 721 2859 persoluet
761 2795 851 2843 sibi
877 2811 1017 2843 unam
1057 2811 1265 2844 marcam
1290 2812 1431 2860 quam
1466 2796 1683 2860 promisit
1726 2813 1885 2846 coram
1910 2799 2100 2847 domino
2124 2800 2347 2864 episcopo
2371 2806 2420 2849 et

480 2885 692 2949 capitulo
741 2913 751 2922 ·
805 2885 870 2933 Et
929 2884 969 2934 si
1016 2885 1174 2933 dictus
1219 2884 1440 2933 dominus
1498 2884 1775 2934 Alexander
1820 2902 1871 2935 se
1917 2886 2041 2935 male
2088 2888 2255 2937 habuit
2307 2906 2418 2953 erga

479 2975 744 3038 predictum
770 2974 1011 3022 dominum
1046 2974 1432 3022 archidiaconum
1467 2989 1553 3038 per
1599 2975 1832 3022 decanum
1876 2979 1927 3024 et
1968 2976 2227 3040 capitulum
2275 2979 2420 3027 corri-

478 3068 619 3128 gatur
654 3064 720 3111 Et
745 3064 856 3128 quia
891 3063 1105 3111 diuinum
1141 3063 1393 3111 seruicium
1420 3063 1467 3110 in
1493 3064 1637 3111 choro
1660 3068 1824 3112 nostro
1857 3064 2047 3114 defectu
2071 3066 2320 3117 solutionis
2344 3085 2418 3117 sa—

478 3153 584 3201 larii
610 3153 726 3201 dicti
766 3152 1028 3200 Alexandri
1057 3152 1286 3200 Rochede
1323 3168 1409 3216 per
1437 3152 1616 3200 dictum
1641 3153 2021 3202 archidiaconum
2062 3171 2204 3219 quam
2242 3156 2418 3221 pluries

479 3243 539 3289 ab
562 3245 675 3289 ante
699 3241 1010 3289 omittebatur
1047 3243 1097 3288 et
1122 3241 1252 3288 dicto
1276 3240 1611 3288 archidiacono
1635 3241 1871 3303 prefatum
1897 3242 2140 3292 decretum
2165 3245 2417 3295 obseruare

476 3334 590 3378 tunc
615 3330 853 3378 refutante
878 3329 1121 3394 predictus
1146 3329 1363 3378 dominus
1386 3333 1548 3378 noster
1573 3330 1840 3395 Episcopus
1875 3331 1965 3380 hac
1989 3333 2048 3380 de
2073 3348 2217 3383 causa
2240 3340 2290 3384 et
2313 3335 2419 3385 aliis
