3016 3958
566 658 640 710 40
1131 654 1422 711 OARTAE
1468 653 1966 709 ORIGINALES.

564 845 707 893 fuerit
732 845 955 894 continue
983 861 1235 894 accessuro
1271 846 1433 892 decem
1470 859 1654 892 marcas
1688 844 1931 892 annuatim
1957 860 2043 907 pro
2066 847 2278 908 tempore
2303 845 2398 892 vite
2423 860 2506 893 sue

568 934 870 983 concedimus
903 950 988 998 per
1028 938 1273 998 presentes
1309 948 1428 997 quas
1466 932 1556 980 sibi
1591 936 1754 980 noster
1787 932 2057 996 prepositus
2080 933 2162 996 qui
2185 949 2271 996 pro
2293 937 2507 996 tempore

563 1022 706 1071 fuerit
745 1024 803 1070 de
838 1023 980 1072 terris
1015 1022 1191 1070 domini
1218 1023 1275 1069 de
1301 1021 1614 1069 Aldmonrose
1648 1019 1855 1085 persolui
1878 1021 2023 1068 faciet
2047 1020 2122 1068 vel
2144 1021 2384 1084 persoluet
2408 1021 2508 1070 sine

564 1111 745 1166 fraude,
772 1112 924 1167 Quem
959 1111 1241 1175 paternitati
1275 1114 1431 1159 vestre
1466 1110 1725 1158 reuerende
1759 1113 2090 1174 presentamus
2127 1126 2213 1173 per
2247 1114 2507 1174 presentes,

563 1215 646 1248 vos
668 1199 912 1247 humiliter
934 1203 984 1247 et
1010 1200 1182 1247 deuote
1207 1202 1463 1247 exorantes
1499 1202 1732 1262 quatenus
1766 1198 2031 1262 predictum
2069 1198 2307 1246 dominum
2335 1199 2508 1246 Henri-

563 1304 670 1337 cum
705 1289 775 1337 sic
809 1304 893 1352 per
927 1304 1016 1337 nos
1053 1291 1382 1352 presentatum
1418 1288 1479 1335 ad
1513 1287 1781 1352 predictum
1816 1287 2069 1335 seruicium
2107 1287 2423 1335 amicabiliter
2457 1291 2506 1335 et

562 1378 768 1441 gratiose
809 1377 1064 1425 admittere
1106 1376 1312 1440 digneris
1358 1375 1535 1424 intuitu
1581 1375 1799 1424 caritatis
1835 1402 1847 1414 ·
1891 1372 1950 1423 In
1995 1375 2130 1424 cuius
2189 1376 2507 1425 concessionis

562 1471 724 1516 nostre
748 1467 1072 1516 testimonium
1097 1466 1208 1514 huic
1231 1465 1439 1530 presenti
1464 1465 1642 1529 scripto
1665 1468 1830 1515 nostro
1853 1464 2055 1528 sigillum
2092 1475 2336 1514 commune
2370 1466 2506 1529 burgi

563 1555 713 1604 nostri
749 1555 981 1603 antedicti
1017 1559 1091 1603 est
1126 1569 1383 1618 appensum
1410 1555 1554 1618 Apud
1581 1553 1806 1602 Monrose
1832 1554 1913 1615 xij.
1939 1553 2015 1601 die
2039 1554 2214 1603 mensis
2236 1555 2269 1601 J
2276 1554 2357 1601 ulii
2380 1570 2506 1601 anno

563 1644 758 1692 Domini
782 1643 1029 1692 millesimo
1053 1643 1515 1707 quadringentesimo
1538 1643 1780 1691 tricesimo
1816 1647 1985 1706 quarto
2023 1671 2034 1680 ·
2368 1649 2372 1652 “

567 1847 741 1893 Actum
772 1844 982 1908 Capituli
1021 1844 1355 1892 Brechinensis
1378 1845 1436 1892 de
1459 1843 1692 1892 solutione
1716 1861 1801 1908 pro
1824 1843 1987 1907 cappis
2025 1873 2035 1881 ·

344 2003 537 2052 XXIV.
574 1970 648 2049 In
673 2002 861 2050 nomine
898 2002 1091 2050 Domini
1128 2003 1282 2049 Amen
1320 2029 1330 2038 ·
1369 2001 1461 2048 Per
1500 2001 1590 2048 hoc
1625 2016 1818 2064 presens
1853 1999 2092 2064 publicum
2136 2000 2502 2049 instrumentum

567 2091 750 2140 cunctis
787 2095 953 2155 pateat
989 2091 1237 2139 euidenter
1269 2090 1393 2153 quod
1428 2105 1553 2137 anno
1579 2089 1929 2137 Incarnationis
1964 2088 2217 2138 Dominice
2253 2089 2503 2138 millesimo

565 2179 1027 2244 quadringentesimo
1059 2179 1302 2228 tricesimo
1336 2179 1502 2242 quinto
1538 2178 1712 2227 mensis
1747 2193 1858 2226 vero
1896 2177 2100 2240 Augusti
2125 2178 2201 2226 die
2227 2179 2506 2226 duodecima

564 2268 823 2317 indictione
865 2268 1049 2316 decima
1088 2267 1234 2316 tertia
1273 2266 1579 2331 pontificatus
1625 2266 1913 2315 sanctissimi
1949 2266 1997 2314 in
2037 2266 2227 2315 Christo
2269 2269 2420 2331 patris
2455 2273 2505 2316 et

566 2357 761 2405 Domini
807 2357 958 2406 nostri
1000 2356 1176 2405 domini
1220 2355 1421 2419 Eugenii
1468 2355 1631 2402 diuina
1669 2355 1971 2419 prouidentia
2012 2371 2134 2419 pape
2181 2356 2337 2419 quarti
2380 2373 2503 2404 anno

568 2448 733 2510 quinto
772 2475 781 2484 ·
820 2446 880 2492 In
932 2445 1024 2493 mei
1063 2444 1237 2492 notarii
1278 2443 1455 2508 publici
1496 2448 1546 2492 et
1583 2444 1782 2493 testium
1819 2443 2224 2507 infrascriptorum
2266 2447 2507 2509 presentia

569 2535 855 2583 reuerendus
891 2534 939 2582 in
977 2533 1169 2581 Christo
1192 2537 1330 2597 pater
1354 2533 1570 2582 dominus
1592 2533 1626 2580 J
1630 2533 1839 2581 ohannes
1862 2532 2164 2581 miseratione
2200 2534 2362 2582 diuina
2386 2535 2508 2599 epis-

571 2640 718 2687 copus
755 2622 1091 2671 Brechinensis
1126 2638 1310 2670 necnon
1346 2621 1639 2670 venerabiles
1661 2625 1710 2669 et
1735 2621 2064 2685 circumspecti
2099 2622 2312 2685 magistri
2337 2624 2507 2687 magis-

568 2718 645 2761 ter
669 2712 960 2760 Cuthbertus
984 2712 1192 2759 decanus
1215 2710 1414 2759 ecclesie
1440 2710 1775 2759 Brechinensis
1810 2714 1860 2758 et
1897 2710 2114 2759 dominus
2137 2710 2380 2761 Gilbertus
2403 2729 2508 2776 pre-

573 2806 738 2850 centor
763 2815 818 2847 ac
843 2799 925 2847 alii
950 2799 1165 2847 canonici
1189 2803 1238 2847 et
1263 2798 1563 2863 prebendarii
1587 2797 1786 2847 ecclesie
1819 2798 2033 2862 predicte
2067 2799 2117 2846 in
2152 2800 2290 2847 domo
2326 2801 2508 2864 capitu-

572 2871 660 2937 lari
687 2889 896 2937 eiusdem
919 2887 1234 2951 personaliter
1258 2891 1581 2935 conuenerunt
1619 2915 1629 2925 ·
1667 2886 1952 2950 Quiquidem
1989 2887 2195 2936 decanus
2228 2889 2431 2936 asseruit
2455 2905 2506 2937 se

576 2995 637 3026 ex
685 2960 985 3025 ordinatione
1030 2975 1243 3039 Capituli
1286 2975 1620 3024 Brechinensis
1659 2975 1904 3023 uniuersos
1935 2979 1985 3023 et
2019 2974 2225 3038 singulos
2259 2978 2509 3027 canonicos

577 3068 703 3115 dicte
729 3065 927 3114 ecclesie
955 3064 1243 3114 cathedralis
1268 3064 1602 3113 Brechinensis
1625 3062 1898 3127 singillatim
1922 3063 1971 3110 in
1994 3063 2092 3112 suis
2114 3063 2266 3112 stallis
2288 3081 2374 3128 per
2397 3083 2509 3130 quas

580 3156 797 3219 draginta
821 3155 922 3203 dies
945 3154 1005 3202 ab
1029 3159 1142 3202 ante
1167 3154 1376 3218 legitime
1400 3153 1573 3202 citasse
1597 3153 1658 3200 ad
1682 3153 2047 3216 comparendum
2066 3153 2274 3216 capitulo
2296 3155 2510 3217 predicto

580 3247 641 3292 ad
665 3243 992 3291 duodecimum
1017 3243 1140 3290 diem
1179 3241 1382 3305 Augusti
1414 3244 1715 3306 prenotatum
1750 3241 1811 3288 ad
1846 3240 2122 3289 auisandum
2155 3240 2508 3291 deliberandum

582 3333 952 3383 concludendum
978 3336 1027 3381 et
1051 3333 1354 3381 statuendum
1378 3346 1519 3394 super
1544 3330 1689 3378 certis
1709 3329 1923 3379 materiis
1956 3330 2179 3378 honorem
2217 3333 2511 3382 commodum
