3016 3958
325 1894 508 1942 XCIX.

522 642 632 697 162
1067 638 1358 695 OARTAE
1402 637 1898 695 ORIGINALES.

523 829 727 879 Fernuel
764 834 812 879 et
846 829 1178 879 vicecomitatu
1211 828 1270 876 de
1306 827 1474 876 Forfar
1510 827 1781 891 eisdemque
1817 826 2074 891 capellanis
2107 844 2193 892 pro
2227 835 2457 894 perpetuo

523 918 890 983 pertinentium3
926 918 1208 980 insuperque
1242 915 1451 979 assignat
1476 915 1691 979 praefato
1716 915 1905 964 domino
1928 916 2140 965 Johanni
2164 919 2458 981 procuratori

524 1023 666 1056 unum
690 1011 844 1055 ortum
881 1021 986 1054 cum
1011 1006 1150 1054 domo
1173 1020 1313 1069 super
1336 1004 1536 1052 eundem
1560 1003 1812 1052 aedificata
1845 1005 1905 1052 ad
1940 1005 2235 1054 occidentem
2266 1007 2458 1069 jacente

524 1112 611 1160 pro
632 1096 757 1144 tofto
781 1098 947 1144 sextae
970 1093 1120 1158 partis
1141 1097 1378 1142 terrarum
1402 1092 1750 1141 antedIctarum
1802 1120 1812 1131 ·
1863 1093 2084 1142 Testibus
2120 1094 2327 1158 providis
2349 1095 2462 1143 viris

527 1185 560 1232 J
564 1185 748 1234 ohanne
786 1183 909 1232 Bule
944 1182 1134 1231 domino
1172 1180 1416 1229 Willelmo
1454 1180 1598 1228 Bride
1633 1179 1878 1244 capellano
1913 1185 1963 1230 et
1997 1182 2031 1229 J
2035 1182 2219 1230 ohanne
2250 1182 2411 1246 Vytht
2449 1210 2459 1221 ·

529 1274 562 1321 J
566 1273 749 1321 ohanne
774 1272 949 1320 Brown
973 1269 1146 1318 clerico
1169 1269 1540 1318 Sanctiandreae
1578 1268 1690 1317 dioe0
1726 1269 1958 1333 imperiali
1993 1274 2042 1319 et
2078 1270 2223 1334 regali
2257 1271 2461 1321 auctori-

530 1362 712 1410 tatibus
734 1359 921 1409 notario
959 1386 969 1397 ·
1006 1358 1071 1408 26
1097 1357 1376 1407 Novembris
1402 1358 1530 1406 1508
1571 1385 1579 1395 -

530 1559 780 1608 Sententia
825 1557 1074 1606 diffinitiua
1119 1555 1490 1620 recuperationis
1537 1556 1734 1604 duarum
1782 1571 2043 1604 mercatum
2090 1573 2176 1620 per
2222 1558 2460 1606 dominum

531 1647 693 1696 Dauid
718 1646 808 1695 Bel
831 1645 1125 1710 capellanum
1148 1644 1314 1693 altaris
1338 1644 1503 1693 Sancti
1529 1644 1721 1708 Georgii
1745 1645 1867 1693 infra
1901 1646 2096 1709 burgum
2122 1647 2180 1694 de
2205 1645 2378 1695 Dunde
2403 1648 2461 1694 de

530 1736 671 1785 terris
695 1737 754 1784 de
780 1735 974 1784 Wester
999 1733 1213 1797 Brychty
1237 1748 1395 1781 coram
1421 1732 1610 1780 officiali
1636 1733 1978 1782 Sanctiandree
2017 1762 2027 1771 -

545 1859 728 1940 Cristi
766 1888 953 1937 nomine
993 1887 1216 1935 inuocato
1256 1901 1342 1935 nos
1385 1885 1527 1949 Hugo
1574 1885 1727 1949 Spens
1773 1901 1907 1935 sacre
1944 1886 2181 1951 theologie
2226 1889 2462 1952 professor

535 1982 829 2029 decretorum
866 1978 1031 2025 doctor
1064 1974 1330 2039 prepositus
1365 1973 1564 2023 ecclesie
1599 1973 1847 2038 collegiate
1889 1976 2055 2025 Sancti
2097 1976 2360 2027 Saluatoris
2403 1994 2461 2026 ac

533 2067 746 2118 officialis
793 2065 1133 2114 Sanctiandree
1179 2062 1452 2127 principalis
1491 2062 1737 2127 judexque
1778 2078 1918 2112 cause
1965 2068 2014 2114 et
2059 2066 2274 2129 partibus
2318 2067 2463 2116 infra-

529 2157 719 2221 scriptis
754 2171 839 2220 pro
875 2152 1100 2203 tribunali
1138 2153 1359 2201 sedentes
1391 2152 1441 2199 in
1476 2152 1679 2215 quadam
1715 2167 1858 2201 causa
1891 2168 1976 2217 per
2022 2154 2258 2203 dominum
2302 2155 2461 2204 Dauid

530 2246 619 2294 Bel
653 2243 948 2308 capellanum
983 2240 1151 2290 altaris
1186 2239 1351 2288 Sancti
1388 2240 1582 2303 Georgii
1617 2239 1740 2289 infra
1773 2239 2024 2291 ecclesiam
2058 2243 2375 2306 parochialem
2399 2245 2459 2292 de

530 2335 702 2382 Dunde
725 2337 935 2382 actorem
958 2331 1018 2378 ab
1054 2345 1159 2385 una,
1198 2333 1247 2377 et
1282 2328 1510 2377 aduersus
1533 2327 1857 2378 honorabilem
1885 2329 2034 2378 virum
2059 2330 2288 2380 Thomam
2313 2332 2461 2381 Foth-

528 2423 800 2486 ringhayme
820 2421 878 2468 de
899 2419 1067 2467 Powre
1090 2416 1237 2464 filium
1255 2420 1304 2465 et
1322 2416 1542 2465 heredem
1563 2417 1801 2479 quondam
1823 2417 2039 2466 Nicholai
2059 2418 2458 2484 Fothringhayme

528 2527 584 2559 ac
632 2510 952 2572 Margaretam
994 2504 1188 2554 Cullace
1229 2503 1340 2553 olim
1382 2519 1602 2568 sponsam
1650 2505 1860 2554 eiusdem
1909 2505 2127 2555 Nicholai
2173 2504 2458 2559 executores

527 2597 803 2648 testamenti
837 2600 886 2645 et
921 2595 1150 2643 bonorum
1184 2593 1394 2641 eiusdem
1429 2592 1779 2643 intromissores
1812 2595 2078 2658 respectiue
2102 2611 2222 2653 reos,
2246 2598 2458 2662 partibus

527 2689 586 2735 ab
611 2686 774 2741 altera,
811 2700 970 2733 coram
1005 2682 1141 2731 nobis
1168 2680 1461 2743 judicialiter
1495 2681 1740 2730 ventulata
1769 2687 2106 2745 cognoscentes
2128 2685 2304 2735 auditis
2326 2687 2456 2750 prius

529 2775 733 2839 partium
756 2773 1072 2837 predictarum
1096 2769 1327 2834 petitione
1348 2770 1650 2833 responsione
1674 2758 2036 2833 allegationibus
2059 2773 2321 2837 ceterisque
2337 2775 2456 2836 juri-

529 2865 616 2912 bus
646 2863 866 2910 hincinde
901 2859 1146 2924 productis
1179 2858 1467 2921 testiumque
1503 2858 1875 2921 depositionibus
1897 2874 1983 2922 per
2004 2874 2091 2908 nos
2112 2860 2225 2909 visis
2261 2888 2271 2898 ·
2310 2889 2320 2899 ·
2358 2889 2370 2900 ·
2406 2868 2454 2911 et

531 2953 592 2999 ad
632 2950 820 3014 plenum
861 2948 1084 2997 discussis
1116 2947 1260 3009 juxta
1301 2962 1359 2994 ea
1399 2962 1489 3009 que
1530 2946 1731 2995 vidimus
1770 2974 1779 2984 -
1819 2974 1830 2985 -
1868 2974 1879 2984 ·
1909 2946 2288 3010 jurisperitorum
2328 2965 2455 2997 com-

533 3038 772 3087 municato
808 3036 1004 3085 consilio
1041 3039 1090 3084 et
1126 3038 1291 3084 secuto
1329 3061 1339 3072 ·
1377 3033 1558 3090 Quibus
1591 3033 1774 3082 fidelem
1811 3034 1911 3082 fleri
1945 3034 2141 3084 fecimus
2177 3035 2454 3086 relationem

534 3128 579 3178 in
622 3127 788 3176 eadem
827 3124 977 3174 solum
1018 3123 1174 3172 Deum
1214 3139 1297 3186 pre
1337 3120 1486 3170 oculis
1525 3121 1756 3170 habentes
1796 3122 2009 3186 eiusque,
2034 3124 2332 3173 sanctissimo
2371 3143 2454 3175 no-

535 3215 659 3263 mine
714 3213 931 3277 primitus
974 3212 1194 3261 inuocato
1239 3227 1323 3274 per
1367 3211 1490 3258 hanc
1546 3213 1755 3258 nostram
1813 3210 2095 3258 sententiam
2154 3211 2451 3262 diffinitiuam

535 3301 894 3367 pronunciamus
931 3328 941 3338 ·
981 3328 990 3338 ·
1030 3327 1039 3339 ·
1076 3304 1125 3348 et
1149 3298 1440 3348 declaramus
1463 3297 1639 3347 dictum
1666 3288 1899 3346 Theman?
1928 3298 2325 3363 Fothringhayme
2347 3306 2452 3351 tan-
