3016 3958
384 1054 499 1102 XX.

519 598 592 652 32
1108 596 1398 652 CARTAE
1444 594 1939 652 ORIGINALES.

524 876 670 924 Carta
693 880 914 940 spectans
937 875 1118 940 capelle
1143 876 1296 924 crucis
1321 876 1367 922 in
1397 875 1642 923 Montross
1679 902 1690 911 ·

535 1020 807 1102 Omnibus
842 1053 964 1100 hanc
999 1055 1179 1100 cartam
1223 1051 1388 1099 visuris
1435 1050 1510 1097 vel
1556 1049 1792 1098 audituris
1823 1048 2070 1096 Johannes
2110 1047 2320 1110 Ramsay
2355 1047 2463 1095 bur-

527 1143 684 1207 gensis
707 1142 840 1205 burgi
877 1143 935 1189 de
973 1142 1192 1190 Montros
1227 1140 1427 1189 salutem
1463 1140 1511 1186 in
1549 1139 1760 1187 Domino
1795 1138 2131 1201 sempiternam
2170 1167 2179 1175 ·
2219 1138 2461 1186 Noueritis

521 1248 594 1280 me
618 1247 711 1279 non
736 1231 781 1278 vi
804 1234 887 1279 aut
911 1235 1043 1278 metu
1069 1231 1262 1277 ductum
1287 1245 1373 1276 nec
1399 1245 1556 1277 errore
1581 1228 1764 1292 lapsum
1794 1228 1877 1276 sed
1914 1243 2020 1274 mea
2042 1226 2192 1274 libera
2229 1230 2278 1275 et
2318 1242 2458 1290 spon-

520 1325 665 1368 tanea
701 1320 961 1374 voluntate,
1000 1335 1056 1366 ac
1095 1335 1201 1367 cum
1239 1318 1381 1382 pleno
1419 1323 1468 1366 et
1506 1318 1655 1365 libero
1694 1332 1925 1365 consensu
1962 1321 2011 1364 et
2051 1332 2247 1365 assensu
2280 1316 2315 1363 J
2319 1320 2459 1364 onete

524 1410 685 1458 vxoris
718 1425 836 1465 mee,
869 1407 1077 1456 vtilitate
1108 1412 1271 1456 nostra
1294 1408 1342 1454 in
1375 1407 1591 1455 omnibus
1614 1406 1914 1455 considerata
1935 1405 2082 1454 libere
2107 1405 2387 1460 vendidisse,
2411 1409 2461 1453 et

520 1497 664 1546 titulo
689 1497 976 1546 venditionis
999 1514 1028 1545 a
1050 1496 1187 1545 nobis
1210 1496 1463 1544 heredibus
1485 1495 1660 1544 nostris
1695 1498 1744 1542 et
1779 1495 2128 1543 successoribus
2163 1494 2462 1558 quibuscum-

519 1603 609 1651 que
645 1603 729 1650 pro
764 1590 994 1650 perpetuo
1029 1585 1260 1633 alienasse
1288 1585 1522 1647 Magistro
1559 1585 1739 1632 Thome
1776 1583 1884 1632 Bell
1917 1588 2147 1648 perpetuo
2183 1583 2360 1631 vicario
2399 1584 2459 1631 de

526 1677 745 1729 Montros
767 1679 898 1724 totas
921 1679 970 1723 et
992 1675 1200 1737 integras
1223 1690 1353 1722 meas
1378 1675 1496 1722 duas
1519 1677 1673 1721 terras
1698 1688 1804 1721 cum
1828 1672 2135 1736 pertinenciis
2162 1672 2379 1734 jacentes
2414 1673 2461 1719 in

525 1766 653 1813 dicto
676 1765 824 1827 burgo
848 1765 906 1811 de
933 1764 1153 1812 Montros
1187 1763 1236 1810 in
1272 1763 1375 1810 vico
1400 1762 1478 1826 qui
1517 1762 1691 1809 dicitur
1726 1760 1772 1809 le
1812 1762 2010 1825 Murray
2044 1765 2193 1810 strete
2229 1778 2291 1809 ex
2325 1765 2462 1825 parte

526 1852 809 1902 occidentali
846 1852 1060 1900 eiusdem
1096 1851 1186 1899 vici
1223 1851 1350 1898 inter
1382 1855 1557 1898 terram
1596 1849 1923 1898 Bartholomei
1959 1850 2194 1899 Falconer
2229 1866 2290 1898 ex
2324 1854 2463 1915 parte

527 1941 726 1991 australi
750 1958 812 1989 ex
836 1957 943 1997 una,
981 1945 1030 1989 et
1064 1945 1240 1988 terram
1277 1939 1476 1988 Henrici
1513 1939 1743 1988 Webstar
1778 1955 1839 1987 ex
1874 1943 2009 2003 parte
2043 1938 2223 1987 boreali
2258 1939 2463 1995 exalia,

527 2049 611 2096 pro
635 2032 838 2096 quadam
862 2045 1046 2079 summa
1069 2029 1267 2093 pecunie
1292 2029 1429 2077 nobis
1451 2043 1537 2092 per
1559 2028 1795 2092 prefatum
1830 2027 2114 2091 Magistrum
2150 2028 2379 2076 Thomam
2413 2028 2462 2076 in

527 2126 691 2171 nostra
714 2136 884 2184 magna
920 2123 968 2168 et
1004 2119 1188 2182 vrgenti
1213 2118 1500 2166 necessitate
1524 2115 1730 2166 fideliter
1764 2120 1813 2165 et
1848 2117 2030 2180 integre
2053 2117 2297 2181 persoluta
2331 2121 2380 2165 et
2414 2117 2463 2164 in

530 2227 662 2259 usum
688 2213 899 2258 nostrum
926 2223 1170 2264 conuersa,
1195 2207 1271 2255 De
1297 2222 1391 2270 qua
1414 2222 1598 2255 summa
1621 2207 1827 2254 fatemur
1847 2222 1935 2255 nos
1969 2206 2091 2255 bene
2125 2211 2378 2256 contentos
2414 2211 2463 2255 et

529 2299 739 2364 plenarie
773 2297 1046 2347 satisfactos
1069 2312 1126 2344 ac
1150 2296 1384 2360 prefatum
1422 2294 1707 2358 Magistrum
1742 2295 1972 2343 Thomam
2005 2295 2205 2345 heredes
2238 2311 2348 2345 suos
2382 2313 2466 2344 ex-

532 2392 749 2436 ecutores
773 2390 822 2434 et
845 2386 1112 2449 assignatos
1134 2384 1294 2448 quitos
1317 2383 1577 2432 clamamus
1600 2384 1659 2431 de
1683 2384 1850 2432 eadem
1884 2384 2228 2449 imperpetuum
2253 2402 2339 2450 per
2360 2402 2466 2450 pre-

532 2481 692 2526 sentes
729 2504 739 2513 ·
777 2475 1026 2523 Tenendas
1050 2478 1099 2522 et
1122 2474 1364 2522 habendas
1386 2476 1518 2520 totas
1541 2477 1591 2520 et
1614 2472 1824 2536 integras
1843 2472 1998 2524 dictas
2014 2477 2169 2523 terras
2191 2490 2297 2522 cum
2320 2476 2467 2539 perti-

532 2565 713 2614 nenciis
737 2564 866 2612 dicto
891 2562 1126 2626 Magistro
1150 2562 1329 2610 Thome
1365 2564 1415 2610 et
1449 2561 1548 2610 suis
1581 2561 1836 2625 assignatis
1869 2578 1900 2611 a
1933 2579 2010 2610 me
2045 2567 2094 2611 et
2129 2563 2259 2612 dicta
2293 2580 2467 2628 sponsa

533 2671 640 2701 mea
674 2658 723 2701 et
758 2651 1011 2701 heredibus
1044 2650 1220 2699 nostris
1253 2665 1311 2698 ac
1347 2649 1700 2699 successoribus
1735 2650 2106 2716 quibuscumque
2149 2653 2196 2699 in
2237 2653 2378 2702 feodo
2415 2660 2464 2702 et

535 2742 801 2789 hereditate
825 2741 1169 2803 imperpetuum
1193 2754 1278 2802 per
1300 2753 1464 2786 omnes
1487 2742 1643 2787 rectas
1666 2742 1820 2788 metas
1837 2754 1948 2788 suas
1967 2740 2188 2804 antiquas
2211 2745 2260 2788 et
2285 2742 2463 2791 diuisas

536 2847 640 2878 cum
677 2830 893 2878 omnibus
928 2832 977 2875 et
1010 2826 1204 2891 singulis
1226 2825 1528 2874 libertatibus
1562 2826 1978 2876 commoditatibus
2012 2832 2061 2876 et
2096 2828 2370 2880 asiamentis
2404 2848 2461 2880 ac

539 2918 677 2967 iustis
700 2917 797 2966 suis
819 2915 1123 2980 pertinenciis
1146 2915 1514 2979 quibuscumque
1538 2917 1638 2962 tam
1661 2914 1709 2962 in
1732 2915 1887 2963 fronte
1923 2932 2066 2979 quam
2100 2916 2148 2964 in
2184 2919 2337 2965 cauda
2359 2923 2458 2967 tam

537 3007 586 3053 in
610 3005 902 3068 longitudine
938 3020 1078 3067 quam
1114 3004 1163 3052 in
1195 3003 1449 3052 latitudine
1482 3006 1584 3051 tam
1617 3018 1711 3051 non
1746 3003 2001 3052 nominatis
2035 3019 2174 3067 quam
2210 3007 2463 3056 nominatis
2496 3029 2503 3038 =

535 3095 701 3143 subtus
726 3098 901 3141 terram
926 3096 974 3140 et
997 3108 1151 3156 supra,
1187 3093 1248 3140 ad
1283 3092 1437 3141 dictas
1470 3095 1625 3140 terras
1658 3107 1764 3139 cum
1799 3081 2104 3155 pertinenciis
2137 3096 2461 3157 spectantibus

536 3198 619 3232 seu
658 3182 781 3229 iuste
822 3184 1038 3243 spectare
1078 3179 1344 3229 valentibus
1384 3179 1736 3244 quomodolibet
1782 3180 1831 3227 in
1877 3181 2100 3236 futurum,
2146 3183 2266 3230 adeo
2311 3183 2459 3233 libere

536 3271 694 3334 quiete
718 3269 928 3334 plenarie
953 3269 1134 3331 integre
1158 3274 1208 3318 et
1231 3267 1486 3317 honorifice
1519 3268 1638 3316 bene
1662 3272 1712 3316 et
1736 3267 1783 3315 in
1808 3284 1925 3332 pace
1960 3269 2009 3316 in
2044 3270 2332 3320 omnibus‘et
2355 3289 2461 3336 per-
