3016 3958
263 2161 441 2207 CLIV.

456 622 568 677 226
1008 620 1300 676 GARTAE
1345 620 1849 676 ORIGINALES.

458 818 536 861 tra
572 841 583 851 ·
622 839 633 852 ·
671 841 681 850 ·
719 829 859 876 quam
897 812 1023 860 intra
1059 813 1256 859 eandem
1296 811 1555 859 Ciuitatem
1598 840 1608 849 ·
1648 839 1659 849 ·
1698 839 1708 849 ·
1747 811 1806 858 In
1831 811 1966 860 cuius
1990 811 2059 859 rei
2082 811 2405 860 testimonium

458 902 568 949 huic
614 902 823 965 presenti
871 906 1002 949 carte
1049 905 1210 950 nostre
1258 900 1629 950 confirmationis
1676 916 1895 963 magnum
1943 900 2148 964 sigillum
2194 905 2407 949 nostrum

459 992 635 1056 apponi
656 991 952 1055 precepimus
979 1019 989 1029 ·
1016 991 1240 1041 Testibus
1267 1019 1276 1029 ·
1306 1019 1316 1029 ·
1343 1018 1353 1028 ·
1378 991 1412 1037 J
1416 1006 1569 1039 oanne
1595 968 1787 1038 domino
1811 989 2149 1039 Hammiltoun
2174 994 2266 1038 etc.
2284 1005 2409 1037 com-

460 1081 755 1130 mendatario
780 1080 1056 1129 monasterii
1080 1081 1230 1130 nostri
1252 1081 1310 1128 de
1331 1080 1658 1129 Abirbrothok
1682 1079 1974 1129 Archibaldo
2000 1080 2210 1144 Angusie
2235 1079 2408 1128 comite

461 1171 650 1219 domino
676 1160 1158 1233 Dowglas'Dalkeith
1197 1174 1247 1218 et
1287 1170 1556 1234 Abirnethy
1594 1176 1686 1218 etc.
1727 1170 1916 1218 domino
1952 1170 2142 1219 Joanne
2170 1169 2408 1218 Maitland

461 1263 519 1309 de
568 1259 840 1309 Thirlstane
886 1260 1038 1308 milite
1086 1259 1370 1308 cancellario
1417 1275 1474 1307 ac
1520 1259 1779 1308 secretario
1825 1263 1990 1309 nostro
2040 1288 2049 1297 ·
2088 1286 2099 1299 ·
2139 1287 2150 1298 ·
2200 1259 2410 1306 Patricio

461 1351 802 1399 Sanctiandree
840 1350 1197 1414 archiepiscopo
1239 1348 1460 1397 Waltero
1497 1349 1654 1412 priore
1694 1349 1753 1397 de
1793 1348 2025 1412 Blantyre
2060 1349 2211 1398 nostri
2236 1348 2408 1396 secreti

460 1439 601 1503 sigilli
627 1440 824 1488 custode
863 1468 874 1477 ·
910 1467 920 1477 ·
959 1467 970 1477 ·
1008 1438 1285 1486 Alexandro
1322 1439 1436 1501 Hay
1470 1439 1529 1485 de
1566 1438 1729 1487 Eister
1766 1439 1964 1486 Kennat
1988 1443 2257 1487 nostrorum
2282 1442 2410 1486 rotu-

458 1530 610 1578 lorum
651 1529 838 1592 registri
873 1544 930 1576 ac
968 1527 1153 1576 consilii
1196 1527 1370 1576 clerico
1413 1527 1659 1575 Ludouico
1708 1526 1971 1575 Bellenden
2021 1529 2080 1575 de
2128 1526 2408 1575 Auchnoule

460 1618 610 1666 milite
635 1622 796 1666 nostre
826 1617 1094 1679 justiciarie
1120 1617 1294 1665 clerico
1330 1621 1380 1665 et
1413 1617 1642 1680 magistro
1667 1616 1883 1666 Roberto
1908 1617 2048 1666 Scott
2071 1617 2326 1665 feoditario
2351 1619 2409 1664 de

462 1708 822 1771 Knychtispoty
856 1710 1017 1756 nostre
1048 1705 1330 1754 cancellarie
1355 1706 1590 1755 directore
1627 1707 1753 1770 apud
1790 1706 2163 1771 Halyrudehous
2185 1707 2408 1755 vicesimo

460 1813 585 1845 nono
610 1797 686 1843 die
711 1796 886 1844 mensis
909 1795 942 1842 J
949 1794 1031 1842 ulii
1054 1811 1179 1844 anno
1198 1794 1393 1844 Domini
1411 1794 1665 1844 millesimo
1683 1795 2062 1860 quingentesimo
2086 1797 2408 1859 octuagesimo

462 1886 666 1949 septimo
691 1888 740 1932 et
765 1885 895 1947 regni
920 1884 1069 1933 nostri
1094 1884 1318 1933 vicesimo
1342 1884 1495 1947 primo
1534 1913 1544 1922 ·

474 2121 872 2206 Instrumentum
910 2151 1114 2201 saisinae
1153 2151 1201 2198 in
1238 2151 1445 2199 favorem
1487 2150 1791 2214 Margaretae
1835 2156 1885 2200 et
1930 2154 1963 2200 J
1968 2153 2182 2202 ohannae
2226 2154 2407 2216 Audny

467 2248 662 2295 duarum
703 2247 847 2293 trium
888 2242 1145 2291 haeredum
1192 2240 1533 2288 foeminearum
1581 2246 1631 2290 et
1677 2241 1975 2291 solummodo
2019 2245 2403 2308 propinquiorum

465 2337 496 2382 ‚J
503 2335 669 2384 oannis
692 2335 867 2397 Audny
891 2332 1007 2380 civis
1032 2330 1254 2378 Civitatis
1281 2330 1616 2379 Brechinensis
1640 2331 1848 2395 ipsarum
1874 2332 2025 2395 patris
2051 2336 2100 2380 et
2124 2332 2173 2380 in
2194 2333 2404 2381 favorem

468 2423 669 2473 Roberti
710 2421 889 2471 Rollok
926 2420 1042 2469 civis
1080 2419 1236 2467 dictae
1273 2419 1496 2468 Civitatis
1530 2421 1689 2468 mariti
1727 2421 2002 2484 praedictae
2028 2423 2331 2486 Margaretae
2356 2428 2404 2471 et

466 2516 498 2561 J
504 2513 701 2562 ohannis
726 2512 902 2559 Brown
924 2509 1046 2557 fabri
1069 2508 1254 2571 lignarii
1279 2508 1394 2556 civis
1419 2508 1564 2557 etiam
1592 2509 1927 2560 Brechinensis
1949 2512 2109 2559 mariti
2133 2513 2405 2560 antedictae

467 2605 718 2651 ,Iohannae
742 2601 869 2649 illius
890 2598 1151 2648 tenementi
1169 2577 1376 2659 jacentis
1399 2598 1522 2646 infra
1546 2599 1723 2647 dictam
1750 2599 2004 2648 Civitatem
2033 2617 2095 2648 ex
2119 2601 2403 2650 occidentali

469 2698 604 2757 parte
641 2691 850 2753 ejusdem
889 2689 1014 2736 inter
1049 2691 1203 2735 terras
1240 2685 1350 2735 olim
1389 2687 1645 2735 haeredum
1685 2689 1921 2752 quondam
1949 2689 2180 2737 Willelmi
2218 2692 2404 2739 Guthre

474 2785 744 2845 spectantes
767 2794 890 2826 nunc
916 2777 1136 2824 Andreae
1162 2776 1305 2824 Watt
1342 2777 1403 2824 ad
1442 2777 1664 2826 occidens
1700 2782 1854 2827 terras
1891 2779 2147 2827 haeredum
2174 2782 2412 2843 quondam

475 2871 507 2918 J
513 2869 678 2918 oannis
703 2868 820 2915 Low
858 2868 919 2914 ad
943 2866 1135 2914 boream
1159 2869 1314 2914 terras
1341 2870 1533 2915 vocatas
1558 2867 1703 2916 Cobis
1729 2867 1842 2916 land
1867 2869 1928 2916 ad
1955 2868 2112 2917 oriens
2134 2873 2184 2916 et
2208 2885 2413 2917 commu-

477 2976 584 3007 nem
616 2959 739 3006 viam
763 2957 938 3019 regiam
963 2972 1047 3004 seu
1072 2954 1303 3003 venellam
1328 2960 1544 3004 vocatam
1570 2957 1653 3005 the
1679 2957 1898 3006 Prenteis
1923 2956 2065 3021 Vynd
2089 2959 2151 3006 ad
2174 2963 2415 3015 austrum;

479 3065 662 3098 necnon
684 3047 822 3095 unius
845 3061 983 3093 acrae
1006 3048 1163 3092 terrae
1182 3044 1376 3093 arabilis
1399 3046 1615 3108 praefato
1630 3049 1904 3094 tenemento
1928 3047 2192 3108 adjacentis
2208 3048 2415 3109 jacentis

482 3157 543 3188 ex
579 3139 741 3186 eadem
783 3133 1063 3183 occidentali
1102 3138 1240 3197 parte
1281 3133 1504 3182 Civitatis
1541 3135 1816 3197 praedictae
1853 3135 1981 3183 inter
2016 3140 2170 3185 terras
2212 3137 2415 3186 arabiles

480 3231 511 3277 ,J
517 3227 682 3277 oannis
721 3224 863 3286 Lesly
900 3224 961 3271 ad
999 3222 1154 3271 oriens
1177 3226 1331 3271 terras
1354 3222 1557 3270 arabiles
1581 3222 1719 3271 villae
1743 3227 1978 3272 terrarum
2003 3225 2061 3271 de
2087 3224 2317 3274 Dubtoun
2351 3228 2412 3274 ad

481 3321 670 3367 boream
695 3314 914 3363 occidens
937 3317 986 3360 et
1012 3316 1222 3360 austrum
1246 3327 1388 3374 super
1409 3315 1664 3374 praecepto
1688 3312 1746 3359 de
1772 3312 1896 3360 clare
1924 3317 2110 3362 constat
2134 3318 2183 3362 et
2208 3316 2410 3363 saisinae
