3016 3958
1104 663 1398 718 CARTAE
1449 662 1947 720 ORIGINALES.
2405 667 2514 721 113

555 854 769 903 redditus
795 853 968 903 vsualis
992 858 1182 903 monete
1219 883 1230 892 ·
1269 883 1280 892 ·
1320 882 1329 892 ·
1368 855 1426 902 de
1463 869 1550 903 suo
1583 857 1859 902 tenemento
1894 852 2150 915 vulgariter
2173 853 2302 902 dicto
2327 854 2504 904 Cattis-

552 960 657 993 cors
695 973 705 982 -
745 972 754 982 ·
795 972 804 981 ·
835 944 1029 1006 jacente
1067 943 1116 990 in
1155 943 1247 991 fine
1285 941 1485 991 australi
1511 941 1720 990 civitatis
1746 941 2084 990 Brechinensis
2118 957 2179 989 ex
2215 946 2353 1006 parte
2378 944 2502 991 occi-

552 1033 731 1081 dentali
756 1033 966 1081 eiusdem
992 1032 1310 1080 descendente
1347 1047 1508 1080 versus
1531 1046 1827 1078 communem
1867 1030 1989 1102 viam
2026 1030 2203 1093 regiam
2241 1047 2331 1095 que
2369 1033 2502 1080 ducit

549 1122 611 1170 ad
636 1126 827 1185 pontem
856 1122 913 1169 de
940 1120 1147 1168 Brechin
1172 1121 1299 1168 inter
1320 1124 1496 1168 terram
1521 1119 1555 1165 J
1559 1118 1759 1167 ohannis
1795 1117 2023 1166 Cokburn
2059 1134 2121 1166 ex
2153 1123 2289 1182 parte
2325 1137 2418 1168 una
2452 1126 2500 1169 et

549 1211 849 1260 ascendendo
890 1225 1053 1258 versus
1090 1209 1282 1257 boream
1325 1224 1470 1272 vsque
1511 1203 1573 1256 ad
1612 1207 1840 1256 verticem
1879 1209 2055 1256 montis
2088 1208 2298 1271 jacentis
2337 1225 2499 1258 versus

548 1299 805 1349 australem
846 1298 1068 1362 gabulum
1109 1298 1244 1362 parui
1286 1296 1544 1345 molendini
1586 1297 1644 1344 de
1688 1295 1895 1344 Brechin
1938 1312 2000 1344 ex
2041 1300 2178 1361 parte
2217 1297 2395 1346 boreali
2436 1315 2497 1346 ex

546 1394 683 1452 parte
725 1389 878 1437 altera
916 1387 1059 1436 michi
1098 1391 1147 1435 et
1186 1387 1440 1435 heredibus
1463 1385 1582 1434 meis
1605 1385 1753 1433 libere
1778 1386 2014 1434 concessit
2054 1391 2103 1434 et
2141 1386 2336 1434 donauit
2374 1387 2497 1434 Volo

546 1479 689 1541 igitur
726 1507 736 1516 ·
776 1506 785 1516 ·
826 1505 836 1516 ·
874 1477 1083 1525 concedo
1122 1479 1172 1524 et
1210 1475 1457 1524 consentio
1495 1475 1622 1538 quod
1659 1474 1741 1522 fiet
1777 1474 1956 1523 mentio
1986 1474 2207 1538 specialis
2230 1491 2315 1539 pro
2339 1476 2496 1524 anima

545 1568 662 1616 dicti
701 1569 735 1615 J
740 1567 939 1616 ohannis
982 1566 1270 1630 Dempstare
1317 1564 1657 1627 animabusque
1699 1563 1860 1611 Dauid
1903 1563 2153 1612 Elizabeth
2195 1568 2245 1612 et
2289 1564 2494 1613 Walteri

546 1657 804 1721 Dempstar
838 1660 889 1704 et
924 1655 1133 1704 omnium
1169 1657 1420 1718 parentum
1457 1669 1646 1701 suorum
1683 1668 1740 1701 ac
1777 1653 1984 1701 omnium
2018 1653 2224 1702 fidelium
2251 1653 2494 1703 defuncto-

543 1762 646 1793 rum
685 1774 695 1784 ·
734 1746 1008 1794 Tenendum
1063 1747 1111 1792 et
1166 1743 1438 1791 habendum
1476 1771 1487 1780 ·
1527 1770 1536 1780 ·
1577 1769 1595 1793 ·,
1625 1742 1804 1790 dictum
1851 1758 2057 1790 annuum
2107 1743 2343 1791 redditum
2382 1772 2393 1783 ·
2431 1772 2442 1782 ·
2482 1773 2491 1782 ·

543 1835 742 1899 prefatis
776 1833 1037 1898 capellanis
1075 1861 1085 1870 ·
1126 1860 1135 1870 ·
1176 1861 1186 1871 ·
1222 1833 1271 1880 in
1307 1835 1584 1902 perpetuam
1611 1831 1915 1881 elemosinam
1955 1860 1964 1869 ·
2004 1861 2014 1870 -
2054 1861 2063 1870 ·
2102 1832 2342 1880 Faciendo
2383 1833 2491 1880 inde

542 1929 592 1973 et
630 1923 940 1988 solempniter
975 1921 1261 1971 celebrando
1285 1919 1489 1985 predicti
1519 1919 1751 1984 capellani
1789 1925 1838 1969 et
1874 1921 1946 1970 sui
1981 1936 2278 1970 successores
2303 1922 2382 1985 qui
2407 1938 2492 1985 pro

541 2019 755 2078 tempore
779 2013 955 2061 fuerint
990 2011 1235 2060 annuatim
1276 2025 1361 2074 pro
1400 2009 1648 2058 animabus
1683 2010 1890 2057 omnium
1929 2014 1979 2058 et
2016 2009 2301 2073 singulorum
2326 2011 2493 2073 prede-

542 2120 781 2153 cessorum
823 2107 873 2151 et
910 2103 1118 2150 omnium
1153 2100 1362 2148 fidelium
1400 2099 1730 2148 defunctorum
1770 2099 1982 2148 Sabbato
2020 2100 2067 2147 in
2107 2099 2291 2148 octauis
2314 2100 2488 2163 pasche

542 2209 684 2241 unum
719 2191 1093 2240 anniuersarium
1135 2189 1344 2238 solemne
1384 2203 1490 2236 cum
1528 2187 1685 2236 missis
1709 2189 1767 2236 de
1792 2187 2000 2251 requiem
2035 2204 2093 2236 ac
2128 2203 2271 2235 unum
2307 2188 2487 2236 obitum

540 2283 710 2332 ultimo
751 2282 828 2330 die
869 2281 1044 2329 mensis
1083 2280 1116 2326 J
1122 2278 1207 2327 ulii
1248 2293 1357 2326 cum
1398 2276 1597 2340 placebo
1637 2281 1686 2325 et
1728 2277 1876 2340 dirige
1918 2281 1967 2324 et
2008 2276 2152 2326 missa
2191 2276 2241 2323 in
2278 2277 2485 2325 crastino

541 2371 816 2421 solemniter
852 2386 958 2418 cum
995 2373 1112 2417 nota
1151 2367 1348 2415 Necnon
1387 2369 1436 2413 et
1472 2347 1683 2428 qualibet
1718 2366 1982 2414 ebdomada
2015 2382 2101 2429 per
2134 2381 2308 2412 annum
2343 2381 2484 2414 unam

541 2462 732 2510 missam
771 2461 830 2507 de
871 2458 1106 2522 Requiem
1144 2457 1206 2504 ad
1244 2455 1396 2503 altare
1433 2458 1595 2503 nostre
1635 2455 1843 2503 Domine
1879 2455 2008 2503 omni
2043 2459 2256 2518 tempore
2291 2455 2402 2502 anni
2436 2455 2484 2502 in

541 2551 741 2599 sabbato
787 2547 1031 2597 annuatim
1079 2545 1411 2593 celebrandam
1459 2543 1582 2590 infra
1628 2544 1803 2591 dictam
1860 2542 2108 2592 ecclesiam
2163 2542 2483 2591 cathedralem

543 2638 912 2688 Brechinensem
948 2639 1139 2684 tantum
1177 2649 1264 2697 pro
1301 2631 1429 2680 omni
1464 2630 1559 2679 alio
1594 2647 1736 2680 onere
1772 2647 1855 2680 seu
1884 2631 2085 2679 seruicio
2124 2659 2134 2669 ·
2173 2632 2239 2679 Et
2263 2647 2350 2694 ego
2373 2648 2483 2680 vero

544 2728 786 2776 Robertus
810 2723 1050 2773 Thoulace
1074 2722 1274 2769 heredes
1298 2719 1391 2767 mei
1429 2748 1439 2758 -
1479 2747 1489 2758 ·
1529 2747 1539 2757 ·
1576 2720 1839 2783 predictum
1865 2735 2070 2767 annuum
2096 2719 2332 2768 redditum
2371 2747 2382 2757 ·
2420 2748 2431 2758 ·
2470 2748 2480 2756 ·

541 2833 598 2866 ac
633 2817 735 2865 eius
767 2815 964 2863 liberam
995 2811 1304 2861 'donationem
1344 2838 1353 2847 ·
1394 2837 1404 2848 ·
1444 2837 1454 2847 ·
1491 2809 1690 2873 prefatis
1717 2808 1973 2873 capellanis
2011 2837 2020 2847 ·
2060 2837 2070 2846 ·
2111 2837 2121 2847 ·
2157 2810 2484 2858 warantizabi-

542 2923 646 2956 mus
683 2934 694 2944 ·
733 2934 743 2943 ·
782 2932 793 2943 -
831 2905 890 2951 In
925 2902 1058 2951 cuius
1093 2901 1161 2948 rei
1195 2898 1520 2948 testimonium
1557 2896 1774 2960 Sigillum
1807 2913 1962 2945 meum
1987 2898 2095 2945 huic
2119 2898 2327 2961 presenti
2351 2902 2481 2946 carte

542 3012 646 3045 mee
684 2999 758 3044 est
796 3007 1055 3058 appensum
1094 2990 1220 3054 apud
1246 2987 1452 3035 Brechin
1478 2990 1651 3034 octauo
1685 2985 1761 3034 die
1796 2987 1972 3035 mensis
1994 2986 2027 3033 J
2032 2985 2115 3033 ulii
2139 3001 2263 3034 anno
2287 2986 2480 3034 Domini

542 3085 791 3134 millesimo
815 3078 1278 3147 quadringentesimo
1302 3075 1723 3139 sexagesimonono
1761 3102 1772 3113 ·
