3016 3958
1050 661 1342 716 CARTAE
1393 660 1892 716 ORIGINALES.
2350 667 2456 719 103

499 855 578 898 tor
616 879 625 888 ·
665 879 674 887 ·
716 879 725 888 ·
762 849 1115 914 capellanorum
1155 850 1273 898 dicti
1310 851 1442 898 chori
1480 877 1492 889 ·
1531 878 1542 889 ·
1582 878 1591 887 ·
1627 866 1845 899 asserens
1868 851 1993 914 quod
2033 852 2093 898 ad
2130 852 2352 899 notitiam
2377 854 2446 915 ip-

499 955 658 987 sorum
705 939 899 987 deuenit
945 940 1071 1003 quod
1127 940 1365 1003 quondam
1414 938 1662 987 Walterus
1710 939 1971 1003 Dempstar
2015 939 2220 988 balliuus
2269 942 2445 988 domini

502 1028 727 1092 Episcopi
761 1056 772 1066 ·
811 1056 821 1065 ·
861 1056 872 1066 ·
907 1028 1108 1076 tradidit
1147 1032 1196 1075 et
1235 1027 1524 1076 ministrauit
1548 1027 1737 1075 cuidam
1765 1026 2011 1075 Willelmo
2047 1029 2171 1076 Fute
2207 1030 2444 1092 saysinam

549 1143 562 1154 ·
600 1144 611 1154 ·
647 1116 890 1166 cuiusdam
927 1116 1190 1165 tenementi
1221 1116 1429 1178 jacentis
1466 1132 1529 1164 ex
1566 1119 1704 1179 parte
1738 1115 1960 1164 orientali
1996 1117 2211 1166 ciuitatis
2234 1118 2444 1166 eiusdem

499 1206 558 1253 de
593 1222 688 1270 quo
722 1210 997 1254 tenemento
1035 1234 1045 1243 -
1084 1234 1095 1243 ·
1134 1234 1145 1244 ·
1184 1204 1431 1269 Capellani
1479 1205 1610 1254 chori
1650 1233 1660 1243 ·
1699 1233 1710 1243 -
1749 1233 1759 1244 ·
1795 1206 1986 1254 fuerunt
2022 1222 2083 1254 ex
2119 1211 2234 1255 tunc
2277 1213 2326 1255 et
2362 1225 2447 1271 per

499 1295 620 1343 duos
641 1309 790 1343 annos
813 1293 1001 1358 elapsos
1035 1294 1084 1341 in
1118 1294 1416 1358 possessione
1447 1294 1646 1357 pacifica
1683 1323 1693 1332 ·
1732 1295 1863 1350 Quas
1885 1295 2075 1358 quidem
2099 1296 2442 1359 possessionem

494 1387 544 1431 et
566 1383 804 1447 saysinam
827 1383 896 1431 sic
919 1383 1124 1431 traditas
1161 1387 1210 1430 et
1249 1385 1468 1446 receptas
1505 1382 1544 1430 si
1577 1383 1769 1445 saysina
1792 1386 1842 1431 et
1867 1383 2103 1447 possessio
2127 1384 2222 1432 dici
2247 1385 2437 1433 valeant

497 1473 598 1536 ipse
638 1471 851 1536 prefatus
892 1472 1112 1520 dominus
1153 1472 1361 1520 Thomas
1405 1471 1536 1533 Lang
1576 1471 1766 1519 nomine
1807 1475 1857 1519 et
1898 1487 1960 1519 ex
1999 1476 2137 1536 parte
2173 1477 2438 1522 ceterorum

497 1560 847 1625 capellanorum
872 1561 1004 1609 chori
1029 1559 1364 1609 Breehinensis
1387 1575 1473 1623 per
1495 1559 1868 1607 abstractionem
1892 1564 2079 1609 tecture
2119 1561 2286 1611 domus
2323 1563 2439 1610 dicti

496 1650 763 1699 tenementi
801 1654 851 1698 et
894 1650 1016 1712 ignis
1067 1649 1338 1697 incendium
1386 1648 1528 1711 fregit
1575 1647 1870 1696 contradixit
1924 1654 1974 1697 et
2023 1650 2302 1714 interrupsit
2355 1653 2440 1699 So—

496 1739 752 1804 lempniter
795 1739 1106 1803 protestando
1143 1739 1268 1803 quod
1308 1738 1439 1786 dicta
1473 1738 1666 1801 saysina
1701 1766 1713 1775 ·
1753 1766 1763 1775 ·
1803 1766 1813 1775 ·
1851 1738 2112 1802 capellanis
2159 1740 2290 1788 chori
2329 1770 2338 1778 -
2379 1770 2388 1778 -
2428 1771 2437 1779 -

496 1828 677 1877 nullum
701 1833 948 1892 generaret
972 1828 1283 1892 preiudicium
1306 1843 1395 1875 nee
1419 1826 1510 1874 iuri
1547 1831 1597 1875 et
1635 1827 1921 1890 possessioni
1947 1828 2063 1876 dicti
2087 1830 2348 1877 tenementi
2373 1831 2441 1878 eis

496 1918 716 1982 primitus
751 1917 999 1981 acquisitis
1034 1915 1306 1964 nullatenus
1338 1919 1532 1964 noceret
1574 1944 1584 1953 ·
1622 1916 1699 1963 De
1738 1921 1787 1964 et
1824 1933 1966 1980 super
1999 1917 2171 1980 quibus
2209 1922 2258 1965 et
2296 1919 2441 1966 etiam

496 2007 702 2056 testibus
725 2006 927 2055 dominis
962 2006 996 2051 J
1000 2005 1185 2054 ohanne
1224 2006 1452 2054 Forestar
1476 2005 1692 2053 Roberto
1729 2005 1937 2068 Crumby
1959 2006 1994 2052 J
1997 2006 2182 2054 ohanne
2209 2006 2439 2054 Willelmi

496 2095 772 2160 presbiteris
797 2094 1061 2142 Lanrencio
1086 2093 1254 2157 Smyth
1279 2093 1441 2141 Dauid
1466 2093 1705 2157 Lyttistar
1728 2094 2007 2142 Alexandro
2043 2095 2328 2158 Foringham
2352 2097 2386 2142 J
2391 2113 2439 2143 ο-

497 2185 651 2232 hanne
690 2184 850 2232 Bouer
873 2181 1119 2230 Willelmo
1158 2181 1381 2230 Thowlas
1424 2181 1643 2230 Waltero
1679 2183 1737 2229 de
1771 2181 1895 2245 Crag
1916 2183 1946 2228 J
1955 2182 2139 2231 ohanne
2164 2183 2331 2231 Cabell
2353 2184 2387 2230 J
2391 2200 2440 2232 o-

496 2275 651 2322 hanne
690 2272 883 2336 Smytht
918 2272 952 2318 J
956 2271 1140 2320 ohanne
1176 2272 1235 2319 de
1276 2271 1508 2319 Pantown
1550 2269 1795 2319 Willelmo
1821 2271 1956 2334 Lang
1990 2275 2040 2319 et
2079 2271 2322 2320 Willelmo
2349 2274 2439 2320 Pap

495 2363 623 2410 tricii
648 2378 754 2410 cum
778 2360 940 2408 multis
963 2359 1071 2408 aliis
1107 2359 1312 2408 testibus
1347 2395 1357 2405 .
1395 2396 1406 2406 .
1445 2395 1456 2406 .
1493 2358 1650 2423 Super
1683 2360 1854 2423 quibus
1895 2360 2111 2409 omnibus
2153 2365 2202 2408 et
2243 2362 2437 2424 singulis

497 2451 710 2514 prefatus
731 2452 1010 2513 procurator
1045 2484 1055 2494 .
1092 2484 1103 2494 .
1143 2488 1152 2498 .
1188 2464 1219 2495 a
1256 2463 1330 2495 me
1354 2448 1542 2496 notario
1579 2483 1588 2494 .
1628 2483 1638 2494 .
1677 2484 1688 2495 .
1725 2449 1867 2511 petiit
1891 2448 2128 2511 publicum
2155 2450 2437 2499 instrumen-

496 2543 599 2587 tum
637 2574 646 2584 .
686 2537 818 2586 Acta
838 2537 1030 2585 fuerunt
1053 2537 1142 2584 hec
1166 2537 1283 2584 hora
1305 2552 1432 2584 nona
1464 2540 1578 2585 ante
1613 2537 1856 2584 meridiem
1895 2573 1905 2583 .
1943 2573 1954 2583 .
1992 2574 2002 2584 .
2038 2537 2144 2586 loco
2167 2554 2291 2586 anno
2328 2575 2338 2585 .
2376 2574 2385 2584 .
2424 2576 2435 2586 .

497 2628 668 2691 quibus
703 2642 848 2690 supra
883 2661 893 2672 .
930 2625 1238 2674 Presentibus
1274 2641 1360 2688 pro
1396 2629 1513 2673 tunc
1549 2625 1727 2672 ibidem
1753 2625 2097 2675 venerabilibus
2132 2630 2182 2674 et
2218 2627 2436 2676 discretis

498 2717 610 2766 viris
637 2716 721 2764 viz.
749 2714 983 2777 Magistro
1009 2713 1200 2762 Moricii
1234 2713 1283 2760 in
1318 2718 1520 2776 utroque
1558 2714 1751 2760 doctore
1789 2713 2022 2776 Magistro
2063 2713 2283 2763 Waltero
2321 2715 2435 2762 Idill

497 2806 725 2854 canonico
762 2801 1114 2851 Aberdonensis
1151 2805 1200 2850 et
1239 2801 1574 2850 Breehinensis
1608 2800 1912 2849 ecclesiarum
1949 2801 2157 2850 Domino
2192 2803 2436 2852 Willelmo

499 2895 627 2942 Rind
663 2893 933 2942 subdecano
970 2890 1281 2939 Breehinensi
1319 2894 1368 2938 et
1409 2890 1599 2937 domino
1633 2890 1667 2936 J
1671 2889 1857 2938 ohanne
1894 2890 2149 2940 Michaelis
2189 2892 2434 2955 capellano

497 2999 604 3031 cum
629 2981 829 3029 diuersis
845 2979 953 3028 aliis
988 3015 999 3026 .
1037 3014 1047 3024 .
1086 3015 1096 3024 .

565 3071 632 3119 Et
672 3071 776 3133 Ego
814 3069 1052 3117 Patricius
1091 3067 1320 3116 Massoun
1359 3066 1560 3115 clericus
1597 3066 1932 3115 Breehinensis
1967 3068 2183 3117 dioecesis
2223 3069 2437 3132 publicus

496 3160 755 3208 autoritate
778 3157 1011 3222 imperiali
1035 3156 1265 3211 notarius,
1290 3155 1402 3219 qnia
1437 3191 1447 3201 .
1484 3191 1494 3201 .
1536 3191 1546 3200 .
