3016 3958
1054 643 1345 698 GARTAE
1389 643 1889 699 ORIGINALES.
2346 647 2450 698 101

504 845 600 876 rem
627 830 898 879 beatissime
922 832 1152 881 trinitatis
1187 834 1336 881 nostri
1373 833 1671 896 inclytissimi
1701 833 2026 897 progenitores
2061 833 2210 896 ipsius
2245 833 2444 881 ecclesie

502 918 776 967 fundatores
822 922 1122 983 prerogatiua
1167 922 1362 986 speciali
1414 938 1475 970 ex
1527 922 1628 970 suis
1674 922 1928 970 deuotione
1975 925 2025 969 et
2074 920 2344 969 elemosinis
2397 922 2444 968 in

500 1006 808 1055 facultatibus
830 1009 1072 1071 magnifice
1098 1011 1337 1064 dotauere,
1377 1011 1418 1057 N
1423 1026 1513 1058 unc
1547 1011 1595 1058 in
1631 1011 1729 1059 suis
1757 1011 1827 1058 ita
1849 1010 1912 1058 sit
1938 1009 2274 1072 dampnificata
2296 1009 2443 1056 facul-

498 1094 680 1143 tatibus
715 1099 764 1143 et
798 1097 1006 1161 antiquis
1039 1098 1413 1161 possessionibus
1441 1099 1676 1147 diminuta
1711 1100 1834 1163 quod
1872 1099 2082 1146 eiusdem
2108 1097 2281 1161 prelati
2305 1113 2437 1145 suum

498 1183 751 1232 honorifice
797 1185 996 1234 ecclesie
1043 1191 1222 1234 statum
1270 1192 1446 1251 queant
1487 1187 1679 1235 minime
1720 1191 1990 1236 sustentare
2039 1202 2146 1234 cum
2194 1186 2329 1234 valde
2377 1187 2439 1235 sit

496 1272 706 1336 iniquum
731 1277 780 1321 et
805 1274 978 1322 rationi
1010 1290 1067 1322 ac
1095 1275 1192 1337 juri
1217 1275 1455 1324 dissonum
1483 1292 1541 1323 ea
1564 1292 1655 1339 que
1679 1293 1764 1339 per
1786 1276 2024 1339 principes
2048 1275 2331 1324 christianos
2355 1292 2440 1338 pro

493 1376 683 1408 suorum
723 1362 931 1410 remedio
968 1363 1292 1426 peccaminum
1331 1364 1678 1413 venerabilibus
1711 1364 1804 1412 Dei
1842 1363 2059 1413 ecclesiis
2099 1368 2209 1412 sunt
2249 1364 2437 1419 collata,

491 1448 599 1496 aliis
622 1449 866 1512 quibusuis
889 1451 1105 1500 humanis
1123 1452 1281 1500 vsibus
1299 1451 1527 1516 applicari
1551 1469 1608 1500 ac
1627 1453 1947 1516 possessiones
1972 1452 2170 1501 ecclesie
2195 1469 2279 1516 per
2303 1458 2436 1501 ante-

490 1552 702 1586 cessores
742 1538 1134 1587 irrationabiliter
1173 1540 1452 1590 distributas
1490 1540 1724 1590 alienatas
1765 1558 1849 1590 seu
1889 1542 2144 1590 distractas
2182 1543 2433 1590 conueniat

490 1627 776 1676 successoris
821 1628 1074 1691 prudentia
1114 1631 1174 1677 ad
1215 1630 1296 1692 jus
1336 1634 1386 1678 et
1427 1630 1770 1694 proprietatem
1812 1631 2026 1678 reuocari
2082 1659 2091 1668 -
2144 1631 2245 1679 Vos
2292 1631 2435 1694 igitur

488 1716 797 1764 exhortamur
842 1721 891 1765 et
938 1718 1223 1781 precipimus
1275 1723 1510 1782 quatenus
1557 1735 1722 1768 omnes
1769 1723 1819 1767 et
1867 1718 2076 1782 singulas
2122 1719 2434 1768 alienationes

486 1821 884 1870 quarumcumque
930 1811 1162 1855 terrarum
1215 1807 1519 1856 ecclesiarum
1567 1812 1616 1856 et
1663 1809 2008 1872 possessionum
2059 1809 2185 1856 dicte
2233 1809 2430 1857 ecclesie

486 1895 758 1944 beatissime
782 1897 1014 1945 trinitatis
1030 1897 1272 1944 antedicto
1291 1897 1599 1945 immobilium
1624 1913 1709 1960 per
1733 1913 2049 1960 quoscumque
2074 1898 2431 1960 predecessores

485 1988 668 2034 vestros
691 1985 1078 2034 irrationabiliter
1101 1985 1273 2034 iniuste
1308 1986 1410 2034 sine
1446 1986 1631 2048 urgenti
1666 1985 1951 2034 necessitate
1986 1990 2036 2033 et
2072 1985 2281 2034 euidenti
2306 1986 2431 2034 vtili-

483 2077 586 2122 tate
611 2089 668 2122 ac
691 2078 851 2137 preter
869 2074 991 2136 juris
1014 2073 1395 2138 solempnitatem
1415 2091 1505 2138 que
1531 2074 1578 2121 in
1603 2073 1780 2122 talibus
1798 2074 2040 2137 perpetuis
2064 2073 2430 2122 alienationibus

482 2162 583 2210 fieri
617 2163 728 2225 jura
767 2164 1076 2212 decreuerant
1117 2164 1272 2212 factas
1313 2164 1374 2211 ad
1414 2164 1495 2226 jus
1536 2168 1585 2211 et
1627 2164 1967 2227 proprietatem
2014 2164 2224 2211 eiusdem
2274 2168 2426 2212 vestre

483 2252 682 2301 ecclesie
707 2269 931 2301 reuocare
967 2269 1074 2301 cum
1106 2253 1277 2301 effectu
1301 2256 1351 2300 et
1375 2268 1482 2300 cum
1508 2252 1635 2300 omni
1670 2251 1918 2300 celeritate
1953 2251 2166 2315 possibili
2202 2253 2426 2299 reducere

483 2343 729 2398 studeatis,
765 2343 1018 2390 earundem
1044 2342 1390 2405 possessionum
1426 2346 1659 2389 terrarum
1683 2345 1767 2388 aut
1803 2339 2109 2388 ecclesiarum
2147 2341 2424 2388 detentores

483 2435 883 2494 occupatoresque
921 2430 1122 2478 iniustos
1159 2431 1218 2477 ad
1252 2429 1602 2478 restitutionem
1641 2445 1725 2478 seu
1760 2430 1821 2476 ad
1857 2445 2020 2492 puram
2057 2433 2107 2476 et
2142 2428 2339 2476 liberam
2376 2430 2422 2476 in

483 2519 698 2567 manibus
743 2518 913 2567 vestris
960 2518 1278 2566 dimissionem
1326 2519 1579 2565 earundem
1627 2534 1712 2581 per
1757 2533 2004 2565 censuram
2050 2517 2423 2566 ecclesiasticam

482 2607 820 2672 compellentes
856 2643 866 2653 .
905 2607 1095 2670 Nosque
1133 2607 1362 2654 vniuersis
1399 2610 1448 2653 et
1485 2605 1680 2668 singulis
1716 2606 1751 2652 J
1757 2605 2012 2654 usticiariis
2046 2606 2424 2655 vicecomitibus-

482 2714 572 2761 que
596 2697 784 2744 balliuis
807 2695 1071 2758 ceterisque
1095 2694 1333 2742 officiariis
1366 2694 1542 2742 nostris
1564 2693 1767 2742 subditis
1803 2697 1852 2741 et
1887 2693 2116 2742 ministris
2138 2695 2198 2741 ad
2223 2710 2421 2757 quorum

481 2786 683 2835 noticias
710 2789 954 2848 presentes
988 2783 1126 2831 litere
1161 2783 1463 2846 peruenerint
1499 2782 1697 2830 firmiter
1730 2782 2015 2845 precipimus
2052 2786 2101 2830 et
2139 2783 2418 2832 mandamus

482 2879 718 2939 quatenus
755 2874 904 2921 Vobis
940 2873 1110 2921 vestris
1144 2871 1527 2935 procuratoribus
1561 2871 1823 2919 actornatis
1863 2874 1912 2918 et
1959 2871 2186 2919 ministris
2222 2873 2270 2919 in
2316 2889 2420 2935 pre-

485 2965 629 3012 missa
665 2967 714 3011 et
752 2963 894 3010 etiam
933 2961 1263 3025 premissorum
1301 2959 1630 3007 executionem
1668 2959 1888 3022 quotiens
1930 2958 2089 3006 debite
2131 2959 2306 3008 fuerint
2346 2977 2418 3008 re-

486 3057 647 3122 quisiti
682 3055 956 3120 impendant
990 3053 1315 3102 assistenciam
1351 3051 1670 3100 defensionem
1715 3051 1943 3114 auxilium
1979 3051 2229 3099 concilium
2265 3057 2314 3101 et
2350 3055 2418 3102 fa-

485 3162 646 3194 uorem
693 3149 833 3208 prout
879 3147 1089 3192 nostram
1136 3140 1506 3204 indignationem
1551 3140 1732 3187 euitare
1778 3139 2012 3187 voluerint
2063 3168 2073 3178 ·
2129 3140 2195 3188 Et
2236 3157 2322 3190 nos
2369 3143 2416 3189 in

486 3234 727 3298 premissis
749 3236 982 3297 quatenus
1005 3229 1140 3278 nobis
1175 3228 1403 3277 incumbit
1426 3231 1618 3291 paratos
1652 3227 1785 3275 vobis
1807 3227 2044 3276 habebitis
2067 3229 2127 3275 ad
2152 3229 2421 3278 ministran-

488 3327 597 3373 dum
629 3323 818 3387 justitie
855 3319 1249 3384 complementum
1291 3354 1301 3364 .
1345 3317 1525 3365 Datum
1561 3316 1648 3365 sub
1685 3331 1854 3379 magno
1892 3315 2056 3379 Sigillo
2093 3321 2255 3366 nostro
2292 3320 2417 3381 apud
