3016 3958
260 1339 475 1387 CXVII.

216 2869 461 2917 CXVIII.

504 620 615 675 182
1057 620 1350 676 CARTAE
1395 620 1897 677 ORIGINALES.

503 809 703 859 diversis
740 810 847 859 aliis
886 838 894 848 ·
934 810 1118 858 Thoma
1154 810 1510 874 Fyndlaisoune
1534 812 1772 876 presbitro
1811 812 2166 863 Dunkeldensis
2204 814 2315 863 dioec
2346 829 2456 861 auc-

508 898 709 947 toritate
733 898 1000 964 apostolica
1023 900 1212 948 notario
1249 928 1261 939 ·
1296 901 1358 948 21
1385 901 1419 948 J
1424 900 1508 949 ulii
1535 901 1665 950 1528
1705 930 1715 940 ·

503 1102 651 1150 Carta
675 1101 1046 1150 confirmationis
1083 1103 1263 1151 decreti
1299 1103 1426 1151 inter
1450 1104 1680 1152 decanum
1717 1104 1972 1153 canonicos
2007 1109 2056 1152 et
2092 1104 2353 1168 capitulum
2379 1119 2456 1151 ca-

501 1187 814 1253 pellanosque
839 1189 1026 1254 collegii
1052 1190 1390 1241 Brechinensis
1428 1221 1437 1230 ·
2002 1183 2005 1185 ⁵

507 1315 742 1394 Jacobus
780 1347 874 1395 Dei
912 1346 1067 1409 gratia
1105 1363 1191 1394 rex
1231 1348 1481 1396 Scotorum
1521 1349 1739 1397 omnibus
1763 1350 1925 1413 probis
1956 1350 2226 1398 hominibus
2260 1350 2358 1398 suis
2392 1350 2454 1397 ad

499 1451 618 1499 quos
641 1422 895 1499 presentes*
911 1435 1050 1483 litere
1074 1437 1379 1499 pei-uenerint
1403 1437 1606 1485 salutem
1633 1438 1798 1486 sciatis
1832 1454 1919 1487 nos
1955 1439 2200 1487 decretum
2225 1437 2452 1486 arbitrale

497 1524 650 1572 latum
675 1541 761 1589 per
785 1526 1096 1572 reuerendum
1127 1525 1176 1572 in
1213 1525 1404 1574 Christo
1430 1530 1614 1589 patrem
1638 1527 1672 1574 J
1677 1528 1910 1575 ohannem
1938 1528 2305 1576 Brechinensem
2331 1528 2452 1591 epis-

496 1630 665 1677 copum
690 1618 918 1677 tanquam
937 1613 1149 1675 judicem
1173 1614 1511 1663 arbitratorem
1536 1614 1742 1663 electum
1779 1616 1906 1664 inter
1941 1617 2172 1664 decanum
2197 1617 2451 1665 canonicos

493 1707 543 1758 et
582 1703 843 1766 capitulum
871 1703 1194 1751 Brechinense
1240 1719 1303 1750 ex
1327 1719 1422 1750 una
1459 1707 1508 1751 et
1550 1705 1767 1753 dominos
1805 1705 2067 1753 Patricium
2108 1704 2308 1752 Tindale
2349 1704 2451 1752 Gil-

491 1792 681 1841 bertum
723 1791 1062 1840 Williamsoun
1101 1792 1334 1841 Thomam
1375 1793 1589 1856 Ramsay
1626 1802 1676 1841 et
1718 1793 2014 1842 Willelmum
2057 1795 2267 1857 Ramsay
2292 1794 2448 1858 capel-

488 1879 626 1929 lanos
664 1880 851 1943 collegii
891 1880 1229 1930 Brechinensis
1267 1909 1277 1918 ·
1317 1909 1326 1919 ·
1366 1909 1376 1919 ·
1414 1897 1475 1928 cx
1499 1881 1654 1930 altera
1677 1883 1895 1946 partibus
1932 1911 1942 1921 ·
1982 1910 1993 1922 ·
2032 1911 2042 1920 ·
2078 1884 2140 1931 ad
2164 1882 2352 1947 plenum
2378 1884 2448 1931 in-

488 1969 734 2018 tellexisse
759 1970 845 2019 sub
870 1970 960 2017 hac
983 1970 1137 2017 forma
1172 1973 1245 2034 (ut
1281 1974 1427 2018 antea
1456 1970 1551 2021 No.
1587 1970 1804 2032 CXIII.)
1832 1971 2163 2035 Quodquidem
2201 1973 2445 2020 decretum

488 2075 546 2107 ac
586 2059 745 2107 omnia
785 2063 835 2107 et
877 2058 1063 2122 singula
1103 2059 1152 2106 in
1196 2059 1363 2107 eodem
1408 2064 1638 2108 contenta
1678 2060 1726 2107 in
1766 2061 1984 2110 omnibus
2025 2060 2123 2110 suis
2162 2062 2353 2125 punctis
2393 2067 2442 2111 et

487 2148 703 2197 articulis
741 2176 751 2186 ·
791 2176 800 2186 ·
840 2176 850 2186 ·
887 2164 972 2210 pro
1018 2148 1156 2196 nobis
1203 2151 1252 2196 et
1300 2148 1654 2197 successoribus
1700 2149 1877 2198 nostris
1915 2177 1925 2187 ·
1964 2177 1975 2188 ·
2015 2178 2024 2187 ·
2061 2151 2391 2199 confirmamus
2429 2180 2438 2188 -

489 2238 549 2284 In
585 2237 719 2286 cuius
757 2238 826 2285 rei
864 2237 1190 2286 testimonium
1227 2252 1449 2299 magnum
1473 2236 1678 2300 sigillum
1701 2242 1917 2287 nostrum
1943 2240 2242 2303 presentibus
2265 2241 2439 2304 apponi

488 2327 788 2390 precepimus
826 2327 952 2390 apud
992 2326 1273 2388 Edinburgh
1316 2330 1486 2389 quarto
1525 2326 1602 2374 die
1644 2327 1821 2376 mensis
1862 2327 2037 2375 Marcii
2077 2344 2202 2376 anno
2241 2329 2438 2377 Domini

487 2415 738 2465 millesimo
761 2415 1140 2479 quingentesimo
1165 2415 1389 2463 vicesimo
1414 2419 1586 2464 octauo
1611 2419 1660 2463 et
1685 2416 1816 2479 regni
1840 2417 1991 2465 nostri
2016 2417 2200 2465 decimo
2224 2422 2364 2466 sexto
2401 2446 2413 2457 «-

486 2617 865 2665 Instrumentum
889 2615 1203 2679 possessionis
1226 2616 1370 2663 annui
1395 2617 1613 2664 redditus
1638 2617 1720 2664 xii.
1744 2617 2000 2666 solidorum
2039 2619 2097 2665 de
2131 2620 2273 2667 terris
2297 2635 2434 2668 voca·

484 2707 550 2754 tis
574 2707 787 2770 Cappers
809 2706 923 2754 land
948 2721 1072 2753 nunc
1096 2705 1350 2753 heredibus
1374 2705 1407 2751 J
1412 2706 1580 2755 oannis
1604 2707 1796 2754 Andree
1819 2707 2149 2770 spectantibus
2186 2735 2197 2745 ·

495 2829 574 2911 In
614 2863 707 2911 Dei
744 2863 932 2910 nomine
971 2863 1125 2909 Amen
1165 2889 1175 2899 ·
1215 2889 1225 2899 ·
1266 2890 1275 2899 ·
1313 2862 1499 2910 cunctis
1528 2866 1694 2926 pateat
1735 2890 1745 2900 ·
1783 2890 1795 2901 ·
1833 2890 1843 2899 ·
1879 2865 2005 2927 quod
2042 2881 2168 2912 anno
2204 2865 2431 2914 Incarna-

484 2954 630 3004 tionis
654 2952 905 3000 Dominice
929 2950 1182 3000 millesimo
1206 2950 1582 3014 quingentesimo
1618 2951 1862 3014 trigesimo
1894 2952 2068 3001 mensis
2091 2968 2201 3000 vero
2226 2955 2430 3017 Augusti

486 3045 562 3091 die
587 3057 711 3089 nono
749 3069 759 3078 ·
799 3069 808 3078 ·
848 3068 858 3078 ·
894 3039 1209 3103 personaliter
1231 3039 1524 3088 constitutus
1556 3039 1838 3088 venerabilis
1871 3040 2097 3103 magister
2121 3040 2283 3091 Dauid
2322 3044 2429 3092 Pet-

485 3134 634 3180 karne
674 3129 1036 3178 archidiaconus
1078 3128 1415 3176 Brechinensis
1453 3155 1465 3166 ·
1504 3155 1513 3165 ·
1553 3154 1564 3166 ·
1600 3128 1805 3176 accessit
1846 3129 1907 3175 ad
1947 3129 2145 3178 fundum
2184 3131 2429 3180 cuiusdam

486 3219 748 3270 tenementi
771 3234 856 3281 per
877 3219 910 3264 J
915 3218 1148 3265 ohannem
1173 3217 1364 3281 Cappar
1386 3215 1642 3264 inhabitati
1666 3217 1822 3265 vocati
1848 3217 2028 3266 ereis
2051 3217 2205 3268 landis
2222 3219 2429 3281 jacentis

490 3328 551 3358 ex
588 3307 807 3358 orientali
843 3311 979 3369 parte
1005 3306 1230 3355 Ciuitatis
1267 3304 1603 3355 Brochinensis
1637 3304 1763 3353 inter
1796 3309 1950 3355 terras
1979 3306 2176 3355 Patricii
2201 3308 2341 3358 Seres
2363 3311 2423 3358 ab
