3016 3958
511 649 583 704 68
1059 651 1350 708 GARTAE
1395 652 1894 710 ORIGINALES.

513 838 654 887 cariis
714 855 771 887 ac
819 839 1035 890 Roberto
1081 843 1139 890 de
1190 843 1468 892 Balmanow
1520 844 1751 907 Burgensi
1800 844 1858 891 de
1905 843 2078 892 Dunde
2127 859 2234 892 cum
2286 844 2450 893 multis

514 927 620 976 aliis
665 957 674 966 -
715 957 724 966 ·

585 1017 650 1064 Et
688 1033 773 1080 ego
810 1019 844 1065 J
849 1018 1056 1068 ohannes
1095 1019 1209 1067 Idill
1247 1020 1447 1070 clericus
1486 1021 1829 1070 Sanctiandree
1865 1020 2082 1070 dioecesis
2106 1022 2321 1086 publicus
2343 1038 2452 1070 auc-

517 1106 714 1154 toritate
740 1107 971 1171 imperiali
995 1109 1210 1158 notarius
1247 1138 1256 1147 ·
1297 1138 1306 1147 ·
1346 1138 1356 1147 ·

520 1307 732 1356 Donatio
760 1308 963 1358 Roberti
1000 1311 1058 1358 de
1085 1310 1203 1374 Hyll
1230 1340 1239 1348 -

218 1462 495 1511 XXXVII.
531 1433 803 1515 Omnibus
843 1467 966 1515 hanc
1002 1471 1182 1516 cartam
1207 1468 1375 1518 visuris
1410 1469 1483 1517 vel
1518 1471 1753 1519 audituris
1792 1470 2035 1518 Robertus
2070 1471 2128 1518 de
2172 1469 2289 1533 Hyll
2330 1470 2458 1518 Civis

523 1556 856 1605 Brechinensis
892 1556 1104 1604 Salutem
1145 1557 1194 1604 in
1221 1558 1428 1607 Domino
1452 1559 1787 1625 sempiternam
1826 1587 1836 1597 ·
1874 1559 2051 1607 Sciatis
2075 1575 2149 1607 me
2173 1560 2234 1607 ad
2270 1558 2457 1607 laudem

522 1650 570 1692 et
604 1645 801 1708 gloriam
827 1646 1165 1710 omnipotentis
1206 1647 1305 1695 Dei
1329 1651 1379 1695 et
1402 1648 1675 1697 beatissime
1714 1647 1868 1696 Marie
1894 1648 2103 1711 Virginis
2126 1664 2183 1695 ac
2207 1649 2346 1696 beate
2370 1648 2460 1695 vir-

521 1735 642 1797 ginis
668 1735 902 1783 Katerine
937 1739 987 1783 et
1011 1735 1218 1783 omnium
1244 1735 1434 1785 celestis
1470 1737 1599 1785 curie
1637 1737 1917 1785 Sanctorum
1947 1737 2095 1785 libere
2137 1738 2359 1786 dedisse·
2399 1765 2409 1774 ·
2448 1765 2459 1773 -

524 1828 571 1871 et
599 1852 610 1862 ·
639 1852 648 1861 ·
678 1852 686 1861 ·
715 1825 1015 1872 confirmasse
1037 1824 1142 1873 Deo
1166 1825 1481 1889 omnipotenti
1500 1829 1549 1874 et
1569 1808 1979 1874 omnibus-sanctis
2003 1826 2287 1889 supradictis
2310 1842 2366 1873 ac
2385 1841 2462 1873 ca-

524 1913 725 1977 pellanis
756 1914 804 1960 in
843 1914 987 1962 choro
1011 1913 1210 1963 ecclesie
1235 1914 1524 1963 cathedralis
1559 1915 1894 1963 Brechinensis
1918 1914 2267 1962 celebrantibus
2291 1918 2340 1962 et
2364 1916 2463 1963 suis

524 2003 874 2052 successoribus
901 2031 911 2041 ·
939 2031 949 2041 ·
977 2031 987 2041 ·
1024 2019 1110 2067 pro
1133 2003 1288 2052 salute
1312 2004 1469 2051 anime
1494 2019 1611 2059 mee,
1637 2008 1686 2052 et
1715 2003 1943 2065 Marjorie
1966 2004 2128 2051 uxoris
2152 2005 2269 2059 mee,
2294 2019 2350 2051 ac
2378 2018 2464 2066 pro

523 2091 678 2140 salute
703 2092 880 2140 domini
920 2091 1096 2140 Jacobi
1140 2092 1287 2155 Regis
1327 2093 1479 2141 nostri
1515 2092 1728 2141 moderni
1766 2121 1776 2130 ·
1815 2121 1825 2130 ·
1865 2120 1874 2130 ·
1911 2109 2093 2140 necnon
2118 2097 2167 2140 et
2201 2109 2286 2155 pro
2310 2091 2463 2140 salute

524 2184 877 2229 antecessorum
903 2185 952 2229 et
987 2196 1312 2230 successorum
1353 2197 1562 2229 meorum
1588 2186 1637 2229 et
1661 2181 1867 2229 omnium
1905 2181 2111 2229 fidelium
2137 2182 2464 2230 defunctorum

526 2271 585 2317 In
627 2286 791 2333 puram
828 2274 877 2318 et
920 2273 1198 2334 perpetuam
1239 2269 1541 2318 elemosinam
1579 2270 1751 2318 Totum
1788 2274 1837 2318 et
1873 2270 2104 2331 integrum
2140 2274 2462 2318 tenementum

524 2375 679 2406 meum
721 2359 888 2420 jacens
929 2375 991 2406 ex
1030 2362 1169 2422 parte
1223 2358 1510 2406 occidentali
1552 2358 1814 2407 communis
1853 2359 1944 2406 vici
1981 2358 2090 2406 ville
2133 2359 2466 2408 Brechinensis

525 2449 651 2496 inter
673 2452 850 2495 terram
872 2447 907 2494 J
911 2447 1110 2496 ohannis
1135 2447 1266 2495 Tode
1290 2463 1352 2495 ex
1395 2451 1596 2511 utraque
1637 2451 1774 2511 parte
1816 2447 1901 2494 viz.
1938 2464 1998 2495 ex
2035 2451 2171 2511 parte
2195 2447 2394 2496 australi
2415 2452 2465 2496 et

525 2537 704 2585 boreali
745 2538 1046 2585 extendendo
1086 2537 1136 2584 in
1175 2536 1468 2599 longitudine
1491 2552 1654 2585 versus
1688 2536 1980 2584 occidentem
2007 2552 2155 2600 usque
2195 2537 2256 2584 ad
2290 2541 2465 2584 terram

530 2627 801 2689 Margarete
828 2625 1052 2673 Swallow
1076 2641 1181 2673 cum
1207 2629 1340 2674 certo
1364 2626 1562 2673 introitu
1587 2642 1649 2673 ex
1672 2630 1808 2689 parte
1842 2625 2022 2673 boreali
2063 2627 2123 2673 ad
2164 2625 2466 2673 latitudinem

528 2731 614 2763 sex
650 2716 821 2778 pedum
846 2714 1065 2778 legalium
1092 2719 1141 2762 et
1166 2731 1271 2762 cum
1296 2731 1388 2762 una
1413 2730 1525 2762 acra
1546 2719 1672 2762 terre
1697 2713 1890 2762 arabilis
1918 2714 2111 2776 jacente
2136 2715 2182 2761 in
2208 2714 2384 2762 Croftis
2408 2715 2466 2762 de

531 2803 754 2866 Brechyn
798 2804 924 2851 inter
963 2819 1122 2851 acram
1159 2803 1336 2851 domini
1380 2803 1578 2851 Patricii
1603 2804 1661 2850 de
1697 2803 1882 2851 Gutbre
1908 2819 1968 2850 ex
1992 2807 2127 2866 parte
2163 2802 2382 2850 orientali
2405 2818 2466 2850 ex

530 2897 665 2955 parte
690 2908 783 2940 una
806 2896 855 2939 et
878 2907 1038 2940 acram
1063 2893 1297 2956 quondam
1322 2892 1356 2939 J
1361 2893 1560 2940 ohannis
1585 2892 1814 2940 Massoun
1849 2908 1911 2939 ex
1935 2895 2071 2955 parte
2096 2891 2380 2940 occidentali
2404 2907 2466 2939 ex

534 2985 668 3044 parte
691 2980 845 3028 altera
868 2996 974 3028 cum
998 2981 1232 3029 uniuersis
1255 2985 1304 3029 et
1339 2981 1533 3044 singulis
1557 2981 1654 3029 suis
1678 2980 1784 3028 aliis
1809 2980 2107 3044 pertinentiis
2146 3008 2155 3017 -
2193 2981 2466 3028 Tenendum

534 3074 584 3117 et
607 3069 874 3117 habendum
898 3069 1079 3116 dictum
1101 3073 1425 3117 tenementum
1449 3085 1554 3116 cum
1590 3068 1806 3131 predicta
1829 3083 1940 3116 acra
1965 3072 2014 3116 et
2037 3068 2135 3117 suis
2168 3069 2468 3131 pertinentiis

537 3157 678 3206 dictis
701 3156 959 3220 capellanis
982 3157 1113 3205 chori
1150 3157 1484 3206 Brechinensis
1513 3160 1562 3204 et
1603 3157 1700 3205 suis
1734 3157 2083 3206 successoribus
2119 3185 2130 3195 ·
2169 3185 2179 3195 ·
2218 3185 2228 3195 ·
2265 3158 2312 3204 in
2337 3158 2466 3206 dicto

537 3247 680 3294 choro
704 3246 866 3292 diuina
889 3246 1238 3295 celebrantibus
1264 3274 1274 3284 ·
1313 3273 1324 3284 ·
1363 3274 1373 3283 ·
1409 3246 1456 3293 in
1481 3261 1646 3309 puram
1670 3249 1719 3294 et
1742 3249 2017 3309 perpetuam
2036 3245 2337 3294 elemosinam
2361 3262 2467 3294 cum

538 3334 752 3382 omnibus
770 3337 819 3381 et
838 3333 1032 3396 singulis
1054 3333 1356 3383 libertatibus
1392 3360 1402 3371 ·
1443 3362 1452 3373 -
1493 3362 1502 3372 ·
1542 3334 1931 3382 Reddendoinde
1951 3334 2067 3382 dicti
2086 3333 2318 3398 capellani
2355 3361 2368 3374 ·
2406 3363 2416 3374 ·
2454 3363 2466 3374 -
