3016 3958
1146 616 1439 672 CARTAE
1490 617 1990 676 ORIGINALES.
2436 626 2543 681 201

596 809 827 869 perpetua
864 806 1251 869 augmentatione
1291 811 1495 870 quatuor
1531 808 1787 856 solidorum
1824 813 1873 857 et
1909 814 2112 873 quatuor
2136 812 2430 860 denariorum
2456 830 2535 861 an-

598 894 780 943 nuatim
805 895 932 944 ultra
970 925 980 934 ·
1021 924 1031 934 ·
1070 925 1080 934 ·
1118 896 1364 959 antiquam
1389 897 1572 945 firmam
1611 925 1621 935 ·
1660 926 1670 935 ·
1710 926 1719 935 ·
1756 899 2034 948 arrendasse
2070 901 2202 948 etad
2226 900 2536 949 feudifirmam

599 1011 608 1019 ·
649 1011 659 1021 ·
699 1012 709 1022 ·
749 986 982 1035 dimisisse
1021 1013 1032 1025 ·
1072 1015 1082 1024 ·
1122 1015 1131 1024 ·
1169 987 1385 1035 Johanni
1411 987 1686 1036 Thomsoun
1712 991 1760 1035 et
1787 987 1970 1051 Agneti
1996 988 2218 1037 Wilsoun
2244 989 2343 1038 eius
2367 1006 2534 1053 sponse

598 1073 781 1123 ciuibus
830 1075 1230 1125 Brechinensibus
1277 1076 1326 1123 in
1373 1076 1628 1124 coniuncta
1674 1076 1995 1126 infeodatione
2031 1082 2080 1126 et
2115 1078 2367 1127 heredibus
2414 1080 2538 1128 inter

596 1163 725 1227 ipsos
759 1163 993 1228 legittime
1028 1166 1292 1229 procreatis
1327 1182 1412 1215 seu
1446 1166 1752 1230 procreandis
1790 1195 1800 1204 -
1839 1194 1850 1205 ·
1889 1195 1899 1205 ·
1936 1171 2148 1215 nostrum
2173 1167 2385 1215 anterius
2407 1171 2538 1216 tene-

595 1258 808 1302 mentum
846 1255 1019 1318 tegulis
1057 1259 1332 1320 coopertum
1364 1256 1533 1318 ,iacens
1570 1272 1712 1319 super
1752 1255 1958 1303 Meilhill
1993 1256 2116 1303 infra
2149 1256 2393 1304 ciuitatem
2421 1257 2537 1304 Bre-

597 1343 868 1392 chinensem
893 1361 953 1393 ex
978 1349 1117 1409 parte
1142 1345 1429 1393 occidentali
1454 1345 1665 1393 eiusdem
1701 1345 1827 1393 inter
1861 1349 2015 1394 terras
2040 1344 2272 1392 Willelmi
2300 1345 2452 1393 Fethe
2476 1347 2535 1393 ad

595 1432 787 1481 boream
834 1437 989 1483 terras
1034 1434 1261 1482 heredum
1311 1434 1526 1498 magistri
1568 1434 1767 1482 Antonii
1814 1433 1983 1498 Ogilvy
2023 1435 2084 1482 ad
2127 1438 2338 1483 austrum
2384 1439 2536 1483 terras

594 1523 820 1570 heredum
847 1522 1082 1571 Willelmi
1108 1524 1321 1586 Ramsay
1355 1524 1416 1571 ad
1453 1523 1673 1572 occidens
1709 1527 1758 1571 et
1794 1539 2090 1572 communem
2114 1523 2238 1571 viam
2263 1524 2438 1586 regiam
2474 1526 2535 1571 ad

595 1611 752 1660 oriens
789 1640 800 1650 ·
839 1640 849 1650 ·
890 1640 901 1650 ·
937 1628 1047 1660 cum
1095 1613 1192 1662 suis
1238 1613 1542 1676 pertinentiis
1585 1641 1595 1651 ·
1634 1641 1645 1651 ·
1684 1641 1694 1651 ·
1740 1614 2013 1661 Tenendum
2059 1642 2067 1651 -
2114 1642 2123 1650 ·
2169 1641 2179 1651 ·
2223 1613 2270 1660 in
2321 1630 2438 1676 pura
2486 1618 2534 1661 et

594 1701 746 1750 libera
791 1702 1060 1750 feudifirma
1104 1731 1115 1740 ·
1163 1730 1173 1740 ·
1218 1730 1228 1740 ·
1271 1703 1620 1766 imperpetuum
1666 1730 1675 1740 ·
1721 1730 1731 1740 ·
1777 1730 1787 1740 ·
1832 1702 2099 1750 Reddendo
2143 1730 2153 1739 ·
2197 1730 2208 1741 ·
2253 1730 2263 1739 ·
2304 1718 2533 1751 summam

593 1796 703 1840 octo
752 1808 1017 1840 mercarum
1076 1796 1126 1840 et
1183 1793 1346 1839 decem
1405 1791 1663 1840 solidorum
1701 1820 1711 1829 ·
1751 1820 1761 1829 ·
1801 1819 1811 1829 ·
1846 1795 2035 1839 monete
2074 1820 2083 1829 ·
2123 1818 2133 1830 ·
2174 1820 2183 1829 ·
2222 1792 2382 1839 Scotie
2419 1819 2431 1831 ·
2470 1821 2480 1829 ·
2519 1819 2529 1829 ·

593 1898 699 1930 cum
739 1881 1060 1945 duplicatione
1099 1881 1226 1929 dicte
1264 1881 1529 1928 feudifirme
1567 1909 1578 1918 ·
1618 1909 1629 1918 ·
1669 1909 1679 1918 ·
1716 1881 1764 1927 in
1801 1880 1954 1943 primo
1995 1880 2194 1946 introitu
2231 1907 2242 1918 ·
2282 1908 2292 1917 ·
2331 1908 2340 1918 ·
2379 1880 2532 1928 cuius-

591 1972 710 2019 libet
747 1971 936 2019 heredis
974 1999 984 2008 ·
1025 1999 1034 2008 ·
1074 1999 1084 2008 ·
1124 1970 1351 2019 Acetiam
1375 1986 1462 2018 nos
1486 1970 1686 2018 vicarios
1710 1973 1800 2017 etc.
1826 1985 2051 2033 personas
2087 1973 2135 2017 et
2169 1973 2322 2017 terras
2343 1973 2531 2018 nostras

594 2078 651 2109 ac
674 2061 980 2110 christianam
1018 2064 1067 2108 et
1103 2060 1417 2108 orthodoxam
1452 2059 1592 2106 fidem
1627 2057 1830 2106 fideliter
1863 2074 1948 2121 pro
1983 2074 2120 2121 posse
2155 2062 2458 2105 manutenere
2483 2062 2532 2105 et

594 2152 847 2199 defendere
870 2153 1148 2199 tenerentur
1184 2177 1194 2187 ·
1234 2177 1244 2187 ·
1284 2177 1294 2187 ·
1332 2149 1392 2196 In
1427 2148 1562 2196 cuius
1596 2148 1664 2195 rei
1688 2146 2011 2195 testimonium
2037 2146 2145 2193 huic
2170 2146 2377 2209 presenti
2402 2149 2532 2193 carte

593 2246 754 2291 nostre
793 2240 997 2304 sigillum
1033 2243 1245 2288 nostrum
1271 2254 1518 2287 commune
1556 2241 1628 2285 est
1664 2252 1920 2300 appensum
1946 2251 2145 2282 unacum
2182 2234 2534 2298 subscriptioni-

594 2333 683 2380 bus
706 2331 882 2380 nostris
905 2328 1204 2378 manualibus
1228 2329 1354 2392 apud
1381 2328 1573 2375 domum
1599 2324 1909 2389 capitularem
1935 2324 2299 2372 Brechinensem
2326 2324 2400 2370 die

594 2421 770 2470 mensis
972 2435 1095 2467 anno
1121 2418 1318 2467 Domini
1342 2417 1593 2465 millesimo
1623 2414 1997 2479 quingentesimo
2021 2414 2374 2477 quadragesimo
2409 2428 2530 2459 nono

595 2510 893 2574 presentibus
917 2509 1092 2557 ibidem
1116 2506 1463 2557 venerabilibus
1487 2509 1535 2553 et
1559 2504 1770 2569 prouidis
1793 2503 1905 2552 viris
1928 2502 2011 2550 &c
2054 2530 2064 2540 ·

1400 2595 1606 2643 Thomas
1635 2594 1788 2641 Fethe
1820 2608 1960 2640 manu
1984 2591 2172 2654 propria
2209 2619 2219 2628 ·

1404 2683 1637 2746 Georgius
1663 2681 1927 2730 Wilsowne
1952 2696 2092 2728 manu
2115 2678 2304 2742 propria
2340 2706 2351 2715 -

1403 2772 1563 2821 Alex‘·
1591 2772 1752 2819 Mores
1775 2787 1917 2818 manu
1941 2786 2026 2819 sua
2063 2797 2073 2806 ·

1403 2862 1438 2909 J
1442 2860 1582 2909 acob9
1609 2861 1804 2908 Montht
1829 2876 1970 2907 manu
1995 2858 2185 2922 propria
2221 2885 2231 2895 ·

1408 2953 1626 2999 Andreas
1651 2950 1909 3013 Finlayson
1933 2965 2073 2995 manu
2098 2946 2286 3010 propria
2324 2973 2333 2980 -

1404 3039 1560 3088 Robt9
1586 3040 1808 3101 Martyne
1833 3038 1918 3084 sub
1943 3052 2083 3083 manu
2108 3051 2193 3083 sua
2230 3063 2239 3071 ·

1403 3130 1436 3176 J
1441 3130 1649 3176 ohannes
1673 3126 1839 3174 ViHmi
1865 3142 2005 3173 manu
2029 3123 2217 3188 propria
2256 3151 2264 3161 ·

1403 3217 1671 3265 Richardus
1695 3216 1735 3262 F
1739 3214 1970 3262 inlaisoun
1998 3228 2135 3259 manu
2159 3211 2348 3275 propria
2386 3237 2397 3247 ·

1402 3306 1613 3353 Jacobus
1639 3304 1818 3366 Scharp
1842 3318 1982 3348 manu
2017 3316 2102 3349 sua
2139 3328 2149 3337 ·

1524 3393 1556 3439 2
1594 3409 1617 3439 c
