3016 3958
433 624 542 683 178
982 627 1276 683 GARTAE
1320 626 1823 685 ORIGINALES.

436 817 574 864 Idem
607 819 894 867 reuerendus
932 822 1070 882 pater
1106 823 1156 867 et
1194 821 1411 868 canonici
1446 824 1693 884 presentes
1727 822 1788 869 ad
1824 821 2129 870 statuendum
2157 823 2207 868 et
2230 819 2388 885 proui-

439 907 646 954 dendum
671 907 718 954 in
743 908 1137 972 subsequentibus
1173 946 1184 957 .
1220 911 1282 957 ad
1317 909 1505 958 laudem
1530 914 1696 959 sancte
1721 910 1974 959 Trinitatis
1997 913 2047 958 et
2070 910 2134 958 ad
2169 910 2387 958 decorem

440 999 489 1043 et
514 996 738 1044 honorem
763 998 962 1045 canonie
989 997 1325 1047 Brechinensis
1348 1003 1440 1047 etc.
1485 999 1550 1047 Et
1585 1000 1738 1063 primo
1762 1000 1852 1063 ipsi
1877 1000 2183 1048 attendentes
2206 1003 2256 1046 et
2279 1013 2390 1046 con-

440 1085 706 1134 siderantes
747 1087 873 1150 quod
914 1088 1150 1150 quonfizm
1191 1089 1466 1152 magnificus
1508 1089 1728 1138 dominus
1769 1087 1998 1137 Valterus
2043 1086 2294 1136 Palatinus
2329 1087 2388 1134 de

449 1175 729 1224 Stretherne
758 1175 959 1224 Atholie
983 1180 1033 1224 et
1057 1177 1292 1226 Cathanie
1318 1178 1491 1227 Comes
1527 1182 1577 1226 et
1613 1178 1832 1227 dominus
1868 1178 1927 1225 de
1966 1177 2216 1225 Brechene
2252 1180 2303 1224 et
2341 1176 2400 1222 de

445 1263 722 1328 Cortoquhy
759 1292 770 1304 ·
810 1292 820 1302 ·
860 1293 870 1303 ·
906 1267 966 1313 ad
1006 1266 1233 1314 honorem
1258 1272 1423 1316 sancte
1458 1267 1710 1317 Trinitatis
1749 1272 1798 1316 et
1835 1266 2036 1316 ecclesie
2064 1265 2403 1314 Brechinensis

443 1353 655 1402 construi
679 1357 727 1401 et
753 1354 963 1402 edificari
988 1355 1104 1403 fecit
1141 1357 1378 1419 quoddam
1406 1356 1656 1420 collegium
1693 1361 1743 1405 et
1780 1358 1988 1405 nondum
2023 1359 2402 1404 consummatum

447 1458 533 1504 pro
557 1443 702 1492 certis
726 1442 985 1507 capellanis
1020 1447 1069 1491 et
1105 1445 1265 1508 pueris
1297 1462 1382 1509 per
1405 1462 1512 1494 eum
1547 1446 1760 1495 fundatis
1795 1446 1843 1493 in
1880 1446 2011 1493 dicta
2048 1444 2253 1493 ecclesia
2286 1444 2403 1491 Bre-

433 1531 661 1580 chinensi
686 1533 766 1596 qui
792 1532 953 1581 diuino
979 1533 1182 1581 seruicio
1220 1534 1268 1581 in
1304 1535 1471 1582 eadem
1497 1535 1701 1584 ecclesia
1724 1535 1854 1583 horis
1876 1534 2122 1582 nocturnis
2146 1533 2328 1597 pariter
2351 1537 2400 1580 et

448 1621 628 1670 diurnis
651 1622 874 1669 continue
899 1622 1130 1671 interesse
1153 1623 1443 1671 tenebuntur
1467 1628 1516 1672 et
1541 1628 1766 1673 tenentur
1803 1628 1946 1688 prout
1971 1624 2019 1670 in
2045 1638 2206 1671 eorum
2230 1623 2401 1670 funda-

448 1710 581 1757 tione
617 1709 762 1759 latius
797 1711 1069 1759 continetur
1105 1740 1116 1750 ·
1155 1713 1418 1777 Propterea
1453 1718 1642 1762 matura
1676 1713 2021 1762 deliberatione
2043 1711 2296 1776 prehabita
2320 1712 2401 1759 de-

452 1804 703 1848 creuerunt
727 1803 997 1848 statuerunt
1033 1805 1083 1849 et
1121 1802 1460 1850 ordinauerunt
1494 1803 1705 1851 unanimi
1730 1817 1962 1851 consensu
2000 1830 2010 1840 ·
2049 1831 2059 1840 ·
2099 1830 2109 1840 ·
2147 1802 2271 1865 quod
2295 1816 2402 1864 pro-

451 1893 642 1937 curator
672 1890 940 1943 ⁴communis
979 1890 1176 1953 capituli
1216 1891 1275 1938 de
1317 1892 1586 1940 communia
1626 1891 1961 1940 canonicorum
2010 1890 2304 1954 persolueret
2351 1894 2400 1938 et

451 1978 645 2026 realiter
667 1979 967 2027 satisfaceret
991 1981 1052 2027 ad
1077 1981 1532 2029 consummationem
1568 1985 1618 2029 et
1647 1981 2046 2044 complementum
2074 1980 2190 2028 dicti
2215 1979 2400 2042 collegii

451 2067 616 2129 viginti
642 2083 824 2117 mercas
847 2073 1036 2116 monete
1061 2068 1224 2117 Scotie
1251 2085 1391 2133 quam
1415 2070 1513 2118 cito
1537 2069 1686 2118 leuari
1711 2074 1935 2133 poterunt
1960 2073 2010 2117 et
2046 2067 2247 2117 indilate
2284 2096 2295 2106 ·
2334 2069 2400 2116 Et

454 2157 566 2219 quia
600 2157 691 2220 ipsi
727 2158 1013 2206 reuerendus
1048 2162 1185 2221 pater
1220 2159 1470 2223 episcopus
1504 2159 1840 2208 Brechinensis
1877 2160 2086 2207 decanus
2109 2162 2158 2206 et
2183 2158 2399 2206 canonici

453 2246 702 2310 prescripti
738 2263 789 2295 se
825 2230 1141 2295 ostendebant
1173 2247 1428 2296 beneuolos
1463 2251 1513 2296 et
1547 2247 1836 2296 fauorabiles
1858 2249 1919 2295 ad
1943 2247 2397 2296 consummationem

455 2335 571 2384 dicti
595 2335 781 2398 collegii
805 2336 991 2399 et-quia
1012 2336 1280 2384 huiusmodi
1304 2336 1553 2399 collegium
1579 2353 1673 2385 non
1699 2337 1800 2386 sine
1835 2337 2019 2400 magnis
2043 2335 2312 2399 sumptibus
2347 2340 2397 2384 et

456 2425 679 2487 expensis
701 2425 959 2473 sustentari
994 2425 1183 2488 poterit·
1210 2453 1221 2463 ·
1259 2425 1378 2473 Ideo
1414 2427 1472 2474 de
1509 2441 1739 2475 consensu
1779 2453 1790 2464 ·
1829 2454 1840 2464 ·
1879 2454 1890 2464 ·
1927 2425 2279 2489 capellanorum
2303 2441 2402 2473 om-

453 2514 583 2561 nium
607 2514 724 2562 dicti
748 2513 933 2577 collegii
957 2514 1134 2562 hiidem
1158 2514 1408 2578 episcopus
1432 2516 1639 2563 decanus
1663 2519 1712 2563 et
1738 2515 1954 2564 canonici
1978 2518 2252 2584 statuerunt
2289 2542 2300 2552 ·
2340 2542 2351 2552 ·
2390 2542 2400 2552 ·

454 2605 514 2651 ad
539 2607 817 2667 perpetuam
841 2603 910 2651 rei
934 2603 1207 2652 memoriam
1234 2605 1358 2667 quod
1384 2604 1548 2652 decem
1572 2619 1759 2652 camere
1784 2604 2050 2668 superiores
2075 2603 2191 2652 dicti
2216 2603 2402 2666 collegii

452 2693 670 2740 locentur
705 2693 766 2740 ad
804 2708 1009 2740 annuam
1047 2693 1228 2740 firmam
1263 2697 1403 2756 prout
1439 2693 1684 2742 videbitur.
1713 2693 1939 2757 expedire
1972 2693 2034 2740 ad
2058 2693 2202 2741 vitam
2229 2708 2313 2741 seu
2337 2693 2399 2740 ad

453 2786 635 2829 certum
659 2785 847 2845 tempus
871 2797 953 2829 eas
977 2782 1238 2829 conducere
1277 2786 1326 2829 et
1365 2798 1448 2830 eas
1485 2782 1753 2846 sumptibus
1769 2782 1875 2839 ‚suis
1909 2785 1959 2829 et
1995 2781 2219 2844 expensis
2242 2797 2402 2844 repar-

455 2887 535 2918 are
561 2870 817 2919 volentium
841 2887 927 2934 pro
951 2886 1107 2919 annuo
1132 2870 1322 2918 redditu
1345 2870 1542 2934 singulis
1582 2871 1720 2919 annis
1759 2869 2075 2934 persoluendo
2111 2869 2400 2932 Quiqnidem

456 2974 639 3007 annuus
675 2960 887 3007 redditus
921 2959 1242 3023 applicabitur
1264 2963 1494 3023 perpetuo
1529 2960 1590 3006 ad
1625 2958 2022 3008 sustentationem
2058 2961 2108 3005 et
2142 2957 2402 3021 reparatio-

456 3065 564 3097 nem
588 3047 773 3111 collegii
797 3049 1000 3112 predicti
1025 3052 1073 3096 et
1099 3048 1459 3097 conseruabitur
1493 3047 1745 3110 colligetur
1768 3051 1818 3095 et
1843 3047 2121 3110 disponetur
2143 3061 2230 3109 per
2253 3061 2399 3093 unum

455 3139 787 3186 canonicorum
825 3142 875 3185 et
913 3153 1056 3185 unum
1093 3137 1445 3201 capellanorum
1469 3135 1719 3184 annuatim
1743 3134 2064 3198 eligendorum
2099 3149 2185 3197 per
2218 3134 2398 3197 episco-

454 3245 565 3292 pum
608 3228 836 3275 decanum
879 3225 1077 3275 ecclesie
1117 3225 1452 3274 Brechinensis
1491 3229 1541 3273 et
1582 3211 1854 3288 capellanos
1895 3223 2011 3271 dicti
2058 3222 2243 3286 collegii
2281 3250 2292 3261 ·
2330 3223 2396 3270 Et

454 3316 721 3365 huiusmodi
758 3306 941 3364 annuus
978 3314 1192 3363 redditus
1229 3313 1588 3391 conseruabitur
1625 3313 1711 3362 sub
1752 3313 1934 3361 duabus
1968 3311 2183 3360 clauibus
2217 3311 2268 3359 in
2302 3327 2396 3358 una
