3016 3958
1069 657 1363 714 CARTAE
1408 653 1908 713 ORIGINALES.
2394 652 2464 707 31

508 849 653 899 certis
698 849 852 897 modis
903 848 1253 898 conditionibus
1293 853 1342 897 et
1385 846 1763 897 ordinationibus
1809 843 2011 893 adiectis
2057 847 2173 891 tunc
2221 842 2460 906 expressis

510 956 625 1004 pure
663 939 946 1004 simpliciter
984 943 1034 988 et
1070 943 1267 1003 propter
1292 940 1430 987 deum
1457 937 1654 987 donauit
1678 934 1914 984 concessit
1939 938 1988 983 et
2013 933 2159 982 etiam
2184 932 2458 996 assignauit,

509 1045 693 1078 necnon
718 1030 919 1093 quedam
943 1028 1040 1077 alia
1064 1045 1150 1077 sua
1173 1029 1298 1077 bona
1322 1028 1370 1075 in
1407 1028 1644 1075 defectum
1671 1023 1961 1089 receptionis
1983 1022 2318 1088 premissorum
2344 1021 2461 1069 obli-

510 1119 641 1182 gauit
660 1123 800 1183 prout
819 1119 867 1166 in
890 1118 1218 1167 Conuentione
1244 1118 1471 1182 Episcopi
1495 1132 1679 1165 necnon
1704 1114 1890 1163 Decani
1915 1116 1964 1161 et
1989 1111 2200 1176 Capituli
2223 1111 2461 1175 predicto-

511 1226 613 1257 rum
651 1210 731 1274 qui
769 1209 1070 1258 donationem
1109 1209 1460 1258 concessionem
1498 1212 1547 1256 et
1594 1205 1964 1270 assignationem
2010 1202 2279 1251 huiusmodi
2326 1217 2459 1250 assu-

510 1303 695 1348 mentes
718 1300 779 1347 ad
804 1298 1214 1347 conseruationem
1243 1298 1401 1346 cultus
1423 1297 1598 1361 prefati
1623 1300 1671 1344 et
1696 1294 1896 1343 aliorum
1921 1309 2007 1358 per
2031 1292 2210 1340 dictum
2236 1291 2459 1339 comitem

510 1388 638 1436 circa
655 1387 885 1452 premissa
903 1388 1277 1436 desideratorum
1298 1403 1348 1435 se
1367 1403 1570 1450 suosque
1589 1400 1887 1434 successores
1902 1383 2155 1432 canonicos
2171 1386 2219 1430 et
2235 1397 2461 1446 personas

509 1477 637 1526 dicte
661 1476 861 1526 ecclesie
885 1481 1055 1540 sponte
1080 1480 1129 1524 et
1153 1475 1301 1524 libere
1326 1476 1594 1539 obligarunt
1619 1475 1772 1524 literis
1797 1475 1999 1537 desuper
2034 1472 2265 1521 confectis
2295 1488 2456 1520 eorum

510 1566 676 1631 sigillis
699 1566 895 1616 munitis
919 1583 1037 1631 quas
1061 1567 1109 1614 in
1135 1565 1437 1614 Cancellaria
1459 1569 1625 1614 nostra
1651 1564 1904 1628 diligenter
1927 1563 2097 1627 inspici
2121 1566 2171 1610 et
2195 1561 2458 1609 examinari

511 1673 802 1721 quarumque
824 1661 1017 1705 tenores
1053 1657 1111 1703 de
1147 1656 1294 1703 uerbo
1330 1656 1392 1703 ad
1430 1656 1624 1703 uerbum
1662 1654 1711 1701 in
1746 1652 2045 1717 presentibus
2082 1651 2224 1700 inseri
2260 1651 2458 1699 fecimus

509 1746 695 1811 plenius
718 1746 989 1795 continetur
1027 1774 1036 1783 ·
1075 1746 1234 1800 Quare
1258 1762 1343 1809 pro
1368 1748 1505 1808 parte
1534 1743 1763 1808 Episcopi
1788 1742 1992 1790 Comitis
2017 1741 2202 1788 Decani
2227 1745 2276 1788 et
2315 1741 2455 1803 Capi-

504 1835 594 1885 tuli
629 1835 949 1900 predictorum
984 1835 1122 1884 nobis
1155 1834 1246 1883 fuit
1283 1834 1526 1882 humiliter
1563 1833 1882 1897 supplicatum
1922 1835 1975 1879 ut
2018 1847 2105 1894 pro
2143 1831 2454 1879 subsistentia

508 1925 843 1990 premissorum
880 1925 1087 1980 firmiori,
1136 1925 1379 1973 donationi
1430 1923 1724 1973 concessioni
1759 1921 2068 1985 assignationi
2105 1920 2457 1968 conditionibus

508 2009 878 2079 obligationibus
924 2015 1190 2079 ceterisque
1225 2015 1275 2062 in
1310 2013 1507 2077 singulis
1540 2012 1695 2061 literis
1729 2011 2000 2060 huiusmodi
2039 2009 2280 2058 contentis
2315 2009 2458 2056 robur

509 2104 771 2170 apostolice
820 2104 1192 2153 confirmationis
1239 2103 1448 2166 adijeere
1487 2105 1548 2150 ad
1590 2103 1708 2151 istas
1750 2102 1808 2149 de
1855 2100 2148 2165 benignitate
2196 2098 2454 2162 apostolica

510 2188 811 2259 dignaremur
848 2223 858 2233 ·
896 2194 996 2242 Nos
1020 2194 1163 2258 igitur
1187 2196 1451 2241 annuentes
1475 2191 1605 2256 pium
1630 2191 1777 2255 ipsius
1801 2190 1991 2238 comitis
2025 2188 2310 2238 desiderium
2347 2188 2461 2235 irre-

509 2284 804 2349 fragabiliter
826 2283 1069 2332 obseruari
1104 2282 1376 2332 huiusmodi
1411 2280 1838 2346 supplicationibus
1873 2278 2090 2327 inclinati
2127 2278 2456 2326 concessiones

511 2375 855 2438 assignationes
880 2373 1177 2422 conditiones
1201 2372 1515 2436 obligationes
1546 2370 1798 2433 omniaque
1822 2368 1918 2417 alia
1942 2372 1990 2416 et
2015 2367 2199 2430 singula
2234 2367 2281 2414 in
2318 2367 2459 2414 dictis

510 2463 664 2512 literis
710 2467 942 2512 contenta
973 2466 1024 2511 et
1059 2465 1354 2526 quecumque
1396 2461 1675 2509 indesecuta
1710 2463 1817 2507 rata
1850 2458 2083 2506 habentes
2119 2461 2169 2505 et
2203 2461 2340 2520 grata
2377 2456 2459 2503 illa

512 2548 800 2601 auctoritate
824 2551 1095 2616 apostolica
1113 2568 1174 2601 ex
1199 2551 1333 2599 certa
1367 2549 1569 2599 scientia
1603 2554 1770 2597 tenore
1806 2547 2095 2611 presentium
2133 2547 2461 2595 confirmamus

512 2640 564 2690 et
587 2641 903 2706 approbamus
936 2641 1269 2704 acpresentis·
1289 2639 1456 2702 scripti
1485 2638 1762 2702 patrocinio
1802 2637 2146 2686 communimus
2185 2635 2460 2700 supplentes

512 2746 676 2779 omnes
715 2730 928 2778 defectus
962 2729 1003 2778 si
1039 2729 1127 2793 qui³
1153 2729 1313 2777 forsan
1354 2727 1698 2775 interuenerint
1737 2727 1785 2773 in
1824 2726 2004 2774 eisdem
2043 2754 2053 2764 -
2092 2726 2302 2774 Teneres
2345 2741 2459 2773 uero

514 2820 750 2868 dictarum
772 2818 1015 2867 literarum
1039 2818 1163 2867 tales
1186 2821 1296 2867 sunt
1336 2844 1346 2854 ·
1386 2815 1618 2865 &mnibus
1642 2816 1763 2863 hanc
1788 2819 1971 2863 cartam
2007 2815 2177 2864 visuris
2216 2814 2290 2862 vel
2325 2815 2459 2863 audi-

514 2914 635 2962 turis
650 2900 907 2961 .Walterus
932 2911 1181 2960 Palatinus
1205 2911 1263 2959 de
1289 2910 1542 2959 Strathern
1584 2938 1593 2947 ·
1634 2938 1643 2947 ·
1684 2937 1692 2947 ·
1718 2892 1850 2970 [No.
1879 2909 1986 2974 33·.]

585 3002 714 3065 [The
739 3002 889 3066 Papal
915 3001 1226 3050 Ratification
1252 3001 1293 3049 is
1319 2999 1614 3064 mutilated.]
