3016 3958
552 637 624 689 36
1141 633 1431 689 CARTAE
1476 633 1971 689 ORIGINALES.

554 825 731 873 dictam
755 823 1066 888 capellaniam
1091 800 1250 872 debite
1274 828 1517 888 presentet
1541 829 1590 872 et
1615 824 1663 872 in
1687 824 1886 872 eandem
1923 823 2149 871 canonice
2185 823 2404 872 instituat
2440 827 2489 871 et

556 914 751 962 inducat
789 942 799 952 ·
837 913 1063 962 Preterea
1095 913 1200 962 volo
1225 917 1274 962 et
1299 914 1464 962 ordino
1503 917 1552 961 et
1591 913 1790 976 dispono
1828 912 1953 976 quod
1994 910 2151 960 nullus
2187 917 2490 976 preterquam

556 1003 779 1052 sacerdos
803 1002 883 1067 qui
908 1017 1069 1050 curam
1093 1002 1356 1050 animarum
1379 1018 1472 1050 non
1497 1002 1672 1050 habeat
1696 1017 1784 1049 nec
1807 1001 2058 1066 presbyter
2091 999 2376 1064 parochialis
2411 1017 2495 1048 ex-

558 1092 675 1140 istat
699 1092 760 1139 ad
785 1091 962 1140 dictam
986 1090 1298 1155 capellaniam
1321 1090 1592 1154 aliqualiter
1616 1095 1916 1155 presentetur
1952 1119 1963 1129 ·
2002 1091 2067 1138 Et
2102 1090 2142 1139 si
2176 1090 2386 1154 prouisio
2423 1090 2496 1138 vel

560 1181 801 1230 institutio
837 1181 1104 1229 huiusmodi
1141 1181 1271 1229 facta
1303 1180 1460 1236 fuerit,
1486 1196 1635 1237 cassa,
1660 1179 1803 1236 nulla,
1829 1179 1984 1228 inanis
2018 1183 2068 1228 et
2092 1195 2241 1228 vacua
2274 1179 2358 1227 fiat
2393 1179 2496 1243 ipso

562 1270 663 1318 iure
703 1298 713 1308 ·
750 1269 875 1318 Volo
899 1269 1044 1318 etiam
1070 1270 1194 1333 quod
1220 1269 1376 1318 dictus
1403 1269 1675 1334 capellanus
1709 1270 1770 1317 ad
1807 1269 2082 1318 'continuam
2118 1274 2166 1318 et
2204 1268 2498 1333 personalem

563 1348 868 1411 residentiam
904 1359 954 1407 in
988 1358 1252 1423 capellania
1286 1359 1502 1423 predicta
1534 1363 1760 1407 teneatur
1797 1387 1806 1397 -
1846 1359 1912 1407 Et
1948 1358 1990 1408 si
2027 1358 2199 1422 aliquis
2233 1358 2499 1406 huiusmodi

564 1449 838 1515 capellanus
874 1448 943 1497 sic
979 1447 1228 1496 institutus
1276 1447 1337 1495 ad
1385 1447 1662 1495 beneficium
1698 1452 1912 1496 curatum
1960 1452 2295 1512 promoueatur
2340 1449 2501 1511 eoipso

566 1539 831 1604 capellania
869 1538 1087 1602 predicta
1132 1537 1323 1601 penitus
1369 1537 1432 1585 sit
1472 1537 1687 1600 priuatus
1725 1565 1736 1575 ·
1773 1537 1840 1585 Et
1879 1538 2005 1600 quod
2040 1537 2196 1585 dictus
2231 1535 2502 1600 capellanus

567 1629 743 1678 cotidie
767 1643 872 1676 cnm
898 1626 1156 1690 dispositus
1179 1626 1322 1673 fuerit
1346 1625 1394 1672 in
1420 1626 1550 1673 dicta
1584 1625 1768 1689 capella
1802 1629 1966 1674 sancte
1997 1625 2150 1674 crucis
2185 1625 2347 1673 diuina
2381 1624 2502 1672 cele-

566 1720 686 1774 bret,
712 1733 807 1766 uno
831 1717 907 1765 die
932 1717 980 1764 in
1005 1707 1268 1764 ebdomada
1291 1715 1473 1779 precise
1497 1718 1715 1778 excepto,
1741 1730 1833 1778 quo
1858 1714 1934 1762 die
1959 1714 2007 1761 in
2031 1713 2215 1778 capella
2234 1715 2399 1763 Sancti
2415 1714 2449 1760 J
2454 1730 2503 1762 o-

566 1807 736 1856 hannis
758 1806 967 1870 baptiste
990 1821 1137 1869 prope
1164 1804 1411 1853 Montrose
1434 1820 1521 1868 pro
1544 1804 1792 1852 animabus
1813 1804 2117 1852 fundatorum
2156 1804 2283 1852 dicte
2321 1803 2502 1867 capelle

571 1897 732 1945 diuina
755 1894 1027 1948 celebrabit,
1059 1909 1117 1941 ac
1153 1893 1352 1957 placebo
1389 1897 1438 1940 et
1477 1893 1624 1956 dirige
1662 1908 1767 1940 cum
1806 1892 2214 1941 commendatione
2241 1894 2503 1941 animarum

571 1985 787 2049 exceptis
810 1984 976 2032 diebus
998 1982 1309 2046 priuilegiatis
1332 1997 1418 2045 pro
1441 1981 1688 2030 animabus
1711 1981 1918 2030 omnium
1943 1982 2271 2030 defunctorum
2295 1982 2502 2030 fidelium

572 2074 747 2123 cotidie
772 2074 900 2122 dicat
935 2087 1119 2120 necnon
1142 2087 1309 2134 magne
1333 2070 1474 2119 misse
1498 2071 1706 2134 vesperis
1741 2075 1790 2119 et
1824 2070 2072 2119 matutinis
2107 2071 2154 2117 in
2191 2071 2360 2119 habitu
2396 2087 2506 2120 con-

571 2179 686 2228 gruo
724 2167 773 2211 et
810 2161 998 2210 decenti
1035 2161 1084 2208 in
1123 2159 1325 2208 ecclesia
1346 2159 1606 2224 parochiali
1633 2161 1690 2208 de
1717 2160 1964 2208 Montrose
1988 2159 2154 2208 diebus
2176 2159 2362 2209 festinis
2385 2160 2507 2208 cele-

571 2253 764 2301 brandis
799 2255 848 2299 et
882 2250 1131 2300 cantandis
1165 2248 1479 2313 personaliter
1514 2249 1840 2298 interessendo
1877 2277 1887 2287 ·
1925 2249 1991 2297 Et
2026 2265 2113 2312 ego
2149 2265 2258 2298 vero
2295 2251 2507 2313 prefatus

575 2342 781 2390 Thomas
804 2345 935 2389 totas
950 2339 1191 2403 predictas
1225 2342 1379 2387 terras
1403 2342 1452 2385 et
1472 2354 1653 2386 annuos
1690 2338 1905 2386 redditus
1940 2342 2220 2401 prenotatos
2258 2367 2267 2376 ·
2307 2367 2317 2377 ·
2356 2367 2366 2377 ·
2402 2356 2508 2403 pre-

575 2431 703 2479 dicto
740 2428 985 2493 capellano
1023 2432 1072 2475 et
1109 2427 1207 2476 suis
1243 2427 1591 2476 successoribus
1629 2455 1638 2465 ·
1678 2455 1687 2465 -
1727 2455 1737 2465 ·
1775 2427 2095 2476 warantizabo
2133 2455 2143 2465 ·
2183 2456 2193 2465 ·
2232 2456 2242 2466 ·
2280 2429 2340 2476 In
2375 2430 2509 2479 cuius

574 2520 642 2568 rei
665 2517 989 2568 testimonium
1012 2515 1214 2580 sigillum
1239 2531 1393 2563 meum
1418 2516 1628 2579 presenti
1651 2521 1782 2564 carte
1807 2521 1880 2564 est
1916 2532 2173 2580 appensum
2205 2519 2331 2581 apud
2370 2519 2510 2567 Mon-

572 2613 701 2658 trose
739 2607 960 2656 vicesimo
996 2606 1071 2653 die
1107 2605 1282 2654 mensis
1318 2605 1353 2651 J
1358 2605 1455 2653 unii
1503 2621 1629 2654 anno
1678 2605 1874 2654 Domini
1909 2605 2160 2654 millesimo
2198 2607 2509 2671 quadringen-

574 2697 745 2746 tesimo
767 2695 1008 2744 tricesimo
1030 2694 1182 2758 primo
1207 2694 1274 2742 Et
1297 2695 1358 2742 ad
1382 2694 1607 2743 maiorem
1632 2695 1700 2742 rei
1725 2695 2015 2743 euidentiam
2036 2695 2239 2758 sigillum
2263 2711 2509 2746 commune

544 2783 546 2785 ’
579 2786 713 2849 burgi
738 2786 797 2833 de
823 2784 1071 2832 Montrose
1095 2783 1298 2847 predicti
1333 2784 1631 2847 presentibus
1654 2799 1760 2832 cum
1789 2783 2018 2833 instantia
2053 2784 2226 2848 apponi
2261 2787 2511 2848 procuraui

576 2891 731 2923 coram
756 2873 849 2922 hiis
869 2872 1074 2921 testibus
1099 2872 1309 2920 Patricio
1344 2871 1548 2936 Berclay
1570 2877 1686 2920 tunc
1708 2873 1937 2936 temporis
1973 2872 2202 2937 prepositi
2237 2872 2371 2937 burgi
2405 2891 2509 2938 pre-

576 2963 692 3011 dicti
719 2961 962 3009 Willelmo
987 2945 1141 3009 Colini
1179 2965 1228 3008 et
1265 2961 1299 3008 J
1302 2961 1487 3009 ohanne
1526 2961 1719 3009 Nuddre
1742 2961 1932 3010 balliuis
1967 2962 2001 3008 J
2005 2961 2190 3010 ohanne
2228 2962 2507 3011 Fauconare

578 3051 738 3099 Dauid
764 3050 960 3097 Paniter
980 3049 1014 3096 J
1018 3049 1202 3097 ohanne
1228 3050 1285 3097 de
1311 3049 1540 3098 Stratoun
1576 3049 1738 3098 Dauid
1771 3050 1949 3113 Rukby
1989 3049 2208 3098 Waltero
2245 3050 2389 3098 Alani
2422 3053 2456 3099 J
2460 3069 2510 3100 o-

576 3142 730 3188 hanne
755 3138 985 3202 Stephani
1011 3137 1256 3186 Willelmo
1281 3138 1423 3186 Seras
1447 3137 1723 3186 Alexandro
1747 3137 1915 3186 Feriar
1951 3142 2000 3186 et
2040 3137 2199 3186 Dauid
2225 3139 2282 3186 de
2309 3139 2508 3189 Camera

576 3227 884 3291 burgensibus
922 3226 1038 3274 dicti
1073 3226 1208 3290 burgi
1242 3242 1299 3274 ac
1334 3226 1537 3275 dominis
1576 3227 1776 3274 Andrea
1811 3227 1871 3274 de
1908 3225 2102 3289 Kynnel
2124 3231 2239 3274 tunc
2263 3228 2510 3291 capellano

577 3316 835 3383 parochiali
861 3315 976 3364 dicti
999 3315 1133 3379 burgi
1159 3316 1345 3379 Rogero
1382 3314 1652 3364 Marschale
1689 3319 1739 3363 et
1777 3314 2023 3363 Willelmo
2060 3315 2187 3378 Brog
2219 3317 2509 3380 presbyteris
