3016 3958
558 623 670 679 326
1027 623 1344 679 OARTAE
1386 622 2003 679 MISCELLANEAE

559 816 675 844 mam
716 802 957 858 quindecim
1009 802 1242 845 solidorum
1293 805 1464 844 monete
1512 801 1678 844 vsualis
1728 802 1852 858 regni
1896 801 2039 844 Scotie
2092 803 2380 859 computando
2429 818 2505 846 sex

562 882 763 924 denarios
803 897 881 938 pro
922 882 1116 938 qualibet
1155 896 1257 924 acra
1299 882 1512 924 dictarum
1545 881 1737 937 triginta
1778 894 1979 923 acrarum
2018 880 2065 923 in
2106 883 2507 939 augmentationem
2567 935 2571 939 Ι

562 962 743 1004 rentalis
774 963 858 1004 mei
895 976 1098 1013 annuam,
1132 976 1299 1005 necnon
1334 976 1413 1017 pro
1450 961 1578 1004 dictis
1619 962 1749 1004 terris
1785 961 1837 1003 de
1873 961 2205 1005 Auchnacarret
2244 964 2508 1020 pauperibus

563 1041 694 1098 vulgo
709 1041 915 1083 Beidmen
929 1041 1189 1096 nuncupatis
1202 1041 1247 1082 in
1262 1041 1458 1097 predicta
1470 1040 1596 1083 domo
1611 1039 1694 1082 Dei
1709 1040 1820 1083 alias
1835 1040 2095 1083 Masondieu
2107 1042 2406 1085 habitantibus
2419 1047 2507 1085 trc-

564 1120 701 1162 decim
722 1120 862 1163 bollas
883 1120 1021 1162 farine
1042 1120 1283 1170 auenatice,
1305 1124 1350 1162 et
1361 1134 1440 1176 pro
1463 1120 1594 1162 terris
1617 1119 1706 1177 [de]
1729 1119 1864 1177 Lytill
1882 1120 2141 1163 Masondieu
2162 1121 2289 1164 dictis
2310 1122 2510 1178 pauperi-

564 1202 644 1242 bus
665 1183 888 1242 duodecim
910 1199 1044 1241 libras
1065 1199 1230 1242 vsualis
1251 1204 1420 1242 monete
1443 1200 1567 1256 regni
1591 1199 1750 1250 Scotie‚
1774 1201 2059 1243 verumetiam
2088 1200 2216 1243 dictis
2246 1203 2511 1257 pauperibus

565 1293 643 1335 pro
658 1279 789 1321 terris
809 1279 861 1320 de
877 1278 974 1321 Hill
994 1279 1047 1320 de
1069 1277 1326 1321 Masondieu
1342 1279 1453 1322 alias
1471 1279 1687 1322 Bellishill
1704 1280 1965 1335 nuncupatis
1982 1286 2170 1335 quatuor
2184 1280 2320 1323 libras
2335 1286 2508 1324 monete

565 1358 768 1413 predicte,
805 1362 1013 1414 tanquam
1049 1359 1272 1414 antiquam
1307 1359 1476 1401 firmam
1518 1373 1595 1414 pro
1631 1348 1793 1400 eisdem
1829 1360 1941 1402 acris
1983 1363 2028 1402 et
2066 1360 2196 1402 terris
2236 1362 2358 1416 prius
2399 1361 2511 1404 solui

566 1438 738 1480 solitam
760 1441 805 1480 et
824 1442 1090 1489 consuetam,
1112 1438 1410 1480 Extendentes
1430 1438 1473 1479 in
1496 1441 1589 1480 toto
1606 1438 1662 1479 ad
1679 1452 1890 1480 summam
1911 1439 2092 1495 triginta
2115 1444 2281 1495 septem
2302 1440 2509 1483 librarum

566 1517 807 1572 quindecim
830 1516 1061 1559 solidorum
1084 1520 1255 1560 monete
1275 1517 1439 1559 vsualis
1461 1518 1584 1573 regni
1608 1517 1750 1560 Scotie
1773 1517 1827 1559 ad
1848 1517 1956 1559 duos
1977 1518 2080 1560 anni
2101 1519 2313 1561 terminos
2329 1519 2505 1562 vsuales

569 1629 578 1638 .
612 1628 621 1637 .
658 1628 666 1637 .
699 1596 879 1638 Necnon
904 1596 1111 1639 soluendo
1132 1596 1270 1639 dictas
1291 1596 1498 1639 tredecim
1517 1596 1657 1638 bollas
1689 1596 1827 1638 farine
1849 1597 2074 1640 auenatice
2107 1598 2289 1654 prefatis
2309 1600 2509 1655 pauperi-

568 1677 649 1717 bus
670 1675 714 1716 in
735 1676 934 1718 terminis
956 1675 1164 1717 victualia
1184 1675 1352 1718 soluere
1370 1675 1511 1718 solitis
1532 1678 1577 1717 et
1592 1676 1811 1718 consuetis
1828 1676 2026 1719 Acetiam
2040 1677 2299 1733 duplicando
2315 1678 2511 1734 prefatas

567 1768 758 1796 summas
797 1754 1070 1810 pecuniarias
1107 1784 1118 1795 .
1156 1786 1165 1796 .
1204 1785 1214 1797 .
1251 1755 1296 1796 in
1336 1755 1519 1797 introitu
1568 1754 1800 1797 cuiuslibet
1840 1755 2012 1797 heredis
2051 1787 2060 1797 .
2098 1788 2107 1798 .
2146 1789 2155 1798 .
2193 1760 2363 1799 tantum
2404 1787 2413 1799 .
2450 1788 2460 1800 .
2499 1790 2508 1800 .

569 1834 753 1889 Insuper
788 1832 959 1875 dilectis
994 1833 1103 1875 meis
1134 1832 1277 1875 Dauid
1314 1833 1495 1889 Seggett
1529 1837 1574 1875 et
1608 1837 1801 1876 vestrum
1837 1834 2015 1877 cuilibet
2053 1867 2062 1876 .
2096 1867 2106 1877 .
2147 1865 2157 1876 .
2191 1836 2367 1879 balliuis
2403 1838 2510 1880 meis

615 1945 625 1955 .
658 1944 666 1955 .
700 1912 848 1955 stricte
869 1912 1057 1968 precipio
1089 1945 1099 1954 .
1133 1946 1142 1954 .
1177 1942 1188 1954 .
1219 1915 1433 1968 quatenus
1465 1945 1475 1955 .
1507 1945 1516 1954 .
1549 1913 1846 1960 ⁸isasinamxet
1866 1915 2186 1969 possessionem
2218 1947 2227 1957 .
2262 1947 2271 1957 .
2305 1945 2315 1955 .
2346 1916 2509 1958 realem

568 2025 577 2034 .
611 2025 620 2034 .
654 2023 662 2032 .
695 1992 1034 2047 prescriptamm
1066 2025 1075 2034 .
1107 2024 1116 2034 .
1153 2023 1162 2033 .
1192 2006 1391 2034 acrarum
1426 2025 1435 2034 .
1469 2025 1479 2034 .
1515 2025 1524 2034 .
1555 2007 1724 2035 necnon
1764 1997 1979 2035 terrarum
2011 2026 2020 2035 .
2054 2025 2062 2036 .
2098 2023 2109 2035 .
2139 1993 2254 2037 dicto
2293 1995 2510 2051 Magistro

567 2070 710 2113 Dauid
742 2104 752 2112 .
786 2102 796 2111 .
830 2102 840 2112 .
873 2085 948 2113 seu
982 2102 992 2111 .
1025 2104 1034 2113 .
1067 2101 1078 2112 .
1109 2072 1375 2127 presentium
1401 2072 1530 2115 latori
1563 2102 1574 2113 .
1609 2105 1617 2113 .
1649 2105 1659 2114 .
1691 2073 1877 2115 tradatis
1911 2105 1920 2115 .
1959 2106 1968 2115 .
2006 2105 2016 2115 .
2054 2074 2107 2115 In
2132 2074 2254 2116 cuius
2285 2076 2350 2116 rei
2385 2076 2510 2118 testi-

570 2153 760 2194 monium
794 2152 893 2194 huic
933 2152 1126 2207 presenti
1157 2155 1275 2194 carte
1305 2165 1399 2194 mee
1440 2166 1569 2193 manu
1601 2166 1699 2194 mea
1727 2153 2012 2208 manibusque
2043 2153 2203 2208 prefati
2237 2155 2510 2210 prepotentis

566 2231 727 2273 domini
755 2231 929 2286 patroni
958 2230 1139 2286 predicti
1181 2234 1225 2272 et
1258 2245 1432 2272 suorum
1464 2235 1712 2272 curatorum
1744 2246 1795 2273 ac
1826 2232 2148 2287 capellanorum
2179 2233 2359 2288 capituli
2391 2233 2504 2276 dict-e

571 2311 724 2352 domus
751 2308 834 2350 Dei
865 2310 1106 2365 subscripte
1137 2309 1329 2366 sigillum
1349 2324 1492 2351 meum
1523 2312 1745 2365 proprium
1776 2325 1960 2352 vnacum
1983 2311 2126 2366 sigillo
2159 2313 2375 2354 communi
2407 2313 2510 2355 dicti

571 2390 748 2446 capituli
774 2394 819 2433 et
849 2390 991 2446 sigillo
1022 2389 1126 2433 dicti
1155 2391 1329 2446 patroni
1349 2394 1418 2432 est
1447 2404 1686 2446 appensum
1707 2391 1823 2446 apud
1852 2391 2039 2433 Brechin
2060 2391 2190 2434 tertio
2222 2392 2291 2434 die
2313 2393 2507 2449 Augusti

571 2469 732 2511 mensis
762 2483 875 2511 anno
897 2468 1072 2512 Domini
1100 2469 1329 2512 millesimo
1360 2469 1708 2526 quingentesimo
1736 2471 2030 2526 octuagesimo
2053 2472 2240 2514 secundo
2262 2487 2407 2514 coram
2427 2474 2512 2515 hiis

571 2549 756 2591 testibus
787 2549 951 2591 Jacobo
981 2549 1172 2604 Ramsay
1202 2549 1292 2590 filio
1319 2553 1364 2592 et
1388 2549 1545 2591 herede
1575 2553 1812 2605 apparente
1844 2550 1996 2592 Jacobi
2027 2550 2218 2606 Ramsay
2251 2552 2303 2593 de
2335 2553 2512 2609 Arbeky

573 2628 794 2670 Willelmo
845 2628 1054 2684 Weymes
1094 2627 1337 2671 Lancilloto
1389 2628 1619 2670 Ookburne
1661 2628 1830 2671 Joanne
1874 2629 2041 2672 Tullois
2083 2630 2368 2674 seruitoribus
2407 2632 2512 2675 dicti

574 2707 778 2762 Magistri
809 2705 953 2749 Dauid
984 2711 1029 2749 et
1058 2707 1308 2749 Alexandro
1339 2707 1521 2750 Balfour
1542 2707 1586 2749 in
1609 2707 1837 2764 Panbryde
1859 2723 1955 2750 cum
1977 2708 2162 2752 diuersis
2183 2709 2281 2752 aliis
2313 2742 2322 2752 .
2355 2710 2514 2766 Quam-

574 2787 745 2842 quidem
786 2790 951 2828 cartam
983 2818 992 2828 .
1028 2817 1037 2828 .
1070 2816 1082 2827 .
1111 2801 1190 2842 pro
1239 2790 1448 2842 perpetuo
1489 2787 1794 2830 confirmamus
1838 2787 1982 2830 Saluis
2014 2820 2023 2829 .
2056 2818 2065 2828 .
2101 2820 2110 2829 .
2141 2789 2266 2831 nobis
2296 2821 2306 2831 .
2340 2820 2351 2831 .
2383 2822 2392 2831 .
2425 2791 2515 2832 suf-

576 2865 728 2919 fragiis
757 2865 1010 2907 deuotarum
1043 2866 1289 2907 orationum
1324 2870 1368 2908 et
1403 2866 1603 2921 precibus
1635 2897 1644 2907 .
1677 2898 1687 2908 .
1720 2898 1729 2908 .
1762 2866 1919 2909 debitis
1953 2871 1998 2909 et
2034 2868 2253 2909 consuetis
2284 2899 2294 2909 .
2326 2868 2512 2924 Insuper

574 2945 774 2987 volumus
808 2975 816 2986 .
850 2976 859 2985 .
895 2976 903 2985 .
933 2944 1048 2999 quod
1078 2945 1156 2986 bec
1189 2975 1200 2986 .
1231 2976 1242 2987 .
1277 2977 1286 2986 .
1317 2945 1586 2987 confirmatio
1617 2945 1730 2987 tanti
1760 2946 1844 2988 erit
1875 2945 2037 2987 valoris
2067 2977 2077 2988 .
2110 2977 2120 2988 .
2156 2975 2167 2986 .
2195 2960 2247 2988 ac
2284 2946 2321 2987 si
2361 2948 2510 2989 eadem

577 3025 656 3065 sibi
680 3024 758 3064 sub
778 3026 927 3065 nostro
948 3037 1104 3078 magno
1127 3023 1270 3080 sigillo
1290 3024 1335 3065 in
1357 3024 1510 3066 maiori
1530 3024 1670 3065 forma
1694 3055 1703 3066 .
1735 3054 1746 3064 .
1778 3055 1787 3065 .
1811 3024 1916 3066 data
1950 3056 1958 3064 .
1993 3055 2001 3065 .
2034 3056 2044 3065 .
2076 3024 2296 3067 extitisset
2328 3056 2338 3066 .
2369 3057 2379 3068 .
2414 3059 2422 3067 .
2457 3027 2510 3067 In

579 3103 699 3143 cuius
748 3102 811 3142 rei
849 3102 1144 3144 testimonium
1185 3102 1284 3144 huic
1333 3103 1526 3158 presenti
1566 3106 1685 3144 carte
1726 3106 1875 3145 nostre
1925 3103 2266 3146 confirmationis
2304 3118 2511 3161 magnum

579 3181 770 3237 sigillum
791 3185 986 3223 nostrum
1007 3183 1163 3237 apponi
1184 3183 1454 3238 precepimus
1476 3182 1679 3225 Testibus
1699 3182 1933 3238 predilecto
1955 3186 2106 3225 nostro
2126 3185 2447 3240 consanguineo
2468 3191 2512 3229 et

581 3261 825 3303 consiliario
859 3260 1009 3302 Colino
1045 3261 1236 3317 Argadie
1269 3262 1425 3304 comite
1456 3261 1629 3303 domino
1655 3260 1879 3317 Campbell
1909 3265 1954 3303 et
1978 3260 2120 3303 Lorne
2150 3267 2229 3305 etc.
2256 3265 2512 3308 cancellario

583 3354 633 3381 ac
668 3339 912 3394 justiciario
954 3343 1102 3381 nostro
1137 3339 1344 3395 generali,
1387 3339 1765 3382 Reuerendissimo
1805 3353 1855 3381 ac
1896 3340 2212 3384 venerabilibus
2251 3343 2297 3383 in
2339 3344 2513 3388 Christo
