3016 3958
1153 661 1446 718 CARTAE
1492 663 1993 722 ORIGINALES.
2447 674 2554 727 193

601 847 809 896 eiusdem
837 850 963 897 inter
986 854 1140 901 terras
1176 853 1278 902 siue
1314 858 1640 904 tenementum
1667 843 1902 920 quondam
1929 857 2142 920 magistri
2168 858 2399 906 Willelmi
2425 861 2546 908 Mel-

600 938 734 985 drum
759 938 923 987 vicarii
953 941 1290 992 Brechinensis
1325 945 1386 992 ad
1423 945 1616 993 boream
1652 949 1809 994 terras
1833 945 1934 994 siue
1959 949 2283 995 tenementum
2310 950 2542 1011 quondam

598 1028 812 1091 magistri
838 1029 1036 1078 Patricii
1063 1031 1280 1096 Carnegy
1305 1034 1366 1081 ad
1391 1038 1607 1083 austrum
1633 1050 1929 1098 communem
1962 1035 2084 1083 viam
2122 1035 2297 1099 regiam
2325 1037 2546 1084 Brechin-

598 1134 757 1167 ensem
786 1120 845 1167 ad
872 1120 1029 1169 oriens
1047 1125 1097 1169 et
1114 1125 1375 1171 torrentem
1401 1123 1602 1172 ecclesie
1628 1124 1966 1172 Brechinensis
1989 1125 2049 1172 ad
2066 1124 2286 1173 occidens
2305 1127 2427 1173 etde
2453 1143 2546 1173 una

595 1208 727 1271 petia
742 1213 869 1257 terre
884 1210 1078 1259 arabilis
1097 1227 1203 1259 cum
1223 1213 1528 1276 pertinentiis
1545 1214 1740 1275 jacente
1765 1230 1826 1261 ex
1851 1217 1987 1277 parte
2012 1213 2210 1262 australi
2236 1214 2362 1262 dicte
2386 1219 2544 1263 nostre

596 1299 821 1348 Ciuitatis
846 1300 973 1347 inter
995 1304 1149 1350 terras
1168 1303 1404 1365 quondam
1430 1303 1645 1365 magistri
1667 1302 1864 1350 Patricii
1891 1302 2108 1366 Carnegy
2131 1303 2190 1350 ad
2217 1303 2371 1352 oriens
2394 1308 2546 1353 terras

596 1388 947 1451 capellanorum
979 1390 1110 1438 chori
1147 1391 1486 1440 Brechinensis
1521 1392 1582 1438 ad
1614 1392 1837 1440 occidens
1871 1395 2025 1440 terras
2059 1392 2284 1440 heredum
2310 1395 2544 1456 quondam

594 1476 863 1525 Alexandri
901 1479 1115 1543 Ramsay
1150 1481 1211 1527 ad
1247 1481 1440 1528 boream
1477 1485 1527 1528 et
1575 1496 1823 1529 commune
1859 1480 1909 1543 ly
1945 1481 2191 1544 kyrkdene
2227 1483 2286 1530 ad
2335 1487 2543 1531 austrum

595 1567 726 1615 dicto
751 1571 1028 1616 tenemento
1054 1585 1115 1617 ex
1145 1569 1343 1633 antiquo
1368 1570 1635 1632 adjacente.
1663 1569 1951 1634 Quiquidem
1978 1586 2161 1620 annuus
2186 1572 2398 1621 redditus
2435 1600 2446 1610 ·
2485 1601 2495 1611 ·
2534 1602 2543 1612 ·

593 1656 685 1704 fuit
722 1657 901 1705 domini
929 1657 1163 1706 Willelmi
1202 1659 1402 1722 Murray
1435 1658 1671 1723 capellani
1708 1663 1757 1708 et
1793 1661 1995 1708 eundem
2033 1687 2044 1699 ·
2084 1689 2094 1699 ·
2134 1689 2144 1699 -
2181 1661 2302 1710 idem
2331 1662 2544 1712 dominus

597 1745 871 1796 Willelmus
909 1775 919 1786 ·
959 1775 969 1785 ·
1009 1776 1019 1786 ·
1056 1764 1143 1812 pro
1179 1752 1312 1796 certa
1348 1765 1532 1797 summa
1567 1749 1767 1813 pecunie
1802 1749 1891 1798 sibi
1927 1765 2014 1813 per
2048 1750 2362 1798 venerabilem
2396 1751 2543 1799 virum

594 1836 871 1900 magistrum
893 1837 1154 1885 Henricum
1176 1838 1326 1893 Quhit
1347 1839 1577 1886 decanum
1600 1838 1969 1892 Brechinensem
1991 1838 2234 1902 persoluta
2258 1840 2305 1887 in
2331 1841 2544 1889 manibus

594 1926 775 1975 nostris
800 1926 1087 1991 simpliciter
1111 1928 1372 1991 resignauit
1400 1956 1411 1966 ·
1439 1929 1717 1976 Tenendum
1746 1956 1756 1966 ·
1784 1956 1795 1967 ·
1825 1956 1834 1966 ·
1862 1929 1919 1976 de
1948 1957 1957 1966 ·
1986 1957 1996 1966 ·
2025 1957 2035 1966 ·
2061 1929 2294 1992 episcopis
2319 1930 2546 1978 Brechin—

597 2016 789 2065 ensibus
824 2017 873 2064 in
908 2017 1049 2065 feodo
1085 2021 1134 2065 et
1184 2017 1455 2065 hereditate
1492 2018 1841 2081 imperpetuum
1880 2045 1890 2055 -
1930 2046 1940 2055 -
1979 2045 1990 2056 ·
2028 2018 2294 2065 Reddendo
2327 2018 2543 2068 faciendo

597 2110 646 2154 et
671 2105 955 2155 celebrando
980 2106 1224 2155 annuatim
1252 2107 1454 2170 sepefati
1479 2107 1644 2155 vicarii
1669 2106 1905 2170 capellani
1931 2110 1979 2154 et
2005 2106 2212 2155 choriste
2251 2134 2263 2146 ·
2302 2135 2312 2145 ·
2352 2136 2361 2146 ·
2399 2113 2447 2156 et
2472 2109 2543 2157 sui

597 2211 893 2245 successores
927 2212 1013 2260 pro
1048 2195 1202 2244 salute
1238 2197 1395 2244 anime
1433 2196 1550 2244 dicti
1586 2196 1801 2258 magistri
1839 2196 2038 2243 Henrici
2078 2201 2126 2244 et
2165 2197 2410 2245 animabus
2445 2214 2543 2246 om-

598 2286 727 2334 nium
752 2286 960 2334 fidelium
987 2287 1315 2335 defunctorum
1341 2303 1486 2334 unum
1513 2285 1887 2334 anniuersarium
1912 2285 2158 2333 annuatim
2188 2285 2408 2334 videlicet
2443 2286 2542 2350 pla-

600 2376 717 2424 cebo
741 2392 847 2424 cum
873 2375 1022 2439 dirige
1047 2379 1096 2424 et
1121 2375 1314 2424 missam
1340 2376 1398 2423 de
1424 2375 1636 2438 requiem
1657 2391 1765 2422 cum
1791 2379 1907 2422 nota
1931 2374 2115 2423 solenni
2140 2375 2187 2422 in
2214 2375 2289 2422 die
2310 2376 2542 2424 dominico

599 2469 708 2528 post
746 2466 919 2514 festum
948 2463 1180 2527 [omnium
1206 2467 1507 2530 sanc]torum
1532 2464 1749 2528 proxime
1774 2468 1975 2512 vacante
2014 2465 2139 2528 apud
2177 2463 2327 2512 altare
2368 2466 2541 2513 Sancte

602 2555 870 2602 Katherine
894 2554 1018 2601 infra
1053 2553 1302 2602 ecclesiam
1329 2553 1652 2602 cathedralem
1681 2553 2047 2602 Brechinensem
2087 2581 2097 2591 ·
2136 2554 2329 2602 Necnon
2354 2554 2538 2603 soluent

600 2644 844 2692 annuatim
871 2645 991 2692 duos
1015 2643 1192 2692 solidos
1215 2647 1408 2690 monete
1432 2643 1646 2707 predicte
1672 2659 1757 2706 pro
1781 2642 1977 2706 pulsura
2001 2658 2271 2704 magnarum
2298 2646 2347 2690 et
2370 2658 2540 2706 parua·

601 2750 703 2782 rum
730 2749 1064 2798 campanarum
1090 2737 1139 2781 et
1168 2731 1437 2798 [prestent]
1467 2748 1606 2780 cerea
1629 2731 1882 2780 luminaria
1918 2735 1971 2778 ut
2007 2732 2144 2778 decet
2179 2734 2390 2794 tempore
2420 2731 2541 2779 cele-

598 2824 831 2872 brationis
856 2822 1164 2887 exequiarum
1203 2821 1320 2870 dicti
1355 2821 1667 2870 anniuersarii
1706 2849 1716 2859 ·
1754 2821 1872 2869 Cum
1909 2820 2206 2868 restrictione
2230 2820 2350 2883 siqui
2385 2821 2540 2884 capel-

599 2913 697 2961 lani
722 2913 817 2962 sint
842 2913 1067 2960 absentes
1101 2928 1130 2959 a
1166 2911 1315 2974 dirige
1345 2910 1422 2958 uel
1459 2910 1603 2959 missa
1627 2911 1751 2973 quod
1787 2926 1872 2973 pro
1897 2909 1979 2957 illa
2013 2909 2114 2957 vice
2149 2908 2266 2955 nihil
2299 2909 2537 2957 habebunt

599 3002 816 3067 quamuis
851 3002 1081 3050 interesse
1115 3000 1292 3049 vellent
1327 3017 1412 3064 per
1446 3000 1756 3048 substitutum
1791 3001 1875 3048 sed
1910 3003 2153 3063 presentes
2187 2999 2535 3062 participabunt

597 3109 829 3142 summam
877 3092 1003 3140 inter
1045 3107 1209 3140 omnes
1249 3090 1570 3138 communiter
1605 3117 1616 3129 ·
1654 3088 1868 3137 Ulterius
1908 3087 2120 3135 volumus
2167 3088 2291 3150 quod
2338 3087 2535 3150 predicti

598 3183 762 3230 vicarii
787 3181 1021 3246 capellani
1058 3185 1107 3228 et
1144 3180 1351 3228 choriste
1377 3180 1632 3227 obseruant
1664 3178 1843 3224 dictum
1868 3175 2238 3224 anniuersarium
2263 3179 2311 3223 et
2336 3175 2537 3238 compel-

596 3271 762 3320 lantur
784 3287 871 3334 per
893 3285 980 3318 nos
1005 3270 1235 3317 decanum
1262 3272 1311 3316 et
1338 3266 1599 3331 capitulum
1621 3265 1940 3313 Brechinense
1959 3279 2044 3327 pro
2067 3267 2279 3326 tempore
2303 3263 2540 3310 existente

592 3361 679 3410 sub
721 3376 845 3425 pena
886 3359 1154 3408 amissionis
1196 3361 1245 3406 et
1284 3356 1570 3421 perditionis
1606 3352 1722 3401 dicti
1758 3352 1899 3400 annui
1937 3352 2149 3400 redditus
2182 3352 2241 3399 ad
2278 3350 2541 3399 voluntates

1546 3441 1628 3491 26
