3016 3958
1118 633 1414 689 OARTAE
1457 633 1961 691 ORIGINALES.
2441 637 2515 691 35

552 823 799 873 continens
838 840 979 873 unam
1004 825 1290 889 perticatam
1314 841 1423 875 cum
1449 827 1602 875 tribus
1641 826 1895 890 quarteriis
1927 825 2096 888 jacens
2133 826 2182 874 in
2219 825 2265 873 le
2306 826 2506 890 Murray

550 917 698 962 strete
734 930 796 962 ex
830 918 966 978 parte
1003 914 1291 964 occidentali
1328 916 1545 965 eiusdem
1594 917 1720 963 inter
1767 919 1945 963 terram
2001 915 2204 964 Walteri
2249 915 2399 979 Wyly
2441 918 2501 964 ad
2567 925 2571 928 ’

549 1002 739 1051 boream
778 1020 839 1052 ex
875 1008 1012 1069 parte
1051 1020 1148 1052 una
1185 1009 1235 1054 et
1271 1008 1450 1054 terram
1491 1006 1671 1054 Thome
1709 1007 1767 1054 de
1806 1005 2059 1069 Armyddil
2087 1006 2149 1053 ad
2187 1009 2402 1054 austrum
2443 1023 2504 1054 ex

547 1097 684 1156 parte
708 1093 862 1143 altera
884 1111 941 1143 ac
966 1111 1107 1142 unam
1133 1110 1287 1143 meam
1313 1096 1599 1160 perticatam
1635 1099 1763 1144 terre
1788 1111 1892 1143 cnm
1919 1095 2229 1159 pertinenciis
2265 1095 2500 1143 iacentem

546 1182 595 1229 in
633 1183 738 1231 vico
774 1184 991 1248 predicto
1024 1201 1088 1232 ex
1129 1189 1265 1248 parte
1304 1167 1592 1233 occidentali
1633 1185 1846 1233 eiusdem
1885 1184 2012 1233 inter
2045 1188 2224 1232 terram
2274 1185 2502 1233 heredum
2570 1236 2577 1241 ,

546 1274 782 1336 quondam
805 1274 1043 1322 Johannis
1081 1274 1201 1321 Wili
1236 1275 1297 1322 ad
1334 1275 1525 1322 boream
1564 1292 1626 1322 ex
1661 1279 1799 1339 parte
1839 1291 1934 1322 una
1971 1279 2020 1322 et
2058 1278 2236 1322 terram
2275 1275 2502 1323 heredum

542 1364 778 1426 quondam
811 1363 1013 1412 Roberti
1038 1363 1155 1412 Skal
1179 1365 1240 1411 ad
1265 1368 1480 1413 austrum
1508 1381 1570 1412 ex
1599 1368 1736 1428 parte
1772 1363 1925 1412 altera
1966 1379 2151 1412 necnon
2176 1363 2319 1412 aliam
2345 1381 2499 1412 meam

542 1453 826 1515 perticatam
849 1457 976 1501 terre
1001 1469 1108 1501 cum
1133 1452 1442 1518 pertinenciis
1459 1454 1703 1516 jacentem
1728 1454 1777 1501 in
1802 1454 1969 1501 eodem
1994 1453 2100 1502 vico
2125 1470 2187 1502 ex
2212 1458 2350 1518 parte
2375 1455 2501 1502 occi-

543 1541 724 1590 dentali
748 1543 957 1592 eiusdem
983 1543 1109 1592 inter
1131 1547 1309 1592 terram
1334 1545 1368 1591 J
1373 1544 1573 1592 ohannis
1598 1544 1682 1591 filii
1710 1544 1913 1592 Roberti
1953 1560 2015 1592 ex
2054 1547 2191 1608 parte
2231 1543 2412 1592 boreali
2437 1561 2498 1592 ex

541 1648 636 1680 una
673 1636 723 1680 et
758 1636 937 1681 terram
977 1634 1170 1682 Andree
1197 1634 1395 1682 Paniter
1429 1635 1489 1682 ad
1527 1638 1740 1683 austrum
1777 1649 1839 1682 ex
1877 1633 2032 1682 altera
2071 1634 2277 1698 Insuper
2315 1651 2498 1684 annuos

541 1722 756 1771 redditus
790 1723 1118 1787 infrascriptos
1141 1723 1226 1771 viz.
1252 1723 1416 1787 viginti
1441 1723 1620 1773 solidos
1645 1724 1822 1773 usualis
1846 1710 2226 1773 monete'Scotie
2250 1725 2497 1774 annuatim

539 1813 601 1860 ad
625 1813 855 1861 terminos
880 1813 1058 1862 usualis
1082 1814 1395 1862 Pentecostes
1419 1818 1466 1862 et
1494 1814 1660 1862 Sancti
1680 1814 1882 1862 Martini
1906 1815 1955 1861 in
1971 1818 2110 1880 yeme
2135 1814 2499 1878 proportionali-

537 1907 615 1951 ter
636 1902 866 1952 leuandos
905 1907 955 1951 et
990 1904 1323 1968 percipiendos
1358 1905 1417 1953 de
1455 1909 1586 1952 terra
1622 1905 1786 1952 Dauid
1812 1905 1870 1952 de
1894 1905 2099 1952 Camera
2127 1905 2321 1967 jacente
2364 1905 2411 1952 in
2453 1904 2497 1953 le

540 1993 740 2057 Murray
776 1997 926 2042 strete
972 1994 1190 2058 predicto
1243 2010 1305 2042 ex
1356 1999 1494 2059 parte
1544 1994 1832 2042 occidentali
1879 1994 2092 2043 eiusdem
2140 1995 2267 2042 inter
2314 1998 2494 2042 terram

533 2083 739 2132 Gilberti
761 2083 975 2132 Achloch
999 2086 1059 2132 ad
1086 2085 1277 2132 boream
1298 2102 1359 2133 ex
1379 2089 1514 2148 parte
1541 2101 1635 2132 una
1659 2088 1708 2132 et
1733 2089 1911 2132 terram
1932 2085 1966 2131 J
1971 2084 2173 2133 ohannis
2198 2085 2256 2132 de
2283 2085 2493 2132 Petcarn

536 2174 598 2222 ad
621 2177 835 2222 austrum
859 2191 922 2222 ex
945 2173 1100 2223 altera
1125 2174 1341 2239 aliosque
1366 2175 1533 2238 viginti
1559 2174 1739 2223 solidos
1762 2173 2010 2222 annuatim
2036 2175 2098 2222 ad
2121 2173 2353 2222 terminos
2388 2189 2495 2237 pre—

536 2263 741 2327 scriptos
780 2263 1011 2313 leuandos
1048 2268 1098 2313 et
1136 2264 1563 2329 proportionaliter
1601 2264 1934 2329 percipiendos
1973 2265 2032 2312 de
2069 2268 2201 2313 terra
2239 2264 2356 2311 dicti
2394 2263 2497 2312 Gil-

531 2354 660 2401 berti
700 2353 921 2402 Achloch
953 2354 1150 2416 jacente
1189 2341 1238 2401 in
1277 2355 1381 2403 vico
1419 2354 1639 2418 predicto
1679 2370 1741 2401 ex
1779 2357 1917 2417 parte
1958 2353 2245 2401 occidentali
2281 2353 2493 2402 eiusdem

512 2477 514 2480 ψ
539 2444 666 2492 inter
686 2448 865 2492 terram
892 2444 1094 2492 Henrici
1123 2445 1352 2493 Webstar
1375 2445 1435 2492 ad
1461 2445 1652 2492 boream
1679 2459 1741 2490 ex
1766 2459 1861 2490 una
1884 2447 1934 2491 et
1957 2447 2138 2491 terram
2177 2443 2295 2490 dicti
2333 2442 2494 2490 Dauid

404 2560 478 2605 x,
535 2536 593 2581 de
618 2534 822 2584 Camera
848 2535 910 2582 ad
934 2539 1150 2583 austrum
1177 2551 1239 2582 ex
1264 2534 1419 2582 altera
1455 2535 1708 2582 Tenendas
1732 2538 1782 2580 et
1807 2533 2052 2581 habendas
2086 2536 2216 2580 totas
2251 2531 2488 2595 prenomi-

538 2628 678 2672 natas
701 2628 855 2672 terras
880 2628 928 2672 et
953 2627 1136 2672 annuos
1171 2624 1388 2672 redditus
1425 2624 1668 2688 predictos
1692 2639 1799 2671 cum
1824 2622 2135 2687 pertinenciis
2168 2622 2299 2670 dicto
2339 2621 2496 2685 capel-

537 2714 647 2761 lano
683 2718 732 2762 et
769 2714 870 2762 eius
905 2712 1257 2762 successoribus
1296 2742 1305 2750 ·
1346 2742 1355 2750 ·
1395 2742 1405 2751 ·
1444 2730 1474 2760 a
1498 2730 1573 2760 me
1616 2717 1666 2760 et
1704 2713 1959 2760 heredibus
1998 2712 2116 2760 meis
2153 2712 2203 2758 in
2239 2726 2406 2775 puram
2448 2717 2497 2759 et

539 2807 818 2868 perpetuam
870 2803 1165 2851 elimosinam
1204 2830 1216 2840 ε
1255 2831 1266 2840 ·
1305 2830 1316 2840 ·
1353 2803 1475 2850 adeo
1522 2801 1670 2849 libere
1710 2830 1719 2839 ·
1760 2830 1770 2840 ·
1811 2829 1820 2839 ·
1853 2801 1983 2850 sicut
2034 2801 2194 2864 alique
2241 2805 2370 2848 terre
2418 2801 2494 2848 vel

539 2893 684 2941 annui
708 2893 922 2941 redditus
946 2892 995 2939 in
1019 2908 1187 2956 puram
1213 2895 1263 2939 et
1289 2895 1570 2955 perpetuam
1597 2890 1894 2939 elimosinam
1933 2918 1943 2928 ·
1984 2918 1994 2928 ·
2033 2919 2044 2928 ·
2080 2889 2224 2938 alicui
2243 2890 2492 2954 capellano

541 2982 709 3032 melius
746 2982 941 3031 liberius
979 2982 1154 3029 dantur
1198 3009 1207 3018 ·
1248 3009 1258 3019 ·
1298 3009 1307 3018 ·
1345 2980 1447 3028 sine
1497 2980 1659 3044 aliquo
1710 2981 2028 3028 retinemento
2077 2980 2152 3028 vel
2187 2981 2494 3028 reuocatione

542 3073 892 3137 imperpetuum
932 3100 943 3110 ·
981 3071 1106 3119 Volo
1131 3071 1325 3134 insuper
1362 3074 1411 3118 et
1450 3086 1536 3134 per
1564 3074 1812 3133 presentes
1847 3070 2013 3118 ordino
2052 3074 2101 3119 et
2139 3070 2337 3134 dispono
2372 3071 2498 3134 quod

543 3167 651 3226 post
689 3178 846 3209 meum
883 3162 1128 3210 decessum
1165 3160 1386 3224 quotiens
1437 3163 1486 3207 et
1535 3160 1928 3223 quandocumque
1969 3159 2147 3207 dictam
2183 3158 2494 3223 capellaniam

543 3268 712 3300 vacare
736 3251 994 3314 contigerit
1019 3252 1146 3316 quod
1172 3250 1391 3299 dominus
1415 3249 1669 3313 episcopus
1705 3249 2042 3297 Brechinensis
2065 3249 2146 3312 qui
2171 3264 2257 3313 pro
2282 3253 2496 3312 tempore

543 3341 687 3390 fuerit
711 3341 785 3389 vel
808 3341 914 3390 eius
949 3340 1153 3390 vicarius
1187 3339 1425 3404 generalis
1464 3340 1577 3388 sede
1617 3343 1818 3388 vacante
1854 3339 2150 3403 capellanum
2175 3340 2410 3402 ydoneum
2435 3340 2496 3386 ad
