3016 3958
468 624 578 679 228
1014 629 1305 684 CARTAE
1350 629 1851 685 ORIGINALES.

467 815 583 864 tatis
622 817 954 868 Brechinensis
991 824 1040 867 et
1079 820 1390 868 Barbaretam
1431 819 1618 868 Liddell
1655 836 1779 867 nunc
1817 820 2062 882 conjugem
2099 819 2244 882 ipsius
2270 818 2407 867 Pauli

470 905 643 953 Fraser
682 906 807 956 illius
853 908 1011 971 petiae
1057 913 1214 957 terrae
1254 914 1416 957 vastae
1465 914 1608 957 antea
1654 909 1745 958 sibi
1787 909 1879 973 ipsi
1917 908 2068 957 Paulo
2106 909 2280 957 Fraser
2324 925 2410 973 per

470 997 743 1057 magistrum
781 998 1034 1061 Georgium
1072 999 1330 1062 Hepburne
1372 998 1708 1047 cancellarium
1750 999 2116 1047 Brechinensem
2158 1014 2409 1047 concessae

471 1084 586 1148 [No.
614 1085 878 1152 CXLIII]
920 1115 930 1125 ·
969 1088 1234 1137 Reservato
1257 1087 1561 1136 nihilominus
1596 1087 1731 1136 vitali
1767 1088 1957 1136 redditu
1982 1087 2227 1151 praefatae
2251 1086 2410 1150 petiae

469 1179 624 1222 terrae
650 1176 790 1224 dictis
829 1175 980 1224 Paulo
1007 1178 1181 1226 Fraser
1218 1182 1266 1226 et
1306 1178 1598 1225 Barbaretae
1625 1176 1814 1226 Liddell
1837 1192 2038 1240 sponsae
2074 1192 2187 1225 suae
2223 1202 2233 1212 ·
2273 1175 2410 1223 Haec

470 1268 603 1311 carta
642 1265 821 1313 habens
860 1266 909 1313 in
949 1283 999 1315 se
1041 1271 1347 1330 praeceptum
1390 1267 1594 1315 saisinae
1633 1267 1748 1314 data
1786 1270 1859 1315 est
1898 1282 2057 1314 coram
2096 1266 2170 1314 his
2206 1265 2411 1314 testibus

469 1353 694 1415 magistro
719 1353 995 1403 Alexandro
1022 1356 1183 1418 Noray
1202 1360 1390 1404 rectore
1427 1356 1485 1403 de
1522 1356 1562 1403 F
1566 1372 1677 1403 erne
1701 1356 1891 1404 Joanne
1929 1356 2091 1419 Noray
2126 1355 2228 1416 ejus
2260 1355 2409 1403 fratre

468 1458 690 1504 germano
726 1444 912 1492 Jacobo
950 1444 1211 1493 Schewane
1247 1445 1395 1492 fratre
1437 1444 1554 1492 dicti
1595 1444 1798 1494 Joannis
1839 1449 1889 1494 et
1933 1445 2147 1494 Roberto
2197 1445 2314 1493 Low
2361 1445 2409 1491 in

472 1532 675 1579 Brechin
716 1561 726 1571 -
767 1533 828 1579 12
855 1534 1059 1596 Augusti
1087 1535 1218 1582 1589
1257 1562 1268 1572 ·

238 1806 443 1853 CLVII.
479 1771 874 1851 Instrumentum
910 1804 1113 1853 saisinae
1149 1803 1276 1853 illius
1310 1805 1571 1853 tenementi
1601 1804 1926 1869 emphiteotici
1962 1804 2196 1868 quondam
2234 1802 2408 1851 Jacobi

469 1892 711 1955 Chepman
737 1893 853 1941 civis
878 1892 1100 1942 Civitatis
1125 1894 1460 1943 Brechinensis
1495 1899 1545 1943 et
1584 1894 1798 1942 Helenae
1836 1892 2058 1941 Chalmer
2081 1893 2182 1954 ejus
2206 1908 2407 1955 sponsae

458 1981 663 2042 jacentis
687 1998 747 2029 ex
772 1986 907 2045 parte
934 1983 1152 2031 orientali
1171 1981 1381 2046 ejusdem
1403 1983 1628 2032 Civitatis
1651 1983 1776 2031 inter
1799 1986 2123 2031 tenementum
2147 1982 2404 2029 haeredum

466 2071 699 2134 quondam
723 2072 756 2117 J
761 2072 925 2120 oannis
951 2072 1210 2136 Dempster
1232 2074 1292 2120 ad
1308 2067 1511 2120 ¹boream
1535 2076 1860 2120 tenementum
1886 2071 2142 2119 haeredum
2168 2071 2402 2134 quondam

462 2159 723 2207 Alexandri
751 2161 964 2224 Ramsay
1001 2163 1062 2210 ad
1099 2166 1311 2211 austrum
1349 2178 1508 2210 acram
1543 2165 1700 2210 terrae
1736 2160 1930 2210 arabilis
1952 2160 2234 2209 haeredibus
2259 2177 2404 2224 quon-

461 2251 567 2296 dam
611 2250 822 2313 magistri
871 2251 1061 2314 Georgii
1112 2251 1350 2299 Meldrum
1393 2255 1691 2315 spectantem
1738 2251 1798 2298 ad
1847 2251 2077 2298 orientem
2128 2248 2231 2315 [et]
2278 2251 2400 2297 viam

456 2339 630 2401 regiam
657 2340 718 2386 ad
744 2339 1070 2396 occidentem;
1096 2357 1278 2388 necnon
1294 2340 1479 2387 illarum
1506 2341 1702 2388 duarum
1726 2355 1942 2388 acrarum
1967 2338 2216 2387 arabilium
2245 2339 2398 2387 eidem

453 2431 726 2475 tenemento
766 2429 824 2475 de
862 2429 1063 2492 antiquo
1100 2429 1418 2493 spectantium
1448 2429 1711 2491 jacentium
1737 2445 1799 2476 ex
1823 2428 1991 2476 eadem
2015 2427 2235 2476 orientali
2259 2432 2397 2492 parte

454 2517 675 2565 Civitatis
698 2517 970 2580 praedictae
995 2535 1089 2566 una
1112 2535 1273 2566 earum
1309 2519 1356 2566 in
1393 2518 1547 2566 crofta
1583 2517 1664 2566 illa
1687 2521 1858 2566 vocata
1883 2516 2031 2565 Noult
2057 2517 2246 2565 Mercat
2271 2517 2398 2565 inter

452 2622 696 2654 commune
737 2611 924 2654 antrum
966 2608 1026 2655 ad
1068 2608 1299 2656 orientem
1337 2611 1387 2655 et
1425 2608 1618 2656 boream
1656 2610 1812 2655 terras
1852 2607 1886 2653 J
1891 2606 2057 2654 oannis
2100 2605 2288 2653 Liddell
2331 2608 2391 2653 ad

451 2701 660 2744 austrum
689 2694 788 2761 [et]
816 2701 969 2745 terras
987 2697 1242 2745 haeredum
1263 2701 1312 2745 et
1331 2713 1654 2745 successorum
1681 2696 1916 2759 quondam
1941 2695 2154 2758 magistri
2179 2695 2390 2743 Thomae

453 2785 662 2847 Ramsay
699 2786 760 2831 ad
802 2786 1095 2833 occidentem
1138 2786 1234 2833 alia
1274 2802 1386 2834 acra
1423 2786 1470 2832 in
1509 2786 1675 2832 eadem
1714 2784 1869 2833 crofta
1907 2801 1968 2832 ex
2010 2783 2207 2832 australi
2248 2787 2386 2847 parte

450 2874 658 2934 ejusdem
682 2874 806 2920 inter
828 2876 1173 2937 aquaeductum
1198 2878 1329 2939 parvi
1354 2874 1610 2923 molendini
1643 2875 1705 2921 ad
1740 2877 1952 2922 austrum
1988 2877 2142 2920 terras
2181 2871 2385 2921 arabiles

450 2961 711 3010 Alexandri
750 2963 864 3011 Scot
902 2969 950 3011 et
986 2965 1020 3010 J
1025 2965 1189 3013 oannis
1230 2965 1373 3027 Udny
1409 2964 1471 3011 ad
1508 2962 1802 3011 occidentem
1828 2966 1877 3009 et
1900 2961 2132 3009 orientem
2156 2965 2205 3008 et
2229 2965 2382 3009 terras

449 3050 650 3099 arabiles
672 3051 925 3099 haeredum
962 3055 1197 3116 quondam
1221 3054 1254 3099 J
1259 3052 1426 3101 oannis
1462 3052 1713 3100 Cokburne
1749 3051 1810 3098 ad
1847 3051 2036 3098 boream
2066 3050 2272 3098 traditae
2297 3066 2381 3113 per

446 3141 479 3186 J
485 3155 681 3187 oannem
707 3139 927 3188 Chalmer
962 3142 1020 3189 de
1059 3143 1367 3206 Newbigging
1401 3140 1640 3188 dominum
1665 3139 1954 3203 superiorem
1979 3138 2095 3186 dicti
2120 3139 2376 3187 tenementi

448 3234 496 3276 et
520 3244 735 3276 acrarum
758 3230 1185 3293 suprascriptarum
1207 3231 1450 3279 Richardo
1469 3228 1713 3292 Chepman
1738 3243 1864 3276 nunc
1876 3227 1958 3289 jus
1974 3227 2163 3290 roganti
2186 3228 2378 3275 haeredi

447 3317 561 3364 dicti
599 3317 834 3380 quondam
870 3318 1043 3366 Jacobi
1081 3319 1324 3383 Chepman
1359 3317 1514 3382 patris
1535 3316 1608 3366 sui
1644 3321 1692 3365 et
1727 3316 1944 3364 Jeannae
1970 3316 2226 3379 Dempster
2249 3316 2375 3364 filiae
