3016 3958
334 2251 547 2298 LXVII.

565 641 672 695 118
1142 639 1433 694 OARTAE
1477 638 1973 700 ORIGINALES.

565 832 646 883 diu
670 831 834 879 vixero
857 829 918 877 ad
942 827 1093 877 altare
1119 828 1293 876 Sancte
1334 828 1566 876 Katerine
1590 829 1780 892 virginis
1804 829 1852 878 in
1876 830 2078 881 ecelesia
2100 834 2343 882 antedicta
2366 835 2493 882 omni

562 920 682 968 feria
705 919 871 983 quinta
894 933 1031 966 vnam
1056 916 1245 966 missam
1283 931 1389 965 oum
1426 921 1542 964 nota
1578 933 1683 964 eum
1722 922 1925 982 quatuor
1959 920 2216 984 capellanis
2251 923 2310 970 de
2344 924 2497 972 officio

565 1008 705 1057 Salus
746 1006 914 1070 Populi
951 1022 1057 1054 oum
1098 1022 1186 1054 vna
1222 1004 1424 1054 collecta
1446 1021 1532 1069 pro
1555 1007 1870 1070 prosperitate
1893 1024 2000 1057 mea
2030 1025 2135 1057 cum
2170 1010 2266 1059 alia
2299 1011 2500 1060 oolleota

566 1098 624 1144 de
649 1097 827 1145 Sancta
854 1094 1089 1143 Katerina
1111 1109 1217 1141 eum
1252 1093 1399 1142 tertia
1435 1093 1638 1143 collecta
1673 1111 1759 1159 pro
1792 1096 2039 1146 animabus
2062 1098 2269 1146 omnium
2293 1099 2500 1147 fidelium

566 1185 892 1233 defunctorum
937 1183 1200 1231 Reddendo
1241 1183 1386 1230 etiam
1428 1183 1555 1230 omni
1596 1199 1721 1232 anno
1761 1189 1870 1248 post
1916 1185 2098 1234 obitum
2139 1203 2294 1235 meum
2336 1188 2384 1235 in
2425 1189 2501 1235 die

567 1274 725 1323 obitus
760 1273 854 1321 mei
890 1271 1260 1320 anniuersarium
1287 1287 1392 1319 eum
1431 1270 1629 1336 placebo
1664 1277 1713 1320 et
1748 1273 1896 1336 dirige
1931 1289 2039 1322 eum
2080 1279 2195 1323 nota
2229 1280 2279 1324 et
2314 1276 2502 1326 missam

567 1363 856 1427 solempnem
893 1376 998 1409 cum
1038 1361 1221 1409 duabus
1259 1359 1470 1409 eandelis
1506 1376 1649 1424 super
1682 1363 1924 1425 epitafium
1960 1379 2115 1412 meum
2139 1364 2268 1413 dicto
2291 1370 2505 1430 tempore

569 1451 812 1516 campanis
834 1450 1036 1515 pulsatis
1059 1453 1112 1497 ut
1137 1449 1282 1498 moris
1305 1454 1379 1498 est
1403 1465 1460 1497 ac
1485 1450 1629 1498 etiam
1653 1452 1819 1498 eodem
1842 1455 2056 1516 tempore
2081 1470 2218 1500 vnum
2254 1454 2505 1517 trigentale

569 1556 656 1604 pro
679 1540 837 1588 anima
860 1555 967 1587 mea
989 1542 1039 1586 et
1064 1538 1312 1586 animabus
1335 1538 1548 1586 omnium
1584 1539 1790 1588 fidelium
1815 1541 2143 1592 defunctorum
2183 1571 2194 1581 ·
2233 1571 2242 1580 ·
2282 1571 2292 1581 ·
2330 1544 2396 1592 Et
2421 1560 2507 1607 ego

570 1645 680 1677 vero
705 1629 861 1677 dietus
883 1627 1108 1676 Deeanus
1132 1631 1181 1675 et
1205 1627 1403 1675 heredes
1420 1627 1512 1675 mei
1551 1655 1561 1665 ·
1599 1656 1611 1666 ·
1649 1656 1660 1666 ·
1696 1629 2108 1680 warantizabimus
2144 1660 2156 1670 ·
2187 1653 2206 1670 ··
2245 1659 2255 1669 ·
2293 1633 2351 1679 In
2376 1633 2509 1681 cuius

570 1719 638 1775 rei
662 1717 987 1767 testimonium
1028 1715 1242 1780 Sigillum
1281 1731 1435 1763 meum
1475 1717 1774 1780 presentibus
1808 1722 1882 1767 est
1917 1734 2173 1783 appensum
2197 1722 2320 1784 apud
2346 1721 2510 1769 eivita-

571 1812 668 1855 tem
694 1806 1062 1855 Breohinensem
1086 1804 1347 1869 penultimo
1372 1805 1447 1852 die
1473 1805 1647 1854 mensis
1674 1806 1845 1854 Marcii
1883 1823 2007 1855 anno
2044 1808 2237 1856 Domini
2261 1808 2510 1858 millesimo

573 1895 1034 1960 quadringentesimo
1058 1894 1346 1957 octogesimo
1370 1898 1542 1957 quarto
1581 1922 1591 1931 ·

576 2097 724 2145 Carta
748 2096 969 2160 Magistri
994 2096 1028 2142 J
1033 2094 1231 2143 ohannis
1255 2093 1509 2158 Spaldinge
1537 2097 1595 2142 de
1619 2096 1760 2144 terris
1785 2097 2007 2145 Fordoun
2046 2126 2055 2134 ·

584 2222 852 2303 Omnibus
888 2251 1011 2298 hane
1048 2253 1229 2297 cartam
1254 2249 1423 2299 visuris
1458 2249 1531 2297 vel
1566 2250 1799 2299 audituris
1832 2251 1866 2298 J
1870 2251 2079 2300 ohannes
2108 2253 2336 2317 Spalding
2360 2255 2515 2303 Deca-

575 2358 663 2391 nus
701 2321 1036 2389 Breohinensis
1074 2366 1084 2376 ·
1123 2366 1134 2376 ·
1173 2366 1183 2376 ·
1221 2338 1435 2386 Salutem
1474 2366 1485 2376 ·
1523 2338 1699 2388 Sciatis
1738 2356 1812 2387 me
1851 2340 2036 2389 dedisse
2075 2369 2085 2378 ·
2124 2369 2134 2380 ·
2173 2369 2183 2379 ·
2220 2343 2395 2392 dileeto
2418 2360 2515 2393 ser-

577 2430 719 2479 uitori
759 2445 865 2477 meo
908 2426 1167 2474 Wilhelmo
1209 2427 1460 2475 Fordoune
1502 2426 1631 2488 illam
1672 2428 1929 2477 australem
1970 2429 2314 2480 dimidietatem
2361 2449 2513 2481 meam

575 2518 837 2569 tenementi
864 2517 988 2580 quod
1027 2515 1184 2563 fuerat
1222 2517 1457 2579 quondam
1495 2516 1746 2564 Laureneii
1771 2517 1964 2581 Smytht
1992 2518 2200 2580 jacentis
2233 2520 2280 2568 in
2317 2521 2513 2570 ciuitate

577 2607 886 2657 Breehinensi
921 2607 969 2654 in
1006 2605 1108 2654 vico
1141 2605 1224 2669 qui
1259 2605 1433 2652 dieitur
1466 2604 1529 2653 lie
1567 2605 1792 2668 Kirkgait
1827 2622 1888 2653 ex
1923 2610 2059 2670 parte
2083 2608 2280 2657 australi
2303 2609 2511 2659 eiusdem

576 2700 702 2746 inter
722 2702 899 2745 terram
923 2696 957 2742 J
960 2695 1098 2743 aoobi
1124 2694 1369 2742 Wisehart
1392 2710 1485 2757 que
1510 2693 1684 2742 dieitur
1713 2693 2070 2743 Constabilland
2107 2712 2170 2744 ex
2203 2702 2339 2760 parte
2362 2699 2514 2747 orien-

576 2787 663 2834 tali
687 2803 749 2834 ex
771 2790 908 2849 parte
934 2800 1028 2832 una
1062 2788 1112 2832 et
1145 2788 1322 2831 terram
1359 2783 1594 2847 quondam
1621 2783 1823 2832 Roberti
1849 2785 2122 2848 Chapmane
2146 2801 2209 2834 ex
2231 2791 2367 2850 parte
2390 2789 2512 2836 00οἰ-

579 2874 757 2923 dentali
781 2891 843 2922 ex
867 2877 1003 2937 parte
1027 2872 1180 2921 altera
1217 2900 1228 2910 ·
1266 2871 1540 2920 Tenendam
1579 2899 1588 2911 ‚
1628 2900 1640 2911 ·
1677 2899 1688 2910 ·
1723 2872 1986 2936 predictam
2010 2873 2266 2922 australem
2301 2875 2514 2925 dimidie-

577 2969 727 3012 tatem
773 2963 1032 3011 tenementi
1079 2978 1184 3010 eum
1234 2962 1374 3009 horto
1412 2989 1422 2998 ·
1462 2989 1472 2999 ·
1511 2989 1521 2998 ·
1559 2961 1688 3009 dieto
1736 2960 1981 3010 Willelmo
2027 2962 2278 3011 heredibus
2323 2963 2418 3012 suis
2463 2970 2512 3013 et

577 3053 829 3116 assignatis
862 3068 892 3099 a
926 3068 1000 3099 me
1038 3079 1048 3088 -
1086 3079 1098 3089 ·
1136 3079 1147 3089 ·
1182 3051 1231 3098 in
1264 3050 1404 3098 feodo
1441 3078 1451 3087 ·
1491 3077 1500 3087 ·
1540 3077 1550 3087 ·
1589 3049 1851 3097 Reddendo
1874 3049 1983 3097 inde
2007 3051 2249 3098 annuatim
2287 3078 2298 3088 ·
2337 3079 2348 3088 ·
2385 3080 2396 3088 -
2432 3053 2513 3100 he-

578 3142 767 3190 redibus
807 3140 1042 3204 quondam
1084 3138 1335 3187 Laureneii
1360 3137 1553 3201 Smytht
1587 3153 1674 3186 sex
1707 3136 1885 3186 solidos
1919 3141 1969 3186 et
2003 3142 2113 3187 octo
2148 3140 2365 3189 denarios
2402 3169 2413 3179 ·
2451 3169 2461 3178 ·
2500 3171 2510 3180 ·

578 3233 638 3279 ad
680 3231 797 3278 duos
835 3229 945 3278 anni
979 3229 1208 3277 terminos
1241 3232 1492 3277 consuetos
1529 3255 1540 3264 ·
1582 3254 1592 3265 ·
1631 3255 1642 3264 ·
1679 3226 1759 3275 Ae
1794 3226 1938 3275 etiam
1975 3228 2228 3276 tresdecim
2252 3228 2428 3279 solidos
2462 3237 2511 3279 et

580 3324 781 3383 quatuor
819 3317 1036 3366 denarios
1072 3316 1315 3365 annuatim
1354 3315 1611 3379 capellanis
1650 3315 1781 3364 chori
1817 3315 2150 3366 Breohinensis
2186 3319 2247 3365 ad
2285 3319 2512 3369 terminos
