3022 3964
1063 661 1358 717 CARTAE
1403 659 1903 717 ORIGINALES.
2381 661 2453 714 29

499 851 692 916 pitulari
734 868 894 901 mense
935 851 1147 902 eiusdem
1188 851 1386 901 ecclesie
1430 851 1712 900 Brechinen.
1749 850 2130 913 incorporaretur
2171 853 2445 897 annectere—

499 946 578 990 tur
602 946 651 991 et
678 942 889 990 uniretur
912 945 1082 1006 sponte
1119 945 1168 990 et
1202 941 1351 990 libere
1375 941 1423 988 in
1446 956 1614 1006 puram
1650 939 1944 988 elimosinam
1969 938 2203 987 concessit
2228 943 2277 985 et
2302 939 2445 986 dona-

500 1031 651 1079 uitae
676 1031 803 1079 omni
827 1030 1009 1079 meliori
1034 1031 1173 1078 modo
1208 1047 1302 1094 quo
1335 1029 1492 1094 potuit
1527 1029 1577 1077 in
1611 1045 1694 1078 eos
1728 1026 1975 1078 transtulit
2011 1029 2229 1092 quodque
2255 1043 2445 1075 venera-

493 1120 601 1169 bilis
622 1121 772 1168 frater
794 1124 956 1169 noster
978 1120 1012 1167 J
1017 1120 1228 1168 ohannes
1254 1119 1520 1184 Episcopus
1545 1118 1827 1167 Brechinen.
1854 1117 2158 1166 concessione
2184 1117 2439 1164 donatione

498 1225 555 1257 ac
602 1209 914 1258 translatione
966 1209 1235 1258 huiusmodi
1281 1208 1503 1272 peractis,
1559 1208 1738 1256 dictam
1791 1206 2136 1271 parrochialem
2193 1206 2440 1254 ecclesiam

499 1299 632 1347 cuius
679 1298 845 1362 viginti
884 1314 990 1346 cum
1029 1298 1246 1347 omnibus
1281 1298 1460 1346 iuribus
1494 1302 1544 1346 et
1578 1296 1886 1362 pertinenciis
1921 1296 2019 1345 suis
2053 1296 2236 1360 prefate
2279 1311 2437 1344 mense

498 1387 632 1435 cuius
655 1386 1027 1451 vigintiquinque
1051 1386 1278 1434 librarum
1302 1386 1631 1450 sterlingorum
1667 1386 1850 1434 fructus
1874 1385 2090 1434 redditus
2113 1389 2162 1433 et
2187 1390 2442 1448 prouentus

497 1480 550 1524 ut
573 1476 716 1524 iidem
742 1476 967 1525 Decanus
1002 1480 1051 1524 et
1087 1475 1360 1540 Capitulum
1398 1479 1616 1524 asserunt
1639 1476 1896 1523 secundum
1922 1490 2215 1523 communem
2241 1475 2441 1522 extima-

495 1565 675 1614 tionem
717 1565 925 1614 ualorem
967 1581 1173 1613 annuum
1215 1581 1310 1614 non
1352 1565 1591 1613 excedunt
1633 1580 1694 1612 ex
1733 1563 1975 1627 premissis
2010 1567 2059 1611 et
2097 1562 2229 1625 [aliis
2270 1565 2440 1630 cer]tis

495 1659 610 1703 tunc
656 1655 897 1719 expressis
942 1655 1098 1704 causis
1144 1654 1434 1703 auctoritate
1474 1654 1715 1702 ordinaria
1755 1653 2076 1717 incorporauit
2117 1654 2348 1701 annexuit
2392 1658 2440 1701 et

496 1745 662 1800 uniuit‚
710 1745 779 1792 ita
829 1745 954 1808 quod
1002 1745 1202 1792 cedente
1250 1742 1324 1791 vel
1371 1744 1632 1791 decedente
1683 1743 1891 1791 Rectore
1938 1743 2086 1806 ipsius
2132 1743 2440 1806 parrochialis

495 1833 694 1882 ecclesie
735 1833 902 1882 liceret
947 1833 1146 1881 Decano
1183 1837 1234 1881 et
1273 1832 1495 1896 Capitulo
1533 1832 1732 1896 prefatis
1769 1831 2061 1896 corporalem
2097 1833 2438 1896 possessionem

496 1923 622 1972 illius
645 1923 935 1972 auctoritate
961 1923 1152 1987 propria
1175 1922 1529 1986 apprehendere
1565 1926 1614 1969 et
1650 1922 1832 1970 fructus
1856 1921 2069 1969 redditus
2104 1925 2154 1969 et
2183 1926 2439 1985 prouentus

494 2012 761 2061 huiusmodi
786 2012 834 2060 in
861 2028 970 2061 usus
993 2027 1107 2061 suos
1130 1995 1408 2060 conuertere
1432 2027 1517 2076 pro
1542 2015 1772 2074 perpetuo
1794 2011 1968 2058 vicario
1987 2011 2034 2058 in
2055 2012 2220 2059 eadem
2240 2011 2440 2060 ecclesia

493 2101 778 2166 parrochiali
811 2118 897 2171 pro
932 2106 1146 2166 tempore
1182 2101 1474 2150 instituendo
1498 2101 1715 2164 portione
1740 2116 1945 2163 congrua
1979 2100 2061 2147 viz.
2102 2101 2264 2148 decem
2299 2100 2440 2148 libra-

493 2209 596 2240 rum
620 2191 795 2242 vsualis
818 2196 1009 2240 monete
1046 2191 1202 2255 Regni
1238 2191 1418 2240 Scotie·
1438 2191 1497 2238 de
1533 2206 1626 2253 qua
1661 2190 1905 2238 commode
1942 2189 2214 2245 sustentari,
2242 2190 2439 2252 Episco-

492 2281 620 2346 palia
658 2282 761 2329 iura
800 2281 999 2338 soluere,
1041 2285 1090 2329 et
1131 2279 1227 2329 alia
1267 2279 1358 2328 sibi
1399 2278 1722 2327 incumbentia
1762 2293 1907 2325 onera
1953 2281 2232 2341 supportare
2282 2277 2439 2325 valeat

492 2370 823 2419 nichilominus
860 2373 1116 2425 reseruata,
1156 2372 1297 2433 prout
1336 2369 1384 2416 in
1420 2367 1573 2416 literis
1607 2367 1864 2415 autenticis
1888 2366 2090 2415 Comitis
2125 2371 2173 2415 et
2211 2367 2437 2430 Episcopi

493 2475 675 2507 necnon
715 2458 924 2523 Capituli
961 2458 1283 2538 predictorum
1321 2456 1487 2520 sigillis
1524 2456 1719 2503 munitis
1744 2471 1939 2519 quarum
1977 2459 2167 2503 tenores
2202 2456 2260 2502 de
2291 2456 2437 2502 uerbo

493 2550 554 2596 ad
596 2549 787 2596 uerbum
828 2547 1124 2611 presentibus
1161 2546 1304 2595 inseri
1340 2545 1538 2593 fecimus
1574 2543 1759 2608 plenius
1796 2543 2066 2591 continetur
2103 2572 2112 2579 ·
2152 2545 2311 2599 Quare
2348 2559 2435 2607 pro

492 2642 628 2701 parte
654 2636 838 2684 Dccani
876 2641 926 2684 et
965 2635 1173 2698 Capituli
1210 2633 1534 2698 predictorum
1567 2633 1703 2680 nobis
1727 2632 1816 2679 fuit
1841 2631 2082 2678 humiliter
2115 2632 2431 2696 supplicatum

493 2731 547 2775 ut
572 2725 864 2774 concessioni
889 2723 1135 2772 donationi
1170 2721 1472 2770 translationi
1496 2720 1866 2784 incorporationi
1890 2720 2146 2767 annexioni
2185 2725 2234 2768 et
2274 2722 2434 2769 unioni

493 2815 691 2880 prefatis
714 2830 770 2862 ac
794 2813 900 2862 aliis
924 2813 972 2859 in
999 2811 1140 2859 dictis
1161 2809 1314 2858 literis
1338 2808 1576 2857 contentis
1599 2808 1741 2855 robur
1768 2807 2029 2870 apostolice
2065 2809 2432 2859 confirmationis

493 2905 700 2967 adijcere
720 2904 778 2950 de
798 2901 1089 2964 benignitate
1114 2897 1379 2962 apostolica
1397 2897 1697 2959 dignaremur
1723 2924 1733 2933 ·
1761 2896 1860 2944 Nos
1878 2895 2023 2958 igitur
2042 2897 2307 2946 huiusmodi
2326 2915 2435 2963 sup-

493 2992 828 3058 plicationibus
869 2989 1097 3043 inclinati,
1139 2985 1488 3035 concessionem
1532 2985 1834 3032 donationem
1870 2984 2228 3033 translationem
2267 3003 2324 3034 ac
2363 2989 2431 3035 in-

494 3081 871 3146 corporationem
895 3077 1210 3126 annexionem
1234 3078 1284 3123 et
1308 3074 1528 3122 unionem
1554 3073 1765 3136 prefatas
1787 3087 1970 3120 necnon
1995 3074 2152 3121 omnia
2176 3078 2225 3122 et
2249 3075 2431 3138 singula

495 3174 542 3219 in
581 3171 723 3219 dictis
759 3169 913 3217 literis
950 3169 1177 3214 contenta
1214 3167 1320 3212 rata
1356 3162 1587 3210 habentes
1626 3164 1674 3208 et
1708 3164 1846 3223 grata
1880 3160 1962 3208 illa
1983 3162 2271 3210 auctoritate
2295 3181 2431 3227 apos·

494 3261 641 3310 tolica
664 3276 726 3307 ex
750 3262 882 3306 certa
905 3255 1106 3305 scientia
1142 3258 1307 3302 tenore
1345 3250 1634 3315 presentium
1669 3249 1996 3297 confirmamus
2031 3253 2081 3297 et
2115 3251 2428 3314 approbamus

493 3366 551 3398 ac
575 3348 808 3413 presentis
832 3345 998 3409 scripti
1032 3341 1298 3407 patrocinio
1333 3338 1673 3388 communimus
1708 3336 1993 3400 Supplentes
2029 3353 2190 3386 omnes
2215 3339 2425 3390 defectus

2520 1299 2587 1344 sic
