3016 3958
288 1377 629 1426 CLXXVIII.

1201 656 1493 711 CARTAE
1538 657 2035 712 ORIGINALES.
2276 644 2278 647 ’
2485 665 2590 718 241

653 858 713 889 on
731 843 812 890 the
831 845 970 891 north
995 846 1134 893 south
1158 847 1251 893 and
1276 850 1395 894 west
1420 852 1579 909 parts3
1613 848 1706 895 and
1730 847 1837 895 that
1862 848 1910 894 in
1934 848 2099 895 favour
2122 849 2175 896 of
2193 850 2274 897 the
2298 851 2400 898 said
2426 852 2458 897 J
2464 853 2583 899 ohne

655 931 856 995 Oudny;
893 933 1066 996 Signed
1107 935 1267 982 before
1308 935 1443 983 these
1485 936 1746 991 witnesses,
1781 937 1815 983 J
1819 936 1940 984 ohne
1986 937 2141 985 Leslie
2185 938 2233 985 in
2277 939 2368 986 Old
2414 940 2581 995 Leslie‚

655 1020 845 1068 Walter
869 1022 1026 1077 Innes,
1051 1023 1199 1078 there,
1228 1023 1442 1071 William
1480 1024 1694 1087 Symson,
1721 1029 1892 1088 notary
1916 1026 2089 1089 public,
2125 1029 2216 1074 and
2248 1028 2338 1074 Mr.
2366 1029 2580 1078 William

655 1109 847 1166 Forbes,
873 1111 1088 1160 minister
1110 1116 1161 1160 at
1188 1112 1343 1175 Lesly‚
1383 1115 1445 1160 10
1484 1114 1666 1168 March,
1710 1115 1848 1161 1613.

666 1345 850 1424 Carta
871 1377 1162 1425 feodifirmae
1187 1394 1412 1426 concessa
1435 1395 1519 1442 per
1544 1378 1754 1426 Ballivos
1778 1382 1827 1425 et
1864 1378 2093 1426 Consules
2114 1378 2335 1427 Civitatis
2360 1379 2586 1427 Brechin-

654 1466 779 1513 ensis
802 1469 1028 1528 patronos
1052 1483 1309 1529 pauperum
1334 1467 1383 1514 in
1410 1466 1645 1529 Hospitio,
1671 1466 1807 1528 vulgo
1830 1467 1913 1514 the
1939 1467 2177 1530 Hospital‚
2219 1467 2427 1529 ejusdem
2464 1468 2586 1515 Civi-

650 1555 768 1603 tatis
790 1554 1052 1603 locatorum
1077 1561 1127 1603 et
1151 1556 1472 1610 locandorum,
1492 1572 1599 1603 cum
1625 1572 1856 1604 consensu
1880 1557 2091 1619 magistri
2115 1557 2378 1604 Alexandri
2405 1558 2581 1606 Bissait

652 1644 781 1691 verbi
808 1645 902 1692 Dei
927 1645 1130 1694 ministri
1166 1646 1214 1692 in
1251 1645 1453 1693 ecclesia
1489 1645 1546 1692 de
1582 1645 1788 1692 Brechin
1829 1661 2011 1694 necnon
2055 1645 2274 1708 Magistri
2317 1646 2582 1709 Hospitalis

651 1734 875 1795 ejusdem,
899 1734 933 1780 J
937 1735 1078 1781 oanni
1105 1733 1326 1797 Languill
1350 1734 1440 1781 civi
1465 1734 1623 1781 dictae
1649 1734 1871 1783 Civitatis
1894 1734 2023 1782 illius
2047 1734 2173 1783 horti
2197 1734 2309 1783 olim
2327 1736 2581 1784 mansionis

649 1824 972 1886 praecentoris
997 1823 1226 1872 ecclesiae
1253 1823 1539 1872 cathedralis
1565 1823 1896 1871 Brechinensis
1922 1824 2029 1887 (No.
2057 1824 2355 1883 CLXXIV.)
2374 1824 2579 1885 jacentis

649 1914 868 1976 contigue
892 1914 952 1960 ad
978 1914 1175 1961 eandem
1201 1913 1489 1961 mansionem
1527 1928 1588 1959 ex
1625 1911 1800 1959 boreali
1823 1911 1972 1959 latere
1997 1911 2205 1974 ejusdem
2230 1912 2353 1959 inter
2376 1912 2577 1960 mansio-

647 2019 754 2050 nem
795 2003 1115 2050 archidiaconi
1158 2007 1206 2050 et
1248 2003 1411 2050 hortos
1452 2002 1660 2063 ejusdem
1703 2000 1814 2048 olim
1855 2000 2079 2062 magistro
2122 2000 2329 2047 Thomae
2368 2000 2579 2062 Ramsay

648 2093 969 2141 commissario
1008 2092 1315 2157 Brechinensi
1340 2092 1387 2137 in
1411 2090 1672 2138 feodifirma
1707 2093 1978 2153 spectantes
2015 2090 2076 2136 ad
2118 2090 2273 2137 oriens
2314 2093 2362 2136 et
2402 2089 2577 2136 dictam

647 2181 937 2229 mansionem
976 2180 1298 2245 praecentoris
1323 2184 1371 2228 et
1395 2183 1549 2227 terras
1573 2183 1622 2226 et
1646 2178 1834 2226 hortum
1871 2178 1981 2226 olim
2008 2178 2264 2242 capellanis
2289 2177 2472 2240 (altaris
2497 2179 2573 2235 de)

646 2272 834 2318 nomine
857 2271 891 2317 J
896 2287 981 2318 esu
999 2270 1267 2334 spectantia
1292 2273 1340 2316 et
1365 2269 1542 2332 petiam
1566 2267 1691 2315 horti
1717 2267 1955 2314 canonicis
1980 2267 2264 2314 cathedralis
2291 2267 2576 2314 Brechinen-

645 2362 710 2409 sis
751 2361 798 2407 in
836 2360 1072 2407 communi
1110 2362 1405 2422 spectantem
1429 2358 1489 2404 ad
1514 2361 1724 2404 austrum
1761 2360 1810 2403 et
1847 2356 2064 2403 occidens
2098 2360 2146 2403 et
2182 2355 2409 2403 venellam
2442 2371 2573 2402 voca-

644 2455 743 2498 tam
790 2450 872 2497 the
922 2449 963 2495 N
969 2447 1354 2509 etherkirkwynd
1404 2446 1612 2507 ejusdem
1660 2444 1881 2492 Civitatis
1926 2445 1986 2490 ad
2034 2445 2222 2491 boream
2261 2471 2271 2480 ·
2309 2444 2571 2491 Reddendo

647 2540 756 2586 inde
793 2537 1036 2585 annuatim
1075 2552 1303 2589 summam
1343 2535 1507 2596 viginti
1545 2533 1798 2581 solidorum
1834 2536 2050 2581 monetae
2086 2532 2275 2580 Scotiae
2314 2560 2323 2570 ·
2364 2534 2424 2580 19
2448 2533 2481 2578 J
2488 2532 2567 2579 ulii

574 2677 577 2681 .
649 2628 779 2675 1614
817 2655 826 2664 ·

337 2904 620 2951 CLXXIX.

656 2869 1046 2945 Instrumentum
1071 2893 1272 2942 saisinae
1297 2907 1436 2955 super
1460 2895 1593 2938 carta
1625 2890 1911 2938 feodifirmae
1950 2889 2221 2937 continente
2260 2890 2307 2937 in
2345 2906 2395 2938 se
2434 2906 2566 2953 prae-

644 2989 836 3048 ceptum
859 2983 1061 3032 saisinae
1087 2997 1310 3030 concessa
1332 2997 1416 3044 per
1439 2979 1709 3041 magistrum
1731 2978 1957 3024 Thomam
1984 2977 2165 3025 Burnet
2189 2978 2567 3026 archidiaconum

646 3074 1011 3122 Brechinensem
1047 3088 1154 3120 cum
1191 3085 1419 3118 consensu
1444 3068 1598 3115 David
1625 3066 1831 3130 episcopi
1870 3065 2201 3114 Brechinensis
2239 3067 2404 3114 decani
2442 3067 2569 3130 capi-

642 3163 731 3211 tuli
755 3167 804 3211 et
828 3162 1160 3211 canonicorum
1186 3160 1394 3222 ejusdem
1431 3156 1657 3205 ecclesiae
1680 3155 1713 3201 J
1718 3154 1856 3202 oanni
1883 3153 2133 3201 Mortimer
2167 3153 2278 3202 olim
2315 3155 2373 3202 de
2409 3154 2567 3217 Cragi-

642 3268 741 3299 war
778 3256 827 3299 et
867 3250 1081 3299 Helenae
1121 3250 1338 3312 Symmer
1376 3246 1477 3308 ejus
1512 3244 1696 3306 conjugi
1731 3258 1981 3306 eorumque
2017 3240 2156 3290 alteri
2192 3243 2368 3292 diutius
2394 3243 2565 3291 viventi

1574 3421 1660 3469 272
