3016 3958
539 639 648 694 106
1147 641 1439 696 CARTAE
1484 641 1979 698 ORIGINALES.

540 829 793 892 quisitione
841 844 1047 893 prouoco
1100 834 1149 878 et
1202 830 1392 894 appello
1430 835 1479 879 et
1520 831 1888 895 appellationem
1938 837 2052 896 peto
2101 849 2206 882 cum
2253 834 2483 884 instantia

540 918 703 966 debita
736 923 785 967 et
821 917 1002 967 vicibus
1036 918 1252 982 repetitis
1298 920 1359 966 ad
1408 921 1722 968 reuerendum
1772 921 1819 968 in
1870 922 1940 969 X⁰
1986 926 2171 986 patrem
2222 924 2480 973 Patricium

542 1036 551 1045 ·
592 1036 600 1045 ·
641 1036 650 1046 ·
690 1008 976 1072 Episcopum
1003 1007 1370 1057 Brechinensem
1410 1013 1459 1057 et
1497 1009 1602 1058 eius
1624 1010 1892 1058 venerabile
1908 1011 2201 1060 auditorium
2226 1004 2483 1074 subjiciens

540 1097 787 1146 ecclesiam
829 1113 983 1145 meam
1022 1101 1071 1145 et
1109 1113 1184 1144 me
1221 1114 1303 1146 sue
1341 1098 1534 1147 tuitioni
1569 1099 1855 1162 protectioni
1890 1104 1940 1148 et
1977 1100 2237 1149 defensioni
2272 1101 2480 1150 eiusdem

541 1203 698 1235 coram
723 1202 816 1251 quo
840 1186 984 1235 offero
1021 1202 1096 1234 me
1134 1191 1355 1250 paratum
1392 1188 1454 1235 ad
1488 1187 1755 1235 faciendum
1786 1204 1972 1236 omnem
2003 1189 2241 1251 justitiam
2265 1191 2326 1238 ad
2350 1206 2482 1238 man-

541 1278 703 1325 datum
741 1276 815 1324 vel
853 1292 1011 1324 coram
1050 1291 1344 1340 quocumque
1382 1293 1476 1324 uno
1513 1275 1588 1324 vel
1626 1275 1840 1340 pluribus
1875 1278 2065 1327 duxerit
2089 1279 2480 1327 committendum

539 1366 847 1429 protestando
884 1365 1009 1428 quod
1047 1363 1193 1412 nichil
1230 1365 1371 1413 cedat
1409 1364 1610 1414 ecclesie
1633 1381 1737 1413 mee
1763 1366 1811 1413 in
1834 1366 2147 1430 preiudicium
2183 1385 2276 1432 quo
2310 1369 2371 1416 ad
2400 1369 2481 1432 jus

535 1454 808 1519 petitorium
847 1469 1015 1518 meque
1038 1453 1266 1517 predictis
1289 1453 1562 1502 reuerendis
1597 1454 1811 1518 patribus
1845 1455 1906 1502 ad
1941 1455 2206 1528 faciendam
2231 1457 2318 1506 eiis
2339 1458 2479 1506 fidem

530 1544 651 1606 juris
691 1542 966 1607 possessorii
1007 1542 1306 1606 quicquidem
1347 1542 1437 1591 sibi
1482 1558 1564 1591 vos
1605 1543 1815 1606 protensi
1862 1544 2171 1593 commissarii
2213 1561 2274 1593 ex
2321 1550 2479 1594 vestra

535 1633 838 1696 inquisitione
875 1635 1150 1695 presumpta
1186 1631 1472 1695 putaueritis
1509 1632 1556 1679 in
1595 1632 1882 1680 contrarium
1920 1633 2072 1688 Quam
2110 1633 2474 1697 appellationem

536 1737 794 1786 prosequar
829 1720 935 1769 loco
971 1724 1021 1768 et
1055 1724 1269 1784 tempore
1304 1737 1389 1784 per
1423 1721 1732 1768 reuerendum
1769 1721 2008 1769 dominum
2046 1722 2332 1786 Episcopum
2361 1723 2478 1770 Bre-

535 1813 805 1860 chinensem
829 1813 937 1873 post
961 1809 1171 1857 eiusdem
1205 1808 1464 1872 legitimam
1497 1809 1899 1872 presentationem
1924 1810 2239 1873 prefigendam
2278 1839 2289 1849 ·
2325 1811 2402 1859 De
2426 1816 2476 1860 et

534 1917 678 1964 super
700 1899 869 1963 quibus
895 1897 1111 1945 omnibus
1145 1901 1195 1945 et
1229 1897 1424 1960 singulis
1458 1898 1672 1961 prefatus
1706 1898 1997 1947 constitutus
2030 1899 2064 1946 J
2068 1900 2278 1949 ohannes
2307 1901 2412 1949 Lok
2446 1917 2476 1949 a

534 2007 608 2038 me
643 1988 830 2037 notario
863 1985 1053 2051 publico
1087 1986 1387 2050 infrascripto
1424 2015 1434 2025 ·
1474 2015 1483 2024 ·
1526 2014 1536 2024 ·
1571 1987 1712 2050 petiit
1751 2015 1761 2024 -
1800 2014 1810 2024 ·
1850 2014 1860 2024 ·
1897 1987 2261 2037 instrumentum
2300 2018 2310 2027 -
2347 1991 2474 2038 Acta

532 2081 723 2128 fuerunt
745 2078 835 2125 hec
858 2077 907 2124 in
931 2091 1098 2139 campo
1122 2079 1231 2139 post
1255 2076 1446 2124 domum
1468 2076 1503 2122 J
1507 2075 1708 2124 ohannis
1735 2075 1882 2125 fabris
1905 2077 2179 2140 parochiani
2204 2079 2262 2125 de
2286 2079 2474 2142 Fynne—

533 2184 642 2231 wyn
666 2165 819 2215 coloni
843 2164 1155 2213 inhabitantis
1178 2165 1303 2227 apud
1338 2163 1383 2211 le
1420 2164 1683 2212 Parkfurde
1723 2168 1771 2212 et
1807 2163 2009 2214 colentis
2031 2169 2208 2214 terram
2245 2167 2304 2214 de
2339 2168 2473 2216 cuius

534 2258 717 2305 decima
739 2253 918 2318 garbali
958 2257 1032 2301 est
1070 2253 1395 2301 controuersia
1419 2252 1566 2300 Anno
1593 2269 1755 2302 mense
1793 2281 1803 2291 ·
1843 2281 1853 2291 ·
1892 2282 1903 2291 -
1939 2254 2111 2318 quibus
2133 2271 2276 2319 supra
2312 2283 2322 2293 ·
2360 2256 2472 2304 Pre-

532 2345 746 2396 sentibus
767 2344 942 2391 ibidem
968 2341 1332 2390 Venerabilibus
1366 2345 1419 2390 et‘
1452 2341 1671 2390 discretis
1693 2342 1805 2390 viris
1839 2342 2076 2406 magistris
2102 2343 2300 2392 Andrea
2325 2345 2472 2393 Mori-

532 2452 618 2486 son
640 2434 887 2482 licentiato
921 2432 970 2478 in
1004 2434 1204 2494 utroque
1232 2430 1340 2492 jure
1370 2430 1591 2479 Donaldo
1616 2430 1785 2479 Heriss
1819 2432 2065 2480 sacerdote
2090 2436 2139 2481 et
2162 2433 2386 2495 magistro
2422 2435 2470 2482 in

533 2525 715 2574 artibus
733 2522 917 2570 Thoma
935 2519 1107 2582 Ogiluy
1124 2523 1174 2567 et
1197 2519 1230 2566 J
1233 2519 1418 2567 ohanne
1437 2519 1575 2582 Dury
1594 2517 1780 2567 clericis
1797 2535 2012 2567 unacum
2027 2520 2233 2570 nonullis
2247 2521 2355 2571 aliis
2381 2551 2391 2560 ·
2421 2552 2428 2560 -
2458 2552 2468 2560 ·

601 2614 669 2661 Et
705 2613 808 2674 Ego
844 2609 1111 2657 Edwardus
1149 2608 1349 2656 Roberti
1383 2607 1620 2671 presbiter
1655 2607 1990 2657 Brechinensis
2014 2609 2230 2658 dioecesis
2253 2610 2469 2674 publicus

533 2703 789 2752 autoritate
813 2697 1045 2762 imperiali
1069 2697 1280 2745 notarius
1318 2725 1326 2734 -
1366 2697 1489 2752 Quia
1526 2724 1536 2734 ·
1575 2724 1586 2734 ·
1624 2724 1635 2734 ·

534 2902 771 2952 Reductio
801 2898 1068 2948 Balliuatus
1093 2897 1300 2946 Walteri
1336 2897 1600 2961 Dempstar
1637 2901 1685 2944 et
1722 2897 2036 2946 assedationis
2069 2901 2302 2946 terrarum
2329 2899 2467 2963 Epis-

532 2996 731 3059 copatus
754 2987 1087 3038 Brechinensis
1124 3015 1133 3024 ·
2389 2995 2392 2996 ⁷

311 3154 503 3200 LVIII.
537 3119 777 3199 Jacobus
801 3144 894 3192 Dei
916 3142 1070 3206 gratia
1097 3142 1207 3189 Rex
1232 3141 1479 3188 Scotorum
1506 3139 1790 3187 Vicecomiti
1825 3144 1873 3188 et
1909 3139 2097 3189 balliuis
2120 3140 2219 3189 suis
2254 3142 2313 3189 de
2348 3142 2462 3191 For-

530 3241 629 3287 fare
655 3235 870 3284 Salutem
907 3260 918 3269 ·
955 3230 1130 3279 Sciatis
1151 3245 1240 3278 nos
1265 3229 1501 3292 quoddam
1528 3230 1702 3276 Actum
1737 3228 1838 3277 siue
1873 3229 2117 3277 decretum
2141 3245 2226 3292 per
2247 3231 2462 3280 consules

531 3330 719 3375 nostros
755 3320 950 3369 inferius
988 3318 1250 3380 descriptos
1291 3318 1452 3365 datum
1491 3322 1539 3364 et
1577 3316 1921 3380 promulgatum
1960 3317 2139 3381 Utique
2179 3319 2460 3370 intellixisse
