3016 3958
1105 628 1398 683 CARTAE
1449 629 1945 688 ORIGINALES.
2078 655 2082 659 ·
2394 634 2499 692 171

337 905 529 953 CVIII.
563 871 959 955 Instrumentum
1002 921 1095 969 quo
1129 905 1305 969 probus
1344 905 1414 952 vir
1456 906 1694 954 Patricius
1731 906 1938 954 Nauchti
1975 907 2220 970 burgensis
2259 908 2318 955 de
2355 908 2493 956 Mon-

553 999 679 1044 tross
702 1011 834 1044 suam
875 994 1118 1043 licentiam
1156 995 1240 1042 dat
1263 994 1522 1042 venerabili
1557 995 1657 1042 viro
1696 995 1883 1043 domino
1922 996 2131 1044 Patricio
2156 996 2376 1058 Tyndaill
2416 1013 2492 1045 ca-

552 1083 741 1146 pellano
776 1085 838 1133 ad
879 1084 1246 1132 construendum
1284 1086 1333 1130 et
1365 1083 1705 1130 aedificandum
1745 1111 1754 1121 ·
1793 1110 1803 1119 ·
1843 1111 1853 1122 ·
1890 1085 2156 1147 sumptibus
2190 1089 2239 1132 et
2275 1087 2493 1148 expensis

551 1173 649 1221 suis
671 1176 828 1221 totum
852 1176 902 1221 et
926 1172 1159 1234 integrum
1194 1187 1377 1219 murum
1411 1170 1647 1223 borealem
1685 1175 1734 1218 et
1769 1171 2037 1234 angularem
2058 1173 2223 1222 domus
2246 1174 2494 1222 anterioris

550 1262 811 1310 tenementi
835 1262 910 1310 sui
927 1261 1135 1323 J'acentis
1158 1260 1281 1308 infra
1303 1259 1503 1322 burgum
1545 1260 1602 1307 de
1640 1260 1955 1315 Montrossin
1978 1261 2081 1308 vico
2105 1262 2249 1309 castri
2272 1278 2335 1310 ex
2357 1267 2491 1325 parte

550 1351 836 1400 occidentali
859 1351 1069 1413 ejusdem
1093 1350 1219 1398 inter
1240 1352 1515 1397 tenementa
1532 1349 1764 1412 praedicti
1784 1349 1979 1396 Patricii
1998 1350 2202 1399 Nauchti
2221 1352 2281 1398 ad
2299 1351 2489 1399 boream

549 1457 611 1487 ex
637 1457 730 1488 una
754 1443 803 1488 et
827 1440 1062 1503 quondam
1083 1439 1292 1486 Thomae
1318 1439 1471 1500 Barry
1490 1441 1539 1485 et
1561 1438 1797 1486 Mariotae
1818 1438 1941 1486 Cant
1964 1440 2026 1485 ad
2049 1443 2259 1488 austrum
2278 1440 2490 1503 partibus

549 1546 611 1576 ex
652 1529 805 1577 altera
839 1544 980 1592 super
1002 1527 1259 1576 australem
1283 1531 1333 1575 et
1357 1526 1627 1590 angularem
1655 1531 1840 1590 partem
1873 1528 2039 1576 domus
2073 1527 2323 1577 anterioris
2357 1532 2488 1576 tene-

549 1618 697 1666 menti
721 1617 836 1666 dicti
874 1616 1070 1665 Patricii
1096 1616 1317 1671 Nauchti,
1354 1616 1424 1664 ita
1447 1617 1572 1679 quod
1597 1615 1753 1664 dictus
1776 1631 1935 1664 murus
1968 1616 2204 1678 angularis
2238 1620 2485 1680 postquam

546 1708 690 1755 fuerit
705 1707 984 1756 aedificatus
1008 1710 1056 1754 et
1081 1709 1381 1754 constructus
1399 1721 1484 1768 per
1502 1705 1681 1752 dictum
1700 1705 1940 1752 dominum
1967 1705 2223 1752 Patricium
2248 1705 2310 1753 sit
2329 1709 2378 1753 et
2396 1706 2485 1752 erit

547 1797 822 1852 communis,
847 1796 895 1843 in
914 1795 1077 1858 wlgari
1100 1794 1145 1842 le
1162 1794 1336 1842 bowall
1358 1793 1543 1856 gawyll,
1569 1793 1796 1857 praefatis
1820 1793 2008 1840 domino
2033 1793 2241 1840 Patricio
2267 1793 2484 1856 Tyndaill

547 1890 597 1933 et
618 1885 827 1933 Patricio
847 1884 1050 1932 Nauchti
1069 1900 1081 1939 ;
1118 1882 1438 1946 Similiterque
1465 1882 1674 1930 Mariota
1689 1882 1812 1929 Cant
1837 1880 2004 1928 relicta
2021 1881 2255 1944 quondam
2275 1882 2481 1928 Thomae

549 1975 703 2037 Barry
720 1989 805 2037 pro
829 1989 880 2022 se
899 1977 948 2021 et
970 1973 1173 2021 haerede
1197 1988 1285 2020 suo
1309 1987 1416 2018 cum
1441 1986 1670 2019 consensu
1694 1974 1743 2017 et
1767 1985 1960 2018 assensu
1978 1970 2266 2032 quorundam
2291 1985 2485 2017 consan-

546 2063 819 2125 guineorum
843 2065 892 2109 et
911 2061 1165 2108 amicorum
1186 2060 1302 2107 dicti
1320 2059 1392 2107 sui
1409 2058 1626 2106 haeredis
1643 2074 1776 2106 suam
1795 2057 2034 2105 licentiam
2055 2058 2136 2105 dat
2152 2057 2279 2105 dicto
2294 2058 2481 2105 domino

549 2152 758 2200 Patricio
782 2148 1002 2213 Tyndaill
1036 2150 1098 2197 ad
1133 2149 1495 2197 construendum
1518 2151 1672 2194 totum
1697 2150 1745 2193 et
1769 2146 1999 2207 integrum
2023 2161 2204 2192 murum
2227 2145 2480 2205 australem

546 2247 596 2290 et
621 2241 892 2304 angularem
917 2241 1082 2287 domus
1105 2237 1355 2286 anterioris
1378 2235 1637 2283 tenementi
1661 2234 1732 2282 sui
1757 2233 1988 2297 praedicti
2010 2249 2150 2296 super
2173 2233 2407 2281 borealem
2431 2238 2479 2280 et

546 2329 816 2393 angularem
841 2332 1025 2392 partem
1061 2328 1228 2374 domus
1258 2324 1509 2373 anterioris
1542 2323 1698 2372 dictae
1738 2322 1975 2370 Mariotae
2014 2321 2138 2369 Cant
2175 2325 2225 2368 et
2263 2322 2478 2370 haeredis

547 2419 621 2467 sui
660 2446 670 2456 ·
706 2417 928 2465 Testibus
968 2414 1187 2463 discretis
1211 2413 1323 2461 viris
1347 2412 1535 2460 domino
1555 2411 1737 2458 Thoma
1763 2411 1971 2472 Ramsay
1994 2409 2237 2472 capellano
2259 2410 2294 2456 J
2296 2411 2478 2458 ohanne

549 2507 806 2557 Stratoune
843 2503 1063 2552 Waltero
1089 2503 1299 2563 Ramsay
1334 2499 1642 2561 burgensibus
1665 2500 1723 2545 de
1750 2498 1991 2546 Montross
2023 2497 2243 2545 ‚Johanne
2279 2498 2477 2546 Masone

548 2599 598 2643 et
620 2595 654 2642 J
658 2594 841 2642 ohanne
866 2589 1210 2652 Strathaquhin
1247 2616 1257 2626 ·
1292 2589 1326 2634 J
1330 2588 1512 2635 ohanne
1538 2586 1745 2634 Nauchti
1768 2585 1815 2631 in
1839 2585 2020 2633 artibus
2043 2584 2264 2647 magistro
2301 2586 2477 2648 presbi-

547 2689 623 2731 tro
649 2679 981 2730 Brechinensis
1005 2679 1115 2726 dioe0
1138 2676 1323 2725 notario
1360 2703 1370 2712 ·
1406 2675 1436 2721 5
1465 2674 1580 2735 May
1605 2673 1729 2721 1515
1767 2701 1778 2710 -

386 2958 524 3004 CIX.
558 2918 954 2999 Instrumentum
1004 2943 1218 2992 Saisinae
1269 2941 1515 3002 cujusdam
1561 2938 1821 2986 tenementi
1850 2937 2056 2999 jacentis
2091 2953 2152 2984 ex
2186 2941 2320 2999 parte
2357 2938 2477 2984 occi-

510 3084 513 3087 .
551 3036 731 3087 dentali
767 3034 989 3084 Civitatis
1024 3030 1355 3080 Brechinensis
1386 3029 1508 3076 inter
1530 3031 1683 3075 terras
1707 3026 1883 3074 domini
1904 3026 1938 3072 J
1942 3026 2139 3074 ohannis
2163 3026 2403 3089 Chepman
2427 3030 2475 3073 et

550 3125 838 3191 praetorium
865 3122 1181 3171 Brechinense
1219 3120 1281 3166 ad
1317 3118 1546 3165 orientem
1587 3119 1636 3163 et
1676 3119 1828 3162 terras
1855 3113 2047 3161 Ricardi
2072 3113 2247 3176 Turing
2269 3114 2329 3161 ad
2354 3115 2474 3160 occi-

553 3217 745 3264 dentem
781 3217 830 3261 et
867 3225 1161 3260 communem
1195 3207 1316 3254 viam
1354 3206 1529 3267 regiam
1563 3203 1624 3252 ad
1661 3206 1873 3250 austrum
1899 3205 1947 3249 et
1971 3202 2092 3248 viam
2117 3217 2239 3264 quae
2265 3203 2393 3249 ducit
2416 3203 2474 3249 ad

555 3300 822 3366 Petpodlox
845 3301 906 3347 ad
929 3299 1134 3351 boream,
1171 3299 1220 3343 et
1255 3294 1392 3341 unius
1420 3292 1577 3356 petiae
1600 3294 1755 3344 terra-e
1779 3289 1970 3338 arabilis
1985 3289 2190 3351 jacentis
2212 3305 2272 3336 ex
2310 3291 2470 3337 eadem
