<?xml version="1.0" encoding="UTF-8"?>
<!DOCTYPE html PUBLIC "-//W3C//DTD XHTML 1.0 Transitional//EN"
    "http://www.w3.org/TR/xhtml1/DTD/xhtml1-transitional.dtd">
<html xmlns="http://www.w3.org/1999/xhtml" xml:lang="en" lang="en">
 <head>
  <title>
</title>
<meta http-equiv="Content-Type" content="text/html;charset=utf-8" />
  <meta name='ocr-system' content='tesseract 3.04.00' />
  <meta name='ocr-capabilities' content='ocr_page ocr_carea ocr_par ocr_line ocrx_word'/>
</head>
<body>
  <div class='ocr_page' id='page_1' title='image "./registrumepiscop02brecuoft_0153.png"; bbox 0 0 3016 3958; ppageno 0'>
   <div class='ocr_carea' id='block_1_1' title="bbox 1087 635 2493 694">
    <p class='ocr_par' dir='ltr' id='par_1_1' title="bbox 1087 635 2493 694">
     <span class='ocr_line' id='line_1_1' title="bbox 1087 635 2493 694; baseline 0.001 -4"><span class='ocrx_word' id='word_1_1' title='bbox 1087 635 1381 691; x_wconf 83' lang='lat' dir='ltr'><strong>CARTAE</strong></span> <span class='ocrx_word' id='word_1_2' title='bbox 1426 636 1928 692; x_wconf 78' lang='lat' dir='ltr'><strong>ORIGINALES.</strong></span> <span class='ocrx_word' id='word_1_3' title='bbox 2386 640 2493 694; x_wconf 86' lang='lat'><strong>139</strong></span> 
     </span>
    </p>
   </div>
   <div class='ocr_carea' id='block_1_2' title="bbox 537 826 2493 3043">
    <p class='ocr_par' dir='ltr' id='par_1_2' title="bbox 537 826 2493 3043">
     <span class='ocr_line' id='line_1_2' title="bbox 541 826 2488 892; baseline 0.003 -20"><span class='ocrx_word' id='word_1_4' title='bbox 541 826 670 873; x_wconf 80' lang='lat' dir='ltr'><strong>curie</strong></span> <span class='ocrx_word' id='word_1_5' title='bbox 688 830 956 874; x_wconf 80' lang='lat' dir='ltr'><strong>sanctorum</strong></span> <span class='ocrx_word' id='word_1_6' title='bbox 988 855 998 864; x_wconf 89' lang='lat'><strong>·</strong></span> <span class='ocrx_word' id='word_1_7' title='bbox 1039 855 1047 863; x_wconf 92' lang='lat'>-</span> <span class='ocrx_word' id='word_1_8' title='bbox 1089 855 1098 864; x_wconf 91' lang='lat'><strong>·</strong></span> <span class='ocrx_word' id='word_1_9' title='bbox 1125 827 1311 876; x_wconf 78' lang='lat' dir='ltr'>dedisse</span> <span class='ocrx_word' id='word_1_10' title='bbox 1339 855 1349 865; x_wconf 90' lang='lat'><strong>·</strong></span> <span class='ocrx_word' id='word_1_11' title='bbox 1390 856 1398 865; x_wconf 93' lang='lat'><strong>·</strong></span> <span class='ocrx_word' id='word_1_12' title='bbox 1438 856 1448 865; x_wconf 92' lang='lat'><strong>·</strong></span> <span class='ocrx_word' id='word_1_13' title='bbox 1475 829 1582 876; x_wconf 90' lang='lat' dir='ltr'><strong>Deo</strong></span> <span class='ocrx_word' id='word_1_14' title='bbox 1612 857 1620 865; x_wconf 94' lang='lat'><strong>·</strong></span> <span class='ocrx_word' id='word_1_15' title='bbox 1661 857 1670 866; x_wconf 90' lang='lat'><em>-</em></span> <span class='ocrx_word' id='word_1_16' title='bbox 1711 857 1720 866; x_wconf 90' lang='lat'><strong>·</strong></span> <span class='ocrx_word' id='word_1_17' title='bbox 1747 833 1796 876; x_wconf 93' lang='lat' dir='ltr'><strong>et</strong></span> <span class='ocrx_word' id='word_1_18' title='bbox 1816 827 2075 892; x_wconf 81' lang='lat' dir='ltr'><strong>capellanis</strong></span> <span class='ocrx_word' id='word_1_19' title='bbox 2091 829 2138 875; x_wconf 92' lang='lat' dir='ltr'><strong>in</strong></span> <span class='ocrx_word' id='word_1_20' title='bbox 2165 828 2308 877; x_wconf 81' lang='lat' dir='ltr'><strong>choro</strong></span> <span class='ocrx_word' id='word_1_21' title='bbox 2327 830 2488 877; x_wconf 82' lang='lat' dir='ltr'><strong>cathe—</strong></span> 
     </span>
     <span class='ocr_line' id='line_1_3' title="bbox 542 914 2488 981; baseline 0.002 -20"><span class='ocrx_word' id='word_1_22' title='bbox 542 914 660 962; x_wconf 84' lang='lat' dir='ltr'><strong>drali</strong></span> <span class='ocrx_word' id='word_1_23' title='bbox 701 915 1009 964; x_wconf 85' lang='lat' dir='ltr'><strong>Breohinensi</strong></span> <span class='ocrx_word' id='word_1_24' title='bbox 1048 945 1058 953; x_wconf 81' lang='lat'><em>-</em></span> <span class='ocrx_word' id='word_1_25' title='bbox 1099 944 1107 953; x_wconf 95' lang='lat'>-</span> <span class='ocrx_word' id='word_1_26' title='bbox 1148 945 1157 954; x_wconf 90' lang='lat'><strong>·</strong></span> <span class='ocrx_word' id='word_1_27' title='bbox 1194 921 1244 964; x_wconf 89' lang='lat' dir='ltr'><strong>et</strong></span> <span class='ocrx_word' id='word_1_28' title='bbox 1279 917 1377 966; x_wconf 87' lang='lat' dir='ltr'><strong>suis</strong></span> <span class='ocrx_word' id='word_1_29' title='bbox 1412 918 1768 966; x_wconf 83' lang='lat' dir='ltr'><strong>suecessoribus</strong></span> <span class='ocrx_word' id='word_1_30' title='bbox 1803 918 2152 981; x_wconf 76' lang='lat' dir='ltr'><strong>imperpetuum</strong></span> <span class='ocrx_word' id='word_1_31' title='bbox 2201 933 2288 981; x_wconf 92' lang='lat' dir='ltr'><strong>pro</strong></span> <span class='ocrx_word' id='word_1_32' title='bbox 2334 917 2488 966; x_wconf 86' lang='lat' dir='ltr'><strong>salute</strong></span> 
     </span>
     <span class='ocr_line' id='line_1_4' title="bbox 540 1005 2485 1071; baseline 0.003 -21"><span class='ocrx_word' id='word_1_33' title='bbox 540 1005 695 1051; x_wconf 88' lang='lat' dir='ltr'><strong>anime</strong></span> <span class='ocrx_word' id='word_1_34' title='bbox 721 1020 823 1052; x_wconf 90' lang='lat' dir='ltr'><strong>mee</strong></span> <span class='ocrx_word' id='word_1_35' title='bbox 849 1009 898 1053; x_wconf 92' lang='lat' dir='ltr'><strong>et</strong></span> <span class='ocrx_word' id='word_1_36' title='bbox 921 1005 1100 1054; x_wconf 80' lang='lat' dir='ltr'><strong>Jonete</strong></span> <span class='ocrx_word' id='word_1_37' title='bbox 1124 1021 1296 1070; x_wconf 88' lang='lat' dir='ltr'><strong>sponse</strong></span> <span class='ocrx_word' id='word_1_38' title='bbox 1320 1022 1424 1055; x_wconf 91' lang='lat' dir='ltr'><strong>mee</strong></span> <span class='ocrx_word' id='word_1_39' title='bbox 1448 1010 1498 1055; x_wconf 89' lang='lat' dir='ltr'><strong>et</strong></span> <span class='ocrx_word' id='word_1_40' title='bbox 1523 1006 1787 1055; x_wconf 88' lang='lat' dir='ltr'><strong>animarum</strong></span> <span class='ocrx_word' id='word_1_41' title='bbox 1813 1007 1965 1071; x_wconf 84' lang='lat' dir='ltr'><strong>patris</strong></span> <span class='ocrx_word' id='word_1_42' title='bbox 1987 1007 2081 1055; x_wconf 90' lang='lat' dir='ltr'><strong>mei</strong></span> <span class='ocrx_word' id='word_1_43' title='bbox 2117 1010 2167 1055; x_wconf 91' lang='lat' dir='ltr'><strong>et</strong></span> <span class='ocrx_word' id='word_1_44' title='bbox 2190 1007 2358 1056; x_wconf 85' lang='lat' dir='ltr'><strong>matris</strong></span> <span class='ocrx_word' id='word_1_45' title='bbox 2381 1023 2485 1055; x_wconf 91' lang='lat' dir='ltr'><strong>mee</strong></span> 
     </span>
     <span class='ocr_line' id='line_1_5' title="bbox 541 1092 2485 1159; baseline 0.002 -19"><span class='ocrx_word' id='word_1_46' title='bbox 541 1097 590 1140; x_wconf 92' lang='lat' dir='ltr'><strong>et</strong></span> <span class='ocrx_word' id='word_1_47' title='bbox 615 1093 822 1142; x_wconf 91' lang='lat' dir='ltr'><strong>omnium</strong></span> <span class='ocrx_word' id='word_1_48' title='bbox 843 1092 1028 1143; x_wconf 87' lang='lat' dir='ltr'><strong>illorum</strong></span> <span class='ocrx_word' id='word_1_49' title='bbox 1055 1094 1224 1158; x_wconf 86' lang='lat' dir='ltr'><strong>quibus</strong></span> <span class='ocrx_word' id='word_1_50' title='bbox 1247 1094 1424 1159; x_wconf 87' lang='lat' dir='ltr'><strong>deliqui</strong></span> <span class='ocrx_word' id='word_1_51' title='bbox 1462 1124 1472 1134; x_wconf 86' lang='lat'><strong>·</strong></span> <span class='ocrx_word' id='word_1_52' title='bbox 1512 1124 1522 1133; x_wconf 90' lang='lat'><strong>·</strong></span> <span class='ocrx_word' id='word_1_53' title='bbox 1561 1124 1571 1133; x_wconf 91' lang='lat'><strong>·</strong></span> <span class='ocrx_word' id='word_1_54' title='bbox 1607 1111 1665 1144; x_wconf 88' lang='lat' dir='ltr'><strong>ae</strong></span> <span class='ocrx_word' id='word_1_55' title='bbox 1689 1097 1896 1145; x_wconf 90' lang='lat' dir='ltr'><strong>omnium</strong></span> <span class='ocrx_word' id='word_1_56' title='bbox 1922 1095 2132 1144; x_wconf 87' lang='lat' dir='ltr'><strong>fidelium</strong></span> <span class='ocrx_word' id='word_1_57' title='bbox 2157 1095 2485 1144; x_wconf 77' lang='lat' dir='ltr'><strong>defunctorum</strong></span> 
     </span>
     <span class='ocr_line' id='line_1_6' title="bbox 541 1188 2486 1255; baseline 0.002 -21"><span class='ocrx_word' id='word_1_58' title='bbox 541 1189 588 1235; x_wconf 92' lang='lat' dir='ltr'><strong>in</strong></span> <span class='ocrx_word' id='word_1_59' title='bbox 607 1203 772 1251; x_wconf 86' lang='lat' dir='ltr'><strong>puram</strong></span> <span class='ocrx_word' id='word_1_60' title='bbox 793 1192 842 1236; x_wconf 90' lang='lat' dir='ltr'><strong>et</strong></span> <span class='ocrx_word' id='word_1_61' title='bbox 861 1192 1139 1252; x_wconf 86' lang='lat' dir='ltr'><strong>perpetuam</strong></span> <span class='ocrx_word' id='word_1_62' title='bbox 1159 1188 1464 1238; x_wconf 84' lang='lat' dir='ltr'>elemosinam</span> <span class='ocrx_word' id='word_1_63' title='bbox 1484 1206 1626 1239; x_wconf 86' lang='lat' dir='ltr'><strong>vnum</strong></span> <span class='ocrx_word' id='word_1_64' title='bbox 1643 1207 1850 1240; x_wconf 85' lang='lat' dir='ltr'><strong>annuum</strong></span> <span class='ocrx_word' id='word_1_65' title='bbox 1872 1191 2109 1239; x_wconf 89' lang='lat' dir='ltr'><strong>redditum</strong></span> <span class='ocrx_word' id='word_1_66' title='bbox 2130 1191 2486 1255; x_wconf 82' lang='lat' dir='ltr'><strong>quatuordecim</strong></span> 
     </span>
     <span class='ocr_line' id='line_1_7' title="bbox 541 1275 2489 1342; baseline 0.001 -17"><span class='ocrx_word' id='word_1_67' title='bbox 541 1275 796 1325; x_wconf 88' lang='lat' dir='ltr'><strong>solidorum</strong></span> <span class='ocrx_word' id='word_1_68' title='bbox 823 1276 998 1325; x_wconf 85' lang='lat' dir='ltr'><strong>vsualis</strong></span> <span class='ocrx_word' id='word_1_69' title='bbox 1032 1283 1223 1326; x_wconf 89' lang='lat' dir='ltr'><strong>monete</strong></span> <span class='ocrx_word' id='word_1_70' title='bbox 1249 1278 1411 1327; x_wconf 84' lang='lat' dir='ltr'><strong>Sootie</strong></span> <span class='ocrx_word' id='word_1_71' title='bbox 1446 1280 1692 1328; x_wconf 73' lang='lat' dir='ltr'><strong>annuatim</strong></span> <span class='ocrx_word' id='word_1_72' title='bbox 1718 1282 1777 1328; x_wconf 90' lang='lat' dir='ltr'><strong>de</strong></span> <span class='ocrx_word' id='word_1_73' title='bbox 1805 1285 1908 1329; x_wconf 87' lang='lat' dir='ltr'><strong>toto</strong></span> <span class='ocrx_word' id='word_1_74' title='bbox 1932 1285 1981 1328; x_wconf 92' lang='lat' dir='ltr'><strong>et</strong></span> <span class='ocrx_word' id='word_1_75' title='bbox 2005 1280 2190 1342; x_wconf 83' lang='lat' dir='ltr'><strong>integro</strong></span> <span class='ocrx_word' id='word_1_76' title='bbox 2214 1295 2320 1327; x_wconf 93' lang='lat' dir='ltr'><strong>meo</strong></span> <span class='ocrx_word' id='word_1_77' title='bbox 2357 1283 2489 1327; x_wconf 91' lang='lat' dir='ltr'><strong>tene-</strong></span> 
     </span>
     <span class='ocr_line' id='line_1_8' title="bbox 541 1366 2490 1435; baseline 0.002 -22"><span class='ocrx_word' id='word_1_78' title='bbox 541 1370 702 1414; x_wconf 90' lang='lat' dir='ltr'><strong>mento</strong></span> <span class='ocrx_word' id='word_1_79' title='bbox 732 1366 925 1427; x_wconf 82' lang='lat' dir='ltr'><strong>jacente</strong></span> <span class='ocrx_word' id='word_1_80' title='bbox 950 1366 1073 1414; x_wconf 90' lang='lat' dir='ltr'><strong>infra</strong></span> <span class='ocrx_word' id='word_1_81' title='bbox 1105 1366 1365 1416; x_wconf 87' lang='lat' dir='ltr'><strong>Ciuitatem</strong></span> <span class='ocrx_word' id='word_1_82' title='bbox 1391 1369 1760 1418; x_wconf 86' lang='lat' dir='ltr'><strong>Breehinensem</strong></span> <span class='ocrx_word' id='word_1_83' title='bbox 1787 1386 1849 1418; x_wconf 89' lang='lat' dir='ltr'><strong>ex</strong></span> <span class='ocrx_word' id='word_1_84' title='bbox 1873 1375 2010 1435; x_wconf 85' lang='lat' dir='ltr'><strong>parte</strong></span> <span class='ocrx_word' id='word_1_85' title='bbox 2035 1369 2256 1418; x_wconf 76' lang='lat' dir='ltr'><strong>orientali</strong></span> <span class='ocrx_word' id='word_1_86' title='bbox 2281 1369 2490 1418; x_wconf 86' lang='lat' dir='ltr'><strong>eiusdem</strong></span> 
     </span>
     <span class='ocr_line' id='line_1_9' title="bbox 540 1455 2488 1509; baseline 0.003 -7"><span class='ocrx_word' id='word_1_87' title='bbox 540 1456 667 1503; x_wconf 90' lang='lat' dir='ltr'><strong>inter</strong></span> <span class='ocrx_word' id='word_1_88' title='bbox 679 1459 834 1503; x_wconf 85' lang='lat' dir='ltr'><strong>terras</strong></span> <span class='ocrx_word' id='word_1_89' title='bbox 851 1455 885 1502; x_wconf 81' lang='lat' dir='ltr'><strong>J</strong></span> <span class='ocrx_word' id='word_1_90' title='bbox 889 1455 1089 1504; x_wconf 87' lang='lat' dir='ltr'><strong>ohannis</strong></span> <span class='ocrx_word' id='word_1_91' title='bbox 1105 1456 1221 1504; x_wconf 85' lang='lat' dir='ltr'><strong>Scot</strong></span> <span class='ocrx_word' id='word_1_92' title='bbox 1240 1458 1301 1504; x_wconf 88' lang='lat' dir='ltr'><strong>ad</strong></span> <span class='ocrx_word' id='word_1_93' title='bbox 1320 1462 1533 1506; x_wconf 87' lang='lat' dir='ltr'><strong>austrum</strong></span> <span class='ocrx_word' id='word_1_94' title='bbox 1551 1463 1601 1507; x_wconf 89' lang='lat' dir='ltr'><strong>et</strong></span> <span class='ocrx_word' id='word_1_95' title='bbox 1615 1464 1771 1508; x_wconf 86' lang='lat' dir='ltr'><strong>terras</strong></span> <span class='ocrx_word' id='word_1_96' title='bbox 1787 1461 1952 1509; x_wconf 78' lang='lat' dir='ltr'><strong>Sancti</strong></span> <span class='ocrx_word' id='word_1_97' title='bbox 1972 1460 2165 1508; x_wconf 88' lang='lat' dir='ltr'><strong>Niniani</strong></span> <span class='ocrx_word' id='word_1_98' title='bbox 2180 1461 2241 1507; x_wconf 84' lang='lat' dir='ltr'><strong>ad</strong></span> <span class='ocrx_word' id='word_1_99' title='bbox 2257 1460 2451 1508; x_wconf 89' lang='lat' dir='ltr'><strong>boream</strong></span> <span class='ocrx_word' id='word_1_100' title='bbox 2479 1488 2488 1497; x_wconf 88' lang='lat'><strong>·</strong></span> 
     </span>
     <span class='ocr_line' id='line_1_10' title="bbox 542 1545 2487 1610; baseline 0.002 -18"><span class='ocrx_word' id='word_1_101' title='bbox 542 1546 609 1592; x_wconf 91' lang='lat' dir='ltr'><strong>Et</strong></span> <span class='ocrx_word' id='word_1_102' title='bbox 647 1560 942 1593; x_wconf 83' lang='lat' dir='ltr'><strong>communem</strong></span> <span class='ocrx_word' id='word_1_103' title='bbox 982 1545 1106 1593; x_wconf 85' lang='lat' dir='ltr'><strong>viam</strong></span> <span class='ocrx_word' id='word_1_104' title='bbox 1146 1547 1322 1610; x_wconf 87' lang='lat' dir='ltr'><strong>regiam</strong></span> <span class='ocrx_word' id='word_1_105' title='bbox 1358 1549 1419 1595; x_wconf 89' lang='lat' dir='ltr'><strong>ad</strong></span> <span class='ocrx_word' id='word_1_106' title='bbox 1444 1549 1739 1597; x_wconf 82' lang='lat' dir='ltr'><strong>occidentem</strong></span> <span class='ocrx_word' id='word_1_107' title='bbox 1781 1579 1790 1588; x_wconf 91' lang='lat'><strong>·</strong></span> <span class='ocrx_word' id='word_1_108' title='bbox 1829 1551 1895 1598; x_wconf 91' lang='lat' dir='ltr'><strong>Et</strong></span> <span class='ocrx_word' id='word_1_109' title='bbox 1918 1554 2074 1598; x_wconf 85' lang='lat' dir='ltr'><strong>terras</strong></span> <span class='ocrx_word' id='word_1_110' title='bbox 2097 1549 2303 1598; x_wconf 89' lang='lat' dir='ltr'><strong>arabiles</strong></span> <span class='ocrx_word' id='word_1_111' title='bbox 2327 1549 2487 1597; x_wconf 89' lang='lat' dir='ltr'><strong>Dauid</strong></span> 
     </span>
     <span class='ocr_line' id='line_1_11' title="bbox 543 1634 2493 1703; baseline 0.003 -22"><span class='ocrx_word' id='word_1_112' title='bbox 543 1635 727 1683; x_wconf 85' lang='lat' dir='ltr'><strong>Baxter</strong></span> <span class='ocrx_word' id='word_1_113' title='bbox 750 1635 811 1682; x_wconf 87' lang='lat' dir='ltr'><strong>ad</strong></span> <span class='ocrx_word' id='word_1_114' title='bbox 838 1634 1068 1683; x_wconf 87' lang='lat' dir='ltr'><strong>orientem</strong></span> <span class='ocrx_word' id='word_1_115' title='bbox 1094 1651 1292 1684; x_wconf 86' lang='lat' dir='ltr'><strong>vnaoum</strong></span> <span class='ocrx_word' id='word_1_116' title='bbox 1329 1652 1441 1686; x_wconf 85' lang='lat' dir='ltr'><strong>aera</strong></span> <span class='ocrx_word' id='word_1_117' title='bbox 1475 1642 1602 1687; x_wconf 87' lang='lat' dir='ltr'><strong>terre</strong></span> <span class='ocrx_word' id='word_1_118' title='bbox 1627 1639 1821 1688; x_wconf 88' lang='lat' dir='ltr'><strong>arabilis</strong></span> <span class='ocrx_word' id='word_1_119' title='bbox 1847 1640 2000 1688; x_wconf 91' lang='lat' dir='ltr'><strong>eidem</strong></span> <span class='ocrx_word' id='word_1_120' title='bbox 2037 1643 2311 1688; x_wconf 88' lang='lat' dir='ltr'><strong>tenemento</strong></span> <span class='ocrx_word' id='word_1_121' title='bbox 2347 1639 2493 1703; x_wconf 86' lang='lat' dir='ltr'><strong>perti-</strong></span> 
     </span>
     <span class='ocr_line' id='line_1_12' title="bbox 541 1724 2489 1789; baseline 0.002 -18"><span class='ocrx_word' id='word_1_122' title='bbox 541 1729 684 1773; x_wconf 91' lang='lat' dir='ltr'><strong>nente</strong></span> <span class='ocrx_word' id='word_1_123' title='bbox 719 1724 909 1787; x_wconf 82' lang='lat' dir='ltr'><strong>jacente</strong></span> <span class='ocrx_word' id='word_1_124' title='bbox 945 1741 1008 1772; x_wconf 88' lang='lat' dir='ltr'><strong>ex</strong></span> <span class='ocrx_word' id='word_1_125' title='bbox 1042 1731 1180 1789; x_wconf 88' lang='lat' dir='ltr'><strong>parte</strong></span> <span class='ocrx_word' id='word_1_126' title='bbox 1227 1726 1426 1775; x_wconf 82' lang='lat' dir='ltr'><strong>australi</strong></span> <span class='ocrx_word' id='word_1_127' title='bbox 1463 1728 1591 1777; x_wconf 82' lang='lat' dir='ltr'><strong>dicte</strong></span> <span class='ocrx_word' id='word_1_128' title='bbox 1628 1728 1855 1778; x_wconf 87' lang='lat' dir='ltr'><strong>Ciuitatis</strong></span> <span class='ocrx_word' id='word_1_129' title='bbox 1892 1730 2018 1776; x_wconf 91' lang='lat' dir='ltr'><strong>inter</strong></span> <span class='ocrx_word' id='word_1_130' title='bbox 2057 1733 2212 1777; x_wconf 88' lang='lat' dir='ltr'><strong>terras</strong></span> <span class='ocrx_word' id='word_1_131' title='bbox 2252 1729 2489 1776; x_wconf 87' lang='lat' dir='ltr'><strong>Johannis</strong></span> 
     </span>
     <span class='ocr_line' id='line_1_13' title="bbox 543 1813 2491 1882; baseline 0.002 -20"><span class='ocrx_word' id='word_1_132' title='bbox 543 1815 658 1862; x_wconf 86' lang='lat' dir='ltr'><strong>Soot</strong></span> <span class='ocrx_word' id='word_1_133' title='bbox 697 1815 758 1862; x_wconf 88' lang='lat' dir='ltr'><strong>ad</strong></span> <span class='ocrx_word' id='word_1_134' title='bbox 797 1813 988 1862; x_wconf 88' lang='lat' dir='ltr'><strong>boream</strong></span> <span class='ocrx_word' id='word_1_135' title='bbox 1027 1819 1077 1862; x_wconf 90' lang='lat' dir='ltr'><strong>et</strong></span> <span class='ocrx_word' id='word_1_136' title='bbox 1115 1830 1253 1864; x_wconf 83' lang='lat' dir='ltr'><strong>aeras</strong></span> <span class='ocrx_word' id='word_1_137' title='bbox 1276 1815 1310 1862; x_wconf 88' lang='lat' dir='ltr'><strong>J</strong></span> <span class='ocrx_word' id='word_1_138' title='bbox 1314 1817 1512 1866; x_wconf 87' lang='lat' dir='ltr'><strong>ohannis</strong></span> <span class='ocrx_word' id='word_1_139' title='bbox 1537 1818 1705 1882; x_wconf 85' lang='lat' dir='ltr'><strong>dey</strong></span> <span class='ocrx_word' id='word_1_140' title='bbox 1739 1823 1788 1866; x_wconf 91' lang='lat' dir='ltr'><strong>et</strong></span> <span class='ocrx_word' id='word_1_141' title='bbox 1823 1820 1856 1865; x_wconf 83' lang='lat' dir='ltr'><strong>J</strong></span> <span class='ocrx_word' id='word_1_142' title='bbox 1862 1819 2061 1868; x_wconf 86' lang='lat' dir='ltr'><strong>ohannis</strong></span> <span class='ocrx_word' id='word_1_143' title='bbox 2087 1819 2271 1868; x_wconf 89' lang='lat' dir='ltr'><strong>Guthre</strong></span> <span class='ocrx_word' id='word_1_144' title='bbox 2296 1819 2356 1866; x_wconf 90' lang='lat' dir='ltr'><strong>ad</strong></span> <span class='ocrx_word' id='word_1_145' title='bbox 2384 1834 2491 1866; x_wconf 86' lang='lat' dir='ltr'><strong>aus-</strong></span> 
     </span>
     <span class='ocr_line' id='line_1_14' title="bbox 540 1903 2491 1957; baseline 0.002 -6"><span class='ocrx_word' id='word_1_146' title='bbox 540 1908 668 1951; x_wconf 88' lang='lat' dir='ltr'><strong>trum</strong></span> <span class='ocrx_word' id='word_1_147' title='bbox 708 1932 717 1942; x_wconf 91' lang='lat'><strong>·</strong></span> <span class='ocrx_word' id='word_1_148' title='bbox 756 1903 1032 1952; x_wconf 86' lang='lat' dir='ltr'><strong>Tenendum</strong></span> <span class='ocrx_word' id='word_1_149' title='bbox 1071 1909 1121 1952; x_wconf 90' lang='lat' dir='ltr'><strong>et</strong></span> <span class='ocrx_word' id='word_1_150' title='bbox 1159 1905 1426 1954; x_wconf 89' lang='lat' dir='ltr'><strong>habendum</strong></span> <span class='ocrx_word' id='word_1_151' title='bbox 1467 1907 1645 1956; x_wconf 83' lang='lat' dir='ltr'><strong>dietum</strong></span> <span class='ocrx_word' id='word_1_152' title='bbox 1681 1925 1889 1957; x_wconf 88' lang='lat' dir='ltr'><strong>annuum</strong></span> <span class='ocrx_word' id='word_1_153' title='bbox 1927 1909 2162 1957; x_wconf 90' lang='lat' dir='ltr'><strong>redditum</strong></span> <span class='ocrx_word' id='word_1_154' title='bbox 2203 1937 2213 1946; x_wconf 91' lang='lat'>-</span> <span class='ocrx_word' id='word_1_155' title='bbox 2253 1937 2263 1946; x_wconf 92' lang='lat'>-</span> <span class='ocrx_word' id='word_1_156' title='bbox 2302 1936 2312 1946; x_wconf 91' lang='lat'><strong>·</strong></span> <span class='ocrx_word' id='word_1_157' title='bbox 2350 1908 2491 1956; x_wconf 84' lang='lat' dir='ltr'><strong>dictis</strong></span> 
     </span>
     <span class='ocr_line' id='line_1_15' title="bbox 542 1994 2488 2058; baseline 0.001 -17"><span class='ocrx_word' id='word_1_158' title='bbox 542 1994 801 2057; x_wconf 81' lang='lat' dir='ltr'><strong>capellanis</strong></span> <span class='ocrx_word' id='word_1_159' title='bbox 840 2021 850 2031; x_wconf 92' lang='lat'><strong>·</strong></span> <span class='ocrx_word' id='word_1_160' title='bbox 891 2022 899 2031; x_wconf 91' lang='lat'><em>-</em></span> <span class='ocrx_word' id='word_1_161' title='bbox 939 2023 949 2032; x_wconf 89' lang='lat'><strong>·</strong></span> <span class='ocrx_word' id='word_1_162' title='bbox 986 1995 1034 2041; x_wconf 88' lang='lat' dir='ltr'><strong>in</strong></span> <span class='ocrx_word' id='word_1_163' title='bbox 1077 2000 1354 2058; x_wconf 86' lang='lat' dir='ltr'><strong>perpetuam</strong></span> <span class='ocrx_word' id='word_1_164' title='bbox 1396 1995 1703 2046; x_wconf 81' lang='lat' dir='ltr'><strong>elemosinam</strong></span> <span class='ocrx_word' id='word_1_165' title='bbox 1743 2027 1753 2037; x_wconf 90' lang='lat'><strong>·</strong></span> <span class='ocrx_word' id='word_1_166' title='bbox 1793 1999 2058 2046; x_wconf 89' lang='lat' dir='ltr'><strong>Reddendo</strong></span> <span class='ocrx_word' id='word_1_167' title='bbox 2099 1998 2209 2046; x_wconf 89' lang='lat' dir='ltr'><strong>inde</strong></span> <span class='ocrx_word' id='word_1_168' title='bbox 2244 1997 2488 2044; x_wconf 87' lang='lat' dir='ltr'><strong>annuatim</strong></span> 
     </span>
     <span class='ocr_line' id='line_1_16' title="bbox 543 2083 2492 2151; baseline 0.001 -19"><span class='ocrx_word' id='word_1_169' title='bbox 543 2085 659 2132; x_wconf 83' lang='lat' dir='ltr'><strong>dieti</strong></span> <span class='ocrx_word' id='word_1_170' title='bbox 684 2083 916 2148; x_wconf 83' lang='lat' dir='ltr'><strong>capellani</strong></span> <span class='ocrx_word' id='word_1_171' title='bbox 955 2087 1005 2132; x_wconf 93' lang='lat' dir='ltr'><strong>et</strong></span> <span class='ocrx_word' id='word_1_172' title='bbox 1044 2084 1117 2132; x_wconf 85' lang='lat' dir='ltr'><strong>sui</strong></span> <span class='ocrx_word' id='word_1_173' title='bbox 1154 2100 1452 2135; x_wconf 78' lang='lat' dir='ltr'><strong>successores</strong></span> <span class='ocrx_word' id='word_1_174' title='bbox 1490 2087 1714 2151; x_wconf 87' lang='lat' dir='ltr'><strong>quamdiu</strong></span> <span class='ocrx_word' id='word_1_175' title='bbox 1737 2088 1900 2135; x_wconf 81' lang='lat' dir='ltr'><strong>vixero</strong></span> <span class='ocrx_word' id='word_1_176' title='bbox 1924 2103 2063 2135; x_wconf 85' lang='lat' dir='ltr'><strong>vnam</strong></span> <span class='ocrx_word' id='word_1_177' title='bbox 2088 2088 2278 2136; x_wconf 83' lang='lat' dir='ltr'><strong>missam</strong></span> <span class='ocrx_word' id='word_1_178' title='bbox 2316 2088 2374 2134; x_wconf 93' lang='lat' dir='ltr'><strong>de</strong></span> <span class='ocrx_word' id='word_1_179' title='bbox 2411 2103 2492 2133; x_wconf 91' lang='lat' dir='ltr'><strong>no-</strong></span> 
     </span>
     <span class='ocr_line' id='line_1_17' title="bbox 543 2174 2487 2239; baseline 0.001 -18"><span class='ocrx_word' id='word_1_180' title='bbox 543 2175 668 2221; x_wconf 90' lang='lat' dir='ltr'><strong>mine</strong></span> <span class='ocrx_word' id='word_1_181' title='bbox 691 2174 724 2221; x_wconf 86' lang='lat' dir='ltr'><strong>J</strong></span> <span class='ocrx_word' id='word_1_182' title='bbox 729 2174 847 2222; x_wconf 88' lang='lat' dir='ltr'><strong>besu</strong></span> <span class='ocrx_word' id='word_1_183' title='bbox 871 2189 956 2237; x_wconf 90' lang='lat' dir='ltr'><strong>per</strong></span> <span class='ocrx_word' id='word_1_184' title='bbox 979 2174 1294 2238; x_wconf 85' lang='lat' dir='ltr'><strong>quadraginta</strong></span> <span class='ocrx_word' id='word_1_185' title='bbox 1318 2175 1421 2224; x_wconf 87' lang='lat' dir='ltr'><strong>dies</strong></span> <span class='ocrx_word' id='word_1_186' title='bbox 1437 2175 1557 2224; x_wconf 85' lang='lat' dir='ltr'><strong>feria</strong></span> <span class='ocrx_word' id='word_1_187' title='bbox 1574 2181 1715 2225; x_wconf 85' lang='lat' dir='ltr'><strong>sexta</strong></span> <span class='ocrx_word' id='word_1_188' title='bbox 1732 2177 1999 2225; x_wconf 82' lang='lat' dir='ltr'><strong>successiue</strong></span> <span class='ocrx_word' id='word_1_189' title='bbox 2038 2204 2047 2214; x_wconf 92' lang='lat'><strong>·</strong></span> <span class='ocrx_word' id='word_1_190' title='bbox 2086 2177 2152 2224; x_wconf 90' lang='lat' dir='ltr'><strong>Et</strong></span> <span class='ocrx_word' id='word_1_191' title='bbox 2176 2180 2284 2239; x_wconf 90' lang='lat' dir='ltr'><strong>post</strong></span> <span class='ocrx_word' id='word_1_192' title='bbox 2309 2176 2487 2223; x_wconf 91' lang='lat' dir='ltr'><strong>obitum</strong></span> 
     </span>
     <span class='ocr_line' id='line_1_18' title="bbox 544 2262 2490 2333; baseline 0.001 -23"><span class='ocrx_word' id='word_1_193' title='bbox 544 2279 697 2310; x_wconf 89' lang='lat' dir='ltr'><strong>meum</strong></span> <span class='ocrx_word' id='word_1_194' title='bbox 737 2263 784 2310; x_wconf 90' lang='lat' dir='ltr'><strong>in</strong></span> <span class='ocrx_word' id='word_1_195' title='bbox 825 2263 901 2310; x_wconf 91' lang='lat' dir='ltr'><strong>die</strong></span> <span class='ocrx_word' id='word_1_196' title='bbox 935 2262 1099 2311; x_wconf 88' lang='lat' dir='ltr'><strong>obitus</strong></span> <span class='ocrx_word' id='word_1_197' title='bbox 1134 2263 1228 2311; x_wconf 92' lang='lat' dir='ltr'><strong>mei</strong></span> <span class='ocrx_word' id='word_1_198' title='bbox 1269 2280 1410 2333; x_wconf 86' lang='lat' dir='ltr'><strong>vnum</strong></span> <span class='ocrx_word' id='word_1_199' title='bbox 1450 2265 1825 2315; x_wconf 86' lang='lat' dir='ltr'><strong>anniuersarium</strong></span> <span class='ocrx_word' id='word_1_200' title='bbox 1861 2283 1966 2314; x_wconf 87' lang='lat' dir='ltr'><strong>oum</strong></span> <span class='ocrx_word' id='word_1_201' title='bbox 2007 2265 2212 2314; x_wconf 88' lang='lat' dir='ltr'><strong>Plaoebo</strong></span> <span class='ocrx_word' id='word_1_202' title='bbox 2250 2265 2415 2327; x_wconf 83' lang='lat' dir='ltr'><strong>Dirige</strong></span> <span class='ocrx_word' id='word_1_203' title='bbox 2441 2268 2490 2312; x_wconf 91' lang='lat' dir='ltr'><strong>et</strong></span> 
     </span>
     <span class='ocr_line' id='line_1_19' title="bbox 544 2351 2493 2419; baseline 0.001 -20"><span class='ocrx_word' id='word_1_204' title='bbox 544 2353 735 2401; x_wconf 85' lang='lat' dir='ltr'><strong>missam</strong></span> <span class='ocrx_word' id='word_1_205' title='bbox 759 2351 1049 2415; x_wconf 85' lang='lat' dir='ltr'><strong>solempnem</strong></span> <span class='ocrx_word' id='word_1_206' title='bbox 1073 2353 1317 2416; x_wconf 73' lang='lat' dir='ltr'><strong>campanis</strong></span> <span class='ocrx_word' id='word_1_207' title='bbox 1354 2352 1556 2417; x_wconf 86' lang='lat' dir='ltr'><strong>pulsatis</strong></span> <span class='ocrx_word' id='word_1_208' title='bbox 1594 2355 1642 2402; x_wconf 91' lang='lat' dir='ltr'><strong>in</strong></span> <span class='ocrx_word' id='word_1_209' title='bbox 1681 2356 1885 2404; x_wconf 80' lang='lat' dir='ltr'><strong>eeclesia</strong></span> <span class='ocrx_word' id='word_1_210' title='bbox 1907 2360 1957 2404; x_wconf 90' lang='lat' dir='ltr'><strong>et</strong></span> <span class='ocrx_word' id='word_1_211' title='bbox 1979 2372 2128 2419; x_wconf 85' lang='lat' dir='ltr'><strong>parua</strong></span> <span class='ocrx_word' id='word_1_212' title='bbox 2152 2371 2384 2419; x_wconf 80' lang='lat' dir='ltr'><strong>campana</strong></span> <span class='ocrx_word' id='word_1_213' title='bbox 2408 2370 2493 2418; x_wconf 89' lang='lat' dir='ltr'><strong>per</strong></span> 
     </span>
     <span class='ocr_line' id='line_1_20' title="bbox 544 2439 2491 2508; baseline 0.001 -20"><span class='ocrx_word' id='word_1_214' title='bbox 544 2441 674 2489; x_wconf 76' lang='lat' dir='ltr'><strong>vicos</strong></span> <span class='ocrx_word' id='word_1_215' title='bbox 708 2439 933 2488; x_wconf 86' lang='lat' dir='ltr'><strong>Ciuitatis</strong></span> <span class='ocrx_word' id='word_1_216' title='bbox 969 2440 1306 2490; x_wconf 85' lang='lat' dir='ltr'><strong>Breehinensis</strong></span> <span class='ocrx_word' id='word_1_217' title='bbox 1343 2458 1450 2490; x_wconf 85' lang='lat' dir='ltr'><strong>oum</strong></span> <span class='ocrx_word' id='word_1_218' title='bbox 1483 2443 1666 2493; x_wconf 86' lang='lat' dir='ltr'><strong>duabus</strong></span> <span class='ocrx_word' id='word_1_219' title='bbox 1703 2444 1914 2493; x_wconf 79' lang='lat' dir='ltr'><strong>candelis</strong></span> <span class='ocrx_word' id='word_1_220' title='bbox 1951 2460 2093 2507; x_wconf 87' lang='lat' dir='ltr'><strong>super</strong></span> <span class='ocrx_word' id='word_1_221' title='bbox 2128 2443 2369 2508; x_wconf 85' lang='lat' dir='ltr'><strong>epitafium</strong></span> <span class='ocrx_word' id='word_1_222' title='bbox 2393 2459 2491 2490; x_wconf 89' lang='lat' dir='ltr'><strong>me-</strong></span> 
     </span>
     <span class='ocr_line' id='line_1_21' title="bbox 537 2518 2492 2592; baseline 0.001 -14"><span class='ocrx_word' id='word_1_223' title='bbox 537 2518 623 2578; x_wconf 46' lang='lat' dir='ltr'><strong>&#39;um</strong></span> <span class='ocrx_word' id='word_1_224' title='bbox 662 2557 674 2568; x_wconf 88' lang='lat'><strong>·</strong></span> <span class='ocrx_word' id='word_1_225' title='bbox 712 2529 778 2577; x_wconf 92' lang='lat' dir='ltr'><strong>Et</strong></span> <span class='ocrx_word' id='word_1_226' title='bbox 802 2545 889 2592; x_wconf 85' lang='lat' dir='ltr'><strong>ego</strong></span> <span class='ocrx_word' id='word_1_227' title='bbox 913 2544 1024 2577; x_wconf 86' lang='lat' dir='ltr'><strong>vero</strong></span> <span class='ocrx_word' id='word_1_228' title='bbox 1048 2529 1205 2579; x_wconf 84' lang='lat' dir='ltr'><strong>dietus</strong></span> <span class='ocrx_word' id='word_1_229' title='bbox 1230 2529 1476 2580; x_wconf 85' lang='lat' dir='ltr'><strong>Robertus</strong></span> <span class='ocrx_word' id='word_1_230' title='bbox 1510 2537 1559 2581; x_wconf 92' lang='lat' dir='ltr'><strong>et</strong></span> <span class='ocrx_word' id='word_1_231' title='bbox 1595 2534 1794 2583; x_wconf 87' lang='lat' dir='ltr'><strong>heredes</strong></span> <span class='ocrx_word' id='word_1_232' title='bbox 1818 2534 1911 2582; x_wconf 91' lang='lat' dir='ltr'><strong>mei</strong></span> <span class='ocrx_word' id='word_1_233' title='bbox 1950 2562 1960 2571; x_wconf 92' lang='lat'><strong>·</strong></span> <span class='ocrx_word' id='word_1_234' title='bbox 2000 2561 2010 2571; x_wconf 53' lang='grc' dir='ltr'><strong><em>ι</em></strong></span> <span class='ocrx_word' id='word_1_235' title='bbox 2049 2562 2059 2571; x_wconf 89' lang='lat'><strong>·</strong></span> <span class='ocrx_word' id='word_1_236' title='bbox 2096 2532 2492 2581; x_wconf 87' lang='lat' dir='ltr'><strong>varantizabimus</strong></span> 
     </span>
     <span class='ocr_line' id='line_1_22' title="bbox 548 2617 2488 2685; baseline 0.002 -19"><span class='ocrx_word' id='word_1_237' title='bbox 548 2648 559 2658; x_wconf 87' lang='lat'><strong>·</strong></span> <span class='ocrx_word' id='word_1_238' title='bbox 598 2648 608 2658; x_wconf 92' lang='lat'><strong>·</strong></span> <span class='ocrx_word' id='word_1_239' title='bbox 647 2647 659 2658; x_wconf 90' lang='lat'><strong>·</strong></span> <span class='ocrx_word' id='word_1_240' title='bbox 694 2618 755 2666; x_wconf 91' lang='lat' dir='ltr'><strong>In</strong></span> <span class='ocrx_word' id='word_1_241' title='bbox 779 2618 913 2667; x_wconf 86' lang='lat' dir='ltr'><strong>ouius</strong></span> <span class='ocrx_word' id='word_1_242' title='bbox 938 2617 1030 2664; x_wconf 87' lang='lat' dir='ltr'><strong>Rei</strong></span> <span class='ocrx_word' id='word_1_243' title='bbox 1052 2618 1377 2667; x_wconf 86' lang='lat' dir='ltr'><strong>testimonium</strong></span> <span class='ocrx_word' id='word_1_244' title='bbox 1415 2620 1525 2669; x_wconf 85' lang='lat' dir='ltr'><strong>huie</strong></span> <span class='ocrx_word' id='word_1_245' title='bbox 1561 2624 1771 2685; x_wconf 85' lang='lat' dir='ltr'><strong>presenti</strong></span> <span class='ocrx_word' id='word_1_246' title='bbox 1807 2628 1940 2671; x_wconf 83' lang='lat' dir='ltr'><strong>carte</strong></span> <span class='ocrx_word' id='word_1_247' title='bbox 1964 2639 2068 2671; x_wconf 88' lang='lat' dir='ltr'><strong>mee</strong></span> <span class='ocrx_word' id='word_1_248' title='bbox 2094 2621 2307 2685; x_wconf 87' lang='lat' dir='ltr'><strong>Sigillum</strong></span> <span class='ocrx_word' id='word_1_249' title='bbox 2334 2638 2488 2669; x_wconf 92' lang='lat' dir='ltr'><strong>meum</strong></span> 
     </span>
     <span class='ocr_line' id='line_1_23' title="bbox 546 2707 2491 2772; baseline 0.001 -14"><span class='ocrx_word' id='word_1_250' title='bbox 546 2713 620 2758; x_wconf 89' lang='lat' dir='ltr'><strong>est</strong></span> <span class='ocrx_word' id='word_1_251' title='bbox 644 2723 902 2772; x_wconf 87' lang='lat' dir='ltr'><strong>appensum</strong></span> <span class='ocrx_word' id='word_1_252' title='bbox 930 2708 1054 2770; x_wconf 88' lang='lat' dir='ltr'><strong>apud</strong></span> <span class='ocrx_word' id='word_1_253' title='bbox 1080 2707 1287 2755; x_wconf 85' lang='lat' dir='ltr'><strong>Breohin</strong></span> <span class='ocrx_word' id='word_1_254' title='bbox 1327 2711 1458 2756; x_wconf 64' lang='lat' dir='ltr'><strong>xxvt⁰</strong></span> <span class='ocrx_word' id='word_1_255' title='bbox 1491 2710 1567 2758; x_wconf 93' lang='lat' dir='ltr'><strong>die</strong></span> <span class='ocrx_word' id='word_1_256' title='bbox 1603 2711 1824 2760; x_wconf 82' lang='lat' dir='ltr'><strong>Januarii</strong></span> <span class='ocrx_word' id='word_1_257' title='bbox 1859 2729 1983 2760; x_wconf 89' lang='lat' dir='ltr'><strong>anno</strong></span> <span class='ocrx_word' id='word_1_258' title='bbox 2020 2712 2214 2760; x_wconf 91' lang='lat' dir='ltr'><strong>Domini</strong></span> <span class='ocrx_word' id='word_1_259' title='bbox 2240 2710 2491 2760; x_wconf 89' lang='lat' dir='ltr'><strong>millesimo</strong></span> 
     </span>
     <span class='ocr_line' id='line_1_24' title="bbox 546 2796 2491 2864; baseline 0.002 -19"><span class='ocrx_word' id='word_1_260' title='bbox 546 2797 1008 2862; x_wconf 84' lang='lat' dir='ltr'><strong>quadringentesimo</strong></span> <span class='ocrx_word' id='word_1_261' title='bbox 1046 2796 1349 2859; x_wconf 87' lang='lat' dir='ltr'><strong>nonagesimo</strong></span> <span class='ocrx_word' id='word_1_262' title='bbox 1388 2802 1528 2847; x_wconf 86' lang='lat' dir='ltr'><strong>sexto</strong></span> <span class='ocrx_word' id='word_1_263' title='bbox 1568 2827 1577 2837; x_wconf 91' lang='lat'><strong>·</strong></span> <span class='ocrx_word' id='word_1_264' title='bbox 1615 2800 1786 2848; x_wconf 88' lang='lat' dir='ltr'><strong>Coram</strong></span> <span class='ocrx_word' id='word_1_265' title='bbox 1826 2802 1918 2850; x_wconf 90' lang='lat' dir='ltr'><strong>hiis</strong></span> <span class='ocrx_word' id='word_1_266' title='bbox 1958 2802 2162 2850; x_wconf 88' lang='lat' dir='ltr'><strong>testibus</strong></span> <span class='ocrx_word' id='word_1_267' title='bbox 2200 2828 2210 2837; x_wconf 90' lang='lat'><strong>·</strong></span> <span class='ocrx_word' id='word_1_268' title='bbox 2248 2800 2491 2864; x_wconf 87' lang='lat' dir='ltr'><strong>Stephano</strong></span> 
     </span>
     <span class='ocr_line' id='line_1_25' title="bbox 549 2884 2490 2938; baseline 0.002 -3"><span class='ocrx_word' id='word_1_269' title='bbox 549 2886 755 2935; x_wconf 87' lang='lat' dir='ltr'><strong>Murreff</strong></span> <span class='ocrx_word' id='word_1_270' title='bbox 786 2914 796 2923; x_wconf 90' lang='lat'><em>-</em></span> <span class='ocrx_word' id='word_1_271' title='bbox 833 2884 1108 2933; x_wconf 87' lang='lat' dir='ltr'><strong>Alexandro</strong></span> <span class='ocrx_word' id='word_1_272' title='bbox 1123 2884 1296 2932; x_wconf 81' lang='lat' dir='ltr'><strong>Jacobi</strong></span> <span class='ocrx_word' id='word_1_273' title='bbox 1336 2913 1345 2923; x_wconf 88' lang='lat'><strong>·</strong></span> <span class='ocrx_word' id='word_1_274' title='bbox 1384 2886 1628 2937; x_wconf 91' lang='lat' dir='ltr'><strong>Willelmo</strong></span> <span class='ocrx_word' id='word_1_275' title='bbox 1644 2889 1789 2938; x_wconf 88' lang='lat' dir='ltr'><strong>Craik</strong></span> <span class='ocrx_word' id='word_1_276' title='bbox 1828 2919 1837 2928; x_wconf 90' lang='lat'><strong>·</strong></span> <span class='ocrx_word' id='word_1_277' title='bbox 1877 2890 2121 2938; x_wconf 88' lang='lat' dir='ltr'><strong>Willelmo</strong></span> <span class='ocrx_word' id='word_1_278' title='bbox 2139 2888 2442 2938; x_wconf 86' lang='lat' dir='ltr'><strong>Sandilandis</strong></span> <span class='ocrx_word' id='word_1_279' title='bbox 2481 2919 2490 2927; x_wconf 94' lang='lat'><strong>·</strong></span> 
     </span>
     <span class='ocr_line' id='line_1_26' title="bbox 546 2959 2288 3043; baseline 0.002 -20"><span class='ocrx_word' id='word_1_280' title='bbox 546 2977 580 3023; x_wconf 86' lang='lat' dir='ltr'><strong>J</strong></span> <span class='ocrx_word' id='word_1_281' title='bbox 584 2976 768 3024; x_wconf 87' lang='lat' dir='ltr'><strong>ohanne</strong></span> <span class='ocrx_word' id='word_1_282' title='bbox 794 2973 1012 3022; x_wconf 84' lang='lat' dir='ltr'><strong>Tailzour</strong></span> <span class='ocrx_word' id='word_1_283' title='bbox 1036 2978 1085 3022; x_wconf 91' lang='lat' dir='ltr'><strong>et</strong></span> <span class='ocrx_word' id='word_1_284' title='bbox 1110 2973 1300 3022; x_wconf 91' lang='lat' dir='ltr'><strong>domino</strong></span> <span class='ocrx_word' id='word_1_285' title='bbox 1326 2975 1547 3025; x_wconf 83' lang='lat' dir='ltr'><strong>Waltero</strong></span> <span class='ocrx_word' id='word_1_286' title='bbox 1572 2977 1717 3027; x_wconf 88' lang='lat' dir='ltr'><strong>Clerk</strong></span> <span class='ocrx_word' id='word_1_287' title='bbox 1740 2981 1926 3029; x_wconf 88' lang='lat' dir='ltr'><strong>notario</strong></span> <span class='ocrx_word' id='word_1_288' title='bbox 1951 2978 2139 3043; x_wconf 81' lang='lat' dir='ltr'><strong>publico</strong></span> <span class='ocrx_word' id='word_1_289' title='bbox 2179 3007 2188 3016; x_wconf 91' lang='lat'>-</span> <span class='ocrx_word' id='word_1_290' title='bbox 2229 3007 2237 3016; x_wconf 93' lang='lat'><strong>·</strong></span> <span class='ocrx_word' id='word_1_291' title='bbox 2270 2959 2288 3015; x_wconf 30' lang='lat'><strong>⁹·</strong></span> 
     </span>
    </p>
   </div>
  </div>
 </body>
</html>
