3016 3958
1109 602 1403 658 CARTAE
1445 600 1947 658 ORIGINALES.
2403 605 2514 661 163

567 809 706 857 quam
742 793 964 841 heredem
1002 793 1076 842 sui
1111 793 1263 857 patris
1297 808 1479 841 necnon
1516 807 1621 840 eum
1658 795 1707 839 et
1742 791 1975 855 prefatam
2014 791 2337 854 Margaretam
2364 793 2528 840 domi--

565 897 675 929 nam
715 882 922 931 secunde
959 881 1102 930 tertie
1142 885 1379 930 terrarum
1422 882 1480 929 de
1521 880 1731 944 Brychte
1775 883 1824 927 et
1866 882 2148 928 executores
2183 883 2232 928 et
2278 881 2506 929 bonorum

566 972 915 1021 intromissores
949 971 1122 1036 prefati
1159 971 1394 1035 quondam
1431 968 1652 1018 Nicholai
1686 969 1735 1018 in
1769 969 1937 1033 viginti
1973 973 2179 1033 quatuor
2212 969 2386 1018 marcis
2423 985 2508 1033 pro

566 1061 724 1126 spatio
760 1065 810 1109 et
846 1060 1064 1110 terminis
1103 1059 1352 1109 duodecim
1387 1074 1623 1107 annorum
1652 1061 1766 1107 ante
1790 1057 2051 1107 introitum
2089 1057 2206 1107 dicti
2243 1057 2422 1106 Thome
2446 1059 2506 1106 ad

567 1154 696 1215 ipsas
730 1152 884 1199 terras
919 1150 978 1198 de
1015 1148 1226 1212 Brychte
1262 1148 1320 1196 de
1356 1147 1525 1210 quibus
1548 1146 1761 1194 ‘debetur
1793 1161 1978 1195 annuus
2014 1145 2229 1194 redditus
2265 1146 2509 1195 duodecim

570 1254 837 1288 marcarum
878 1238 1122 1287 annuatim
1164 1235 1411 1300 capellano
1449 1235 1667 1299 predicto
1707 1234 1892 1283 ratione
1933 1249 2016 1283 sue
2064 1233 2326 1298 capellanie
2367 1235 2509 1297 juxta

571 1328 983 1378 mortificationem
1007 1326 1184 1391 reglam
1209 1326 1419 1374 eiusdem
1448 1328 1499 1373 et
1525 1325 1670 1387 juxta
1706 1322 2059 1387 inquisitionem
2083 1323 2260 1372 factam
2284 1340 2370 1388 per
2391 1324 2513 1373 vice-

572 1418 772 1467 comites
807 1416 1020 1480 Angusie
1058 1419 1108 1465 et
1146 1414 1328 1464 rotulas
1364 1429 1525 1462 eorum
1562 1412 1691 1476 regia
1725 1412 1985 1461 autoritate
2022 1412 2223 1476 desuper
2257 1417 2511 1477 conceptas

572 1511 622 1556 et
657 1521 815 1555 coram
850 1505 988 1554 nobis
1023 1505 1280 1569 productas
1314 1503 1363 1551 in
1398 1502 1568 1567 quibus
1601 1500 1930 1550 allocabantur
1964 1504 2075 1549 octo
2109 1500 2229 1549 libre
2277 1502 2510 1565 quondam

575 1596 756 1645 Thome
791 1593 1149 1658 Fothringhaim
1188 1593 1247 1641 de
1285 1592 1454 1641 Powre
1490 1591 1550 1639 ad
1587 1585 1985 1640 sustentationem
2021 1590 2148 1639 dicte
2173 1590 2433 1655 capellanie
2457 1592 2515 1639 de

575 1684 692 1750 ipsis
726 1683 868 1733 terris
905 1684 965 1731 de
1004 1681 1404 1746 Westerbrychty
1450 1678 1582 1730 saluo
1620 1684 1781 1728 tamen
1823 1678 2004 1728 calculo
2048 1683 2096 1728 et
2136 1679 2385 1728 ratiocinio
2431 1696 2515 1744 pro

574 1778 789 1838 tempore
829 1773 927 1822 vite
965 1775 1015 1821 et
1053 1770 1380 1835 occupationis
1426 1784 1596 1834 sponse
1643 1768 1878 1832 quondam
1927 1768 2105 1816 Thome
2146 1768 2514 1832 Fothringhame

578 1863 736 1928 quoad
777 1877 910 1911 suam
950 1860 1144 1909 tertiam
1186 1874 1370 1908 necnon
1410 1858 1459 1907 in
1500 1859 1664 1906 decem
1713 1858 1885 1906 marcis
1930 1873 2016 1921 pro
2061 1856 2277 1905 terminis
2314 1856 2516 1921 quinque

579 1967 808 2001 annorum
845 1949 978 1999 saluo
1016 1948 1236 1998 similiter
1259 1947 1443 1996 calculo
1477 1947 1537 1996 de
1572 1946 1920 1996 intromissione
1957 1950 2006 1995 et
2041 1945 2334 1995 laboratione
2358 1946 2518 1995 huius-

578 2041 708 2090 modi
742 2044 977 2089 terrarum
1013 2053 1098 2102 per
1132 2036 1348 2085 relictam
1373 2035 1546 2100 prefati
1584 2036 1820 2099 quondam
1858 2035 2038 2084 Thome
2062 2034 2228 2084 ultime
2253 2034 2518 2098 elapsorum

583 2134 633 2179 et
669 2130 727 2178 de
763 2127 1011 2178 duodecim
1036 2127 1208 2175 marcis
1231 2125 1476 2174 annuatim
1512 2125 1560 2173 in
1594 2125 1803 2173 futurum
1831 2124 1976 2187 juxta
1998 2128 2210 2172 tenorem
2235 2123 2522 2186 eius-morti·

583 2218 819 2268 ficationis
842 2217 1028 2282 prefato
1053 2215 1242 2264 domino
1271 2214 1434 2262 Dauid
1471 2212 1718 2277 capellano
1741 2213 1984 2261 antedicto
2008 2212 2246 2261 soluendis
2271 2212 2521 2275 condemp-

586 2309 768 2358 nandos
803 2308 904 2355 fore
942 2310 992 2355 et
1033 2303 1368 2368 condempnari
1409 2330 1419 2341 ·
1459 2330 1468 2341 ·
1509 2330 1518 2340 ·
1556 2302 1803 2365 dictosque
1851 2302 2080 2349 Thomam
2115 2305 2164 2349 et
2201 2301 2521 2364 Margaretam

586 2399 634 2446 in
659 2396 881 2461 expensis
904 2395 952 2442 in
975 2393 1061 2442 lite
1084 2393 1226 2442 factis
1250 2396 1298 2440 et
1322 2391 1489 2440 fiendis
1517 2391 1663 2455 juxta
1697 2393 1906 2439 nostram
1932 2388 2327 2437 modificationem
2354 2389 2518 2436 eadem

585 2491 749 2537 nostra
779 2484 1020 2537 sententia
1055 2482 1456 2545 condempnantes
1493 2507 1504 2519 ·
1543 2507 1554 2518 ·
1593 2507 1604 2517 ·
1639 2478 1740 2527 lata
1777 2505 1788 2519 ·
1826 2505 1837 2516 -
1875 2505 1886 2515 ·
1921 2477 2012 2525 fuit
2036 2477 2124 2524 hec
2146 2480 2310 2525 nostra
2334 2480 2522 2524 senten·

585 2577 657 2625 tia
681 2574 932 2624 diffinitiua
965 2573 1014 2620 in
1049 2570 1251 2620 ecclesia
1284 2569 1487 2618 fratrum
1523 2567 1871 2632 predicatorum
1910 2566 2032 2613 infra
2057 2565 2313 2613 Ciuitatem
2339 2564 2523 2614 Sancti-

588 2666 764 2714 andree
786 2663 893 2712 loco
917 2657 1233 2711 consistoriali
1268 2657 1476 2706 eiusdem
1503 2655 1645 2705 solito
1683 2683 1693 2693 ·
1732 2682 1743 2693 ·
1783 2682 1793 2693 ·
1830 2658 1879 2702 et
1903 2653 2057 2717 sigillo
2081 2652 2222 2701 officii
2245 2651 2524 2701 officialatus

591 2753 934 2803 Sanctiandree
958 2746 1232 2814 principalis
1271 2746 1496 2794 roborata
1531 2744 1673 2807 Apud
1709 2742 2163 2791 Sanctumandream
2204 2741 2280 2789 die
2321 2740 2523 2804 septimo

589 2843 767 2892 mensis
789 2839 971 2905 Aprilis
994 2853 1117 2886 anno
1153 2834 1350 2884 Domini
1371 2839 1485 2881 M⁴v⁰
1508 2831 1693 2880 decimo
1716 2829 2020 2895 presentibus
2042 2829 2218 2878 ibidem
2242 2827 2523 2877 venerabili-

590 2935 679 2982 bus
715 2936 765 2980 et
801 2928 1019 2979 discretis
1055 2924 1168 2974 viris
1204 2921 1449 2986 Magistris
1484 2921 1678 2968 Andrea
1716 2919 1926 2981 Ramsay
1967 2917 2143 2966 vicario
2185 2918 2243 2965 de
2285 2916 2523 2966 Auchter-

591 3025 756 3085 mugty
783 3019 999 3068 Roberto
1023 3014 1299 3063 Dauidsone
1324 3009 1525 3060 Gawino
1550 3007 1735 3071 Ogilwy
1769 3006 1803 3053 J
1807 3006 1991 3055 ohanne
2017 3004 2354 3055 Strathauchin
2379 3003 2526 3052 Alex-

593 3111 742 3159 andro
768 3109 992 3171 Martyne
1017 3109 1066 3153 et
1089 3104 1122 3151 J
1127 3102 1310 3152 ohanne
1336 3098 1526 3147 Lauder
1549 3112 1654 3146 cum
1679 3094 1879 3143 diuersis
1903 3093 2010 3142 aliis
2047 3121 2058 3132 ·
