3022 3964
1087 571 1378 670 CARTAE
1423 616 1921 672 ORIGINALES.
2415 618 2485 678 17

537 801 683 850 semel
725 803 771 849 in
814 819 938 851 anno
975 804 1021 851 in
1058 803 1262 853 ecclesia
1297 805 1560 854 cathedrali
1585 806 1644 854 de
1670 806 1891 870 Brechyn
1916 822 2001 870 per
2025 806 2295 870 capellanos
2331 809 2478 863 chori,

536 890 735 940 dicendo
776 892 1084 955 solempniter
1117 893 1166 940 in
1190 894 1398 958 vesperis
1423 893 1629 943 Placebo
1654 898 1704 944 et
1729 894 1909 958 Dirige,
1945 899 1994 943 et
2030 895 2077 942 in
2114 897 2322 945 crastino
2340 913 2478 945 vnam

534 980 724 1029 missam
751 982 810 1029 de
838 981 1069 1046 Requiem
1089 982 1393 1047 solempnem,
1413 982 1584 1047 quibus
1607 982 1867 1048 capellanis
1886 984 2153 1048 Episcopus
2179 986 2280 1033 dari
2299 986 2479 1034 faceret

535 1071 594 1117 de
640 1071 786 1120 firmis
830 1075 1063 1119 terrarum
1114 1087 1302 1120 suarum
1358 1072 1417 1120 de
1475 1071 1765 1143 Eglysjohne
1817 1073 2009 1121 termini
2057 1074 2224 1122 Sancti
2283 1075 2482 1123 Martini

534 1160 697 1207 decem
733 1159 910 1208 solidos
945 1163 1136 1208 monete
1171 1160 1339 1209 Scocie
1377 1188 1387 1198 ·
1426 1159 1530 1223 Ego
1565 1176 1677 1208 vero
1714 1161 1880 1209 eadem
1923 1161 2184 1210 deuocione
2222 1167 2380 1211 motus
2418 1164 2477 1211 ob

532 1249 847 1297 reuerentiam
889 1249 1066 1297 Sancte
1108 1249 1359 1298 Trinitatis
1405 1253 1454 1297 et
1501 1253 1554 1297 ut
1600 1249 1828 1298 memoria
1873 1250 2226 1314 progenitorum
2273 1268 2483 1301 meorum

531 1339 851 1402 predictorum
891 1354 1016 1386 anno
1062 1336 1277 1401 quolibet
1323 1342 1541 1386 recenter
1589 1338 1824 1386 habeatur
1861 1366 1871 1376 ·
1909 1338 1983 1386 Ob
2031 1355 2137 1388 eam
2185 1340 2483 1389 affectionem

532 1443 672 1490 quam
695 1427 848 1475 habeo
871 1428 932 1474 ad
957 1426 1267 1474 reuerendum
1304 1426 1353 1474 in
1390 1426 1582 1475 Christo
1612 1430 1798 1490 patrem
1825 1427 2063 1476 dominum
2092 1428 2362 1478 Walterum
2387 1431 2482 1479 Dei

530 1516 690 1580 gracia
713 1531 838 1563 nunc
863 1515 1156 1579 Episcopum
1181 1515 1553 1564 Brechinensem
1577 1515 1761 1579 quitum
1788 1514 1943 1564 clamo
1978 1518 2195 1567 condono
2230 1522 2280 1566 et
2315 1535 2486 1567 renun-

530 1606 604 1654 cio
627 1605 843 1670 predicto
868 1605 1059 1653 domino
1084 1604 1324 1668 Episcopo
1349 1609 1398 1652 et
1423 1604 1774 1653 successoribus
1798 1605 1896 1653 suis
1920 1605 2266 1670 imperpetuum
2292 1625 2380 1672 pro
2404 1625 2479 1657 me

530 1699 580 1743 et
603 1694 856 1743 heredibus
880 1693 998 1742 meis
1022 1693 1275 1757 assignatis
1299 1697 1348 1741 et
1373 1693 1589 1742 omnibus
1625 1709 1818 1742 causam
1854 1711 1884 1742 a
1918 1695 2053 1744 nobis
2077 1696 2362 1746 habentibus
2386 1714 2484 1745 om-

528 1800 636 1832 nem
662 1783 940 1832 seruitutem
980 1786 1252 1846 pretensam
1292 1786 1475 1831 sectam
1511 1798 1644 1831 suam
1681 1786 1730 1830 et
1765 1782 2005 1831 hominum
2042 1801 2246 1843 suorum,
2271 1802 2477 1834 annuum

531 1873 769 1921 redditum
793 1888 1051 1920 auen-arum
1085 1871 1352 1935 antiquitus
1386 1871 1652 1919 debitarum
1688 1875 1737 1920 et
1773 1872 1932 1920 omnia
1954 1872 2050 1922 alia
2085 1875 2288 1923 seruicia
2317 1877 2479 1924 debita

530 1967 578 2011 et
620 1966 847 2010 consueta
884 1990 894 1999 ·
934 1961 1000 2009 Et
1040 1960 1168 2024 ipsas
1207 1963 1362 2008 terras
1398 1960 1456 2007 de
1494 1959 1769 2023 Eglisjhone
1805 1976 1912 2008 cum
1950 1962 2167 2012 omnibus
2201 1964 2298 2013 suis
2332 1966 2480 2028 perti-

527 2051 710 2100 nenciis
751 2055 800 2099 et
841 2049 1144 2098 libertatibus
1186 2048 1233 2095 in
1277 2048 1466 2112 pascuis
1501 2052 1550 2096 et
1586 2049 1794 2112 pasturis
1829 2050 1876 2097 in
1914 2051 2058 2100 moris
2093 2057 2142 2100 et
2178 2054 2394 2103 maresiis
2429 2059 2477 2102 et

530 2142 746 2190 omnibus
786 2139 894 2188 aliis
931 2137 1242 2202 aysiamentis
1281 2137 1451 2201 quibus
1486 2137 1557 2185 uti
1593 2143 1940 2187 consueuerunt
1964 2140 2197 2188 husbandi
2222 2144 2475 2191 earundem

529 2231 898 2295 quibuscumque
921 2227 1215 2290 temporibus
1250 2226 1502 2274 retroactis
1536 2226 1627 2290 ipsi
1662 2226 1884 2290 episcopo
1920 2232 1969 2276 et
2005 2231 2355 2280 successoribus
2378 2233 2476 2280 suis

525 2319 672 2367 libere
698 2318 906 2366 concedo
925 2320 974 2364 et
995 2320 1228 2380 quatenus
1251 2331 1440 2379 possum
1464 2331 1550 2378 pro
1574 2331 1649 2362 me
1675 2319 1724 2363 et
1749 2316 2000 2366 heredibus
2019 2319 2136 2367 meis
2155 2323 2204 2366 et
2224 2319 2477 2383 assignatis

529 2409 590 2456 do
614 2410 662 2455 et
687 2405 888 2454 ecclesie
907 2406 966 2452 de
993 2404 1213 2467 Brechyn
1233 2404 1478 2458 mortifico,
1498 2403 1643 2451 nichil
1663 2404 1806 2452 michi
1826 2405 1899 2452 vel
1919 2406 2171 2456 heredibus
2190 2408 2307 2456 meis
2325 2424 2474 2456 reser-

528 2501 682 2549 uando
718 2503 1015 2564 preterquam
1053 2497 1157 2561 pias
1192 2513 1357 2562 preces
1391 2501 1441 2546 et
1478 2497 1722 2546 oraciones
1752 2499 1927 2546 domini
1955 2500 2179 2564 Episcopi
2215 2506 2264 2550 et
2300 2519 2474 2551 memo-

526 2592 643 2639 riam
668 2586 976 2636 anniuersarii
1000 2591 1248 2650 parentum
1272 2602 1480 2634 meorum
1505 2586 1769 2634 faciendam
1797 2587 1991 2650 singulis
2013 2589 2150 2637 annis
2185 2594 2238 2638 ut
2273 2593 2473 2654 predici-

525 2686 604 2729 tur
627 2695 712 2742 per
736 2675 1006 2740 capellanos
1031 2675 1160 2722 chori
1187 2675 1532 2730 Brechinensis‚
1560 2675 1742 2729 Quibus
1766 2676 1982 2724 dominus
2007 2676 2272 2741 Episcopus
2296 2683 2345 2727 et
2368 2696 2472 2728 suc-

526 2782 735 2817 cessores
775 2765 846 2813 sui
889 2763 968 2828 qui
1008 2779 1094 2827 pro
1134 2766 1348 2826 tempore
1389 2763 1565 2810 fuerint
1601 2763 1781 2810 dabunt
1817 2765 2060 2812 annuatim
2099 2766 2157 2813 de
2193 2767 2338 2815 firmis
2372 2768 2469 2816 suis

523 2856 714 2907 termini
751 2854 915 2902 Sancti
953 2852 1151 2900 Martini
1177 2853 1235 2900 de
1259 2852 1436 2900 eisdem
1471 2851 1612 2899 terris
1637 2852 1799 2899 decem
1823 2851 2000 2900 solidos
2023 2857 2212 2901 monete
2237 2857 2468 2905 currentis

523 2950 664 3012 prout
701 2944 915 3008 superius
951 2946 1025 2991 est
1063 2957 1337 3006 expressum
1377 2969 1387 2978 ·
1426 2941 1485 2988 In
1524 2941 1658 2988 cuius
1695 2940 1788 2988 Rei
1822 2941 2145 2990 testimonium
2170 2946 2468 3006 presentibus

524 3035 740 3099 Sigillum
777 3050 930 3082 meum
970 3037 1044 3082 est
1081 3046 1339 3095 appensum
1381 3029 1564 3078 scilicet
1602 3034 1652 3077 et
1691 3045 1964 3079 concessum
2002 3033 2126 3095 apud
2166 3033 2384 3097 Brechyn
2420 3036 2467 3082 in

524 3124 726 3173 ecclesia
759 3120 1022 3171 cathedrali
1057 3120 1264 3169 eiusdem
1301 3134 1424 3166 nono
1461 3118 1536 3165 die
1572 3117 1746 3166 mensis
1782 3118 2065 3167 Nouembris
2102 3148 2111 3157 ·
2150 3122 2290 3169 Anno
2312 3124 2469 3184 gracie

522 3213 771 3262 millesimo
795 3219 968 3260 ccccm·
994 3226 1117 3259 nono
1155 3238 1164 3247 ·
1202 3208 1425 3257 Testibus
1447 3206 1791 3256 venerabilibus
1821 3207 1934 3256 viris
1959 3208 2161 3257 dominis
2185 3209 2462 3267 Cuthbert0‚

522 3304 719 3352 Decano
757 3330 766 3339 ·
804 3300 1022 3349 Gilberto
1058 3299 1259 3353 Brome,
1295 3301 1489 3345 cantore
1528 3324 1537 3333 -
1577 3295 1810 3359 Magistro
1834 3295 1995 3344 Dauid
2032 3298 2090 3345 de
2128 3298 2263 3361 Idvy,
2302 3301 2469 3348 Archi—

1478 3401 1504 3431 c
