3016 3958
515 633 626 689 190
1093 630 1392 688 CARTAE
1437 630 1938 690 ORIGINALES.

514 822 742 887 principis
774 827 823 872 et
849 823 1026 871 domini
1060 822 1212 872 nostri
1248 822 1623 871 metuendissimi
1661 850 1672 862 ·
1711 850 1722 861 ·
1761 851 1771 862 ·
1806 824 1981 872 Jacobi
2005 825 2158 889 quinti
2196 855 2207 865 ·
2246 855 2256 866 ·
2297 856 2307 867 ·
2345 829 2459 877 Sco-

514 915 672 960 torum
709 913 833 976 regis
869 911 1178 961 illustrissimi
1214 915 1565 960 antecessorum
1584 919 1587 922 ’
1605 917 1655 961 et
1689 928 2014 962 successorum
2049 930 2238 964 suorum
2273 933 2455 966 necnon

514 1017 600 1064 pro
623 1000 779 1050 salute
808 1001 1071 1050 animarum
1108 1001 1344 1065 quondam
1382 1000 1642 1049 Normanni
1677 1000 1836 1050 Leslie
1870 1003 2022 1066 patris
2056 1004 2149 1052 mei
2185 1005 2458 1056 Elizabetht

518 1090 644 1139 Ross
667 1090 833 1139 matris
857 1107 961 1138 mee
985 1090 1159 1138 ciuium
1180 1089 1571 1138 Brechinensium
1596 1106 1682 1153 pro
1701 1090 1856 1139 salute
1881 1092 2036 1140 anime
2061 1097 2111 1142 et
2135 1095 2346 1158 corporis
2365 1097 2458 1143 mei

516 1179 693 1227 domini
709 1180 749 1227 ’.Ι
753 1180 891 1229 acobi
916 1179 1073 1229 Leslie
1106 1196 1193 1244 pro
1228 1178 1382 1228 salute
1417 1179 1573 1227 anime
1609 1180 1846 1243 quondam
1875 1182 2053 1230 domini
2079 1184 2275 1232 Patricii
2301 1185 2458 1234 Leslie

513 1267 676 1317 fratris
710 1268 803 1317 mei
837 1284 1020 1317 necnon
1054 1285 1140 1333 pro
1175 1268 1329 1318 salute
1365 1271 1717 1317 antecessorum
1753 1273 1802 1318 et
1839 1285 2162 1320 successorum
2199 1273 2457 1322 amicorum

514 1357 868 1406 benefactorum
916 1361 1185 1406 nostrorum
1237 1361 1287 1405 et
1342 1357 1550 1406 omnium
1603 1357 1809 1405 fidelium
1866 1359 2195 1409 defunctorum
2249 1362 2458 1426 ipsorum

516 1429 948 1494 etiam—animarum
973 1446 1144 1510 quibus
1179 1445 1356 1510 deliqui
1391 1449 1442 1494 et
1476 1446 1723 1495 emendam
1757 1448 2036 1511 condignam
2072 1466 2167 1497 non
2199 1450 2293 1499 feci
2318 1468 2459 1499 unum

515 1552 722 1584 annuum
763 1535 1001 1584 redditum
1037 1535 1268 1583 tredecim
1308 1534 1565 1583 solidorum
1607 1539 1656 1583 et
1697 1540 1903 1599 quatuor
1945 1538 2244 1586 denariorum
2284 1539 2461 1589 usualis

514 1632 704 1677 monete
752 1629 915 1677 Scotie
964 1633 1181 1693 tempore
1229 1629 1481 1678 solutionis
1528 1630 1762 1679 currentis
1804 1658 1815 1668 ·
1857 1658 1867 1668 ·
1908 1658 1920 1669 ·
1959 1631 2216 1680 leuandum
2253 1660 2264 1671 ·
2303 1661 2313 1671 ·
2353 1662 2363 1672 ·
2400 1635 2459 1682 de

516 1722 622 1766 toto
658 1722 707 1766 et
742 1718 927 1782 integro
949 1722 1225 1767 tenemento
1248 1735 1354 1767 meo
1382 1718 1576 1780 jacente
1600 1718 1724 1767 infra
1747 1719 1924 1768 dictam
1949 1720 2208 1769 Ciuitatem
2233 1723 2461 1770 Brechin·

516 1821 674 1856 ensem
722 1824 784 1855 ex
830 1812 966 1872 parte
1006 1807 1292 1856 occidentali
1333 1807 1544 1856 eiusdem
1586 1807 1712 1856 inter
1751 1811 1905 1857 terras
1950 1809 2176 1857 heredum
2223 1812 2458 1874 quondam

514 1898 547 1944 J
552 1897 751 1946 ohannis
776 1897 1010 1946 Thouless
1043 1898 1104 1945 ad
1141 1897 1298 1945 oriens
1321 1900 1477 1945 terras
1510 1896 1544 1943 J
1547 1895 1746 1945 ohannis
1771 1896 1944 1945 Sewan
1978 1898 2040 1945 ad
2069 1902 2282 1947 austrum
2305 1904 2459 1948 terras

516 1987 696 2035 Thome
721 1987 850 2035 Sand
875 1987 936 2035 ad
961 1987 1182 2035 occidens
1200 1990 1249 2034 et
1273 2001 1565 2034 communem
1587 1984 1815 2033 venellam
1841 2002 1934 2049 que
1959 1987 2090 2035 ducit
2113 1989 2173 2035 ad
2199 1987 2457 2037 Doubtoun

515 2076 576 2123 ad
611 2076 803 2123 boream
837 2080 887 2124 et
923 2076 981 2123 de
1018 2091 1112 2123 una
1145 2091 1257 2123 acra
1290 2078 1418 2122 terre
1453 2073 1647 2123 arabilis
1681 2073 1834 2122 eidem
1865 2079 2139 2124 tenemento
2168 2093 2230 2125 ex
2261 2078 2458 2142 antiquo

516 2165 764 2213 adiacente
788 2181 850 2212 ex
875 2164 1005 2212 dicta
1029 2162 1315 2212 occidentali
1337 2166 1474 2227 parte
1499 2163 1627 2211 dicte
1652 2161 1878 2212 Ciuitatis
1905 2163 2031 2212 inter
2053 2169 2207 2214 terras
2229 2166 2455 2214 heredum

517 2255 752 2318 quondam
794 2253 974 2301 Thome
1016 2253 1120 2300 Tod
1162 2253 1224 2300 ad
1261 2251 1482 2300 occidens
1517 2255 1672 2299 terras
1711 2250 1952 2314 wlgariter
1991 2258 2288 2318 nuncupatas
2327 2271 2456 2303 mare

514 2344 637 2391 acris
672 2343 734 2390 ad
767 2342 960 2390 boream
984 2345 1139 2390 terras
1160 2341 1386 2388 heredum
1411 2341 1647 2404 quondam
1674 2339 1935 2388 Alexandri
1962 2342 2173 2407 Ramsay
2204 2345 2265 2392 ad
2301 2346 2457 2394 oriens

515 2436 563 2480 et
588 2447 882 2480 communem
907 2431 1031 2479 viam
1055 2446 1148 2494 que
1174 2430 1305 2477 ducit
1329 2430 1390 2477 ad
1416 2429 1676 2477 Doubtoun
1699 2430 1761 2477 ad
1784 2434 1996 2479 austrum
2025 2447 2131 2480 cum
2155 2434 2457 2497 pertinentiis

515 2522 790 2569 Tenendum
828 2548 839 2558 ·
878 2548 888 2558 ·
928 2548 938 2558 ·
976 2520 1154 2568 dictum
1179 2534 1387 2566 annuum
1417 2518 1654 2566 redditum
1692 2546 1703 2556 ·
1742 2547 1753 2556 ·
1792 2547 1802 2557 ·
1839 2519 1981 2569 dictis
2004 2521 2262 2585 capellanis
2285 2528 2334 2573 et
2358 2527 2456 2576 suis

513 2590 861 2660 successoribus
911 2638 920 2647 ·
959 2637 970 2648 ·
1010 2637 1019 2646 ·
1067 2625 1098 2656 a
1136 2624 1211 2656 me
1254 2607 1505 2655 heredibus
1545 2607 1663 2656 meis
1703 2607 2056 2674 quibuscunque
2103 2611 2152 2659 in
2198 2629 2362 2676 puram
2404 2620 2454 2663 et

511 2704 788 2764 perpetuam
813 2698 1105 2747 elimosinam
1145 2725 1155 2735 ·
1193 2723 1205 2735 ·
1243 2723 1254 2734 -
1291 2696 1533 2744 Faciendo
1557 2695 1666 2744 inde
1691 2698 1935 2745 annuatim
1968 2699 2310 2763 imperpetuum
2337 2704 2453 2752 dicti

457 2787 462 2793 '
512 2788 744 2852 capellani
785 2791 834 2835 et
873 2787 946 2836 sui
986 2801 1284 2836 successores
1324 2785 1400 2833 die
1439 2785 1621 2834 decimo
1657 2790 1798 2834 sexto
1837 2787 2012 2836 mensis
2050 2788 2330 2840 Decembris
2366 2809 2451 2855 pro

512 2876 758 2926 animabus
780 2876 1064 2940 supradictis
1088 2891 1232 2923 unum
1257 2875 1628 2923 anniuersarium
1654 2891 1760 2923 cum
1792 2875 1990 2939 placebo
2014 2881 2063 2925 et
2088 2878 2234 2941 dirige
2259 2881 2448 2929 missam

512 2965 751 3014 solennem
789 2966 837 3012 in
875 2964 1083 3013 crastino
1119 2964 1179 3011 ad
1218 2963 1370 3012 altare
1405 2963 1503 3011 diui
1539 2964 1730 3011 Andree
1765 2963 1970 3028 apostoli
2004 2965 2129 3014 infra
2161 2967 2337 3016 dictam
2374 2986 2450 3018 ec-

513 3055 703 3103 clesiam
738 3053 982 3118 psallendo
1017 3053 1260 3117 campanis
1293 3052 1498 3117 pulsatis
1532 3053 1582 3100 in
1615 3052 1817 3102 ecclesia
1852 3058 1902 3101 et
1935 3069 2084 3117 parua
2111 3070 2342 3120 campana
2363 3076 2449 3123 per

512 3144 640 3192 vicos
680 3142 905 3191 Ciuitatis
944 3142 1157 3206 predicte
1204 3157 1309 3189 cum
1345 3141 1528 3189 duabus
1567 3140 1778 3189 candelis
1816 3144 1959 3205 super
1997 3143 2289 3207 epitaphium
2330 3148 2447 3197 dicti

513 3232 774 3282 Normanni
810 3233 876 3280 Et
913 3247 1026 3280 casu
1060 3247 1152 3295 quo
1187 3231 1312 3295 quod
1346 3230 1473 3279 absit
1496 3229 1613 3278 dicti
1637 3229 1870 3294 capellani
1894 3231 2056 3279 vicarii
2081 3237 2129 3280 et
2166 3235 2373 3294 choriste
2396 3243 2446 3285 et

511 3322 583 3372 sui
607 3336 902 3371 successores
926 3320 1146 3369 deficiant
1170 3319 1218 3367 in
1242 3318 1469 3383 predictis
1491 3317 1723 3381 suffragiis
1761 3345 1771 3356 ·
1810 3346 1820 3356 ·
1859 3346 1869 3358 ·
1906 3320 2021 3368 tunc
2049 3325 2098 3370 et
2122 3337 2180 3370 eo
2203 3339 2315 3373 casu
2339 3326 2446 3374 volo
