3016 3958
0 3835 2 3844 '
0 3617 19 3794 ⁴m=w½wss
6 3535 26 3620 ’.Ἴ-ξ»
4 3472 16 3478 ·,

285 1636 578 1684 CLXVIII.

1145 639 1436 694 CARTAE
1481 639 1982 698 ORIGINALEs
2431 645 2541 699 235

597 830 752 875 terras
775 828 808 874 J
813 829 950 876 aeobi
979 829 1173 877 Mackie
1197 846 1258 877 ex
1284 831 1567 878 occidentali
1593 832 1771 880 dictum
1809 837 1997 880 antrum
2022 849 2083 879 ex
2108 831 2359 888 orientali;
2395 833 2545 881 altera

596 916 841 980 appellata
864 935 1010 982 parva
1035 935 1146 966 acra
1170 919 1295 967 inter
1318 923 1472 968 terras
1495 920 1612 968 dieti
1635 921 1668 967 J
1672 921 1808 969 aeobi
1837 921 2028 969 Maekie
2054 937 2115 968 ex
2140 923 2364 971 orientali
2388 927 2540 970 terras

599 1008 820 1055 Andreae
846 1009 1131 1057 Stevinsoun
1168 1025 1230 1056 ex
1268 1009 1580 1065 occidentali;
1620 1024 1726 1057 cum
1762 1011 2065 1073 pertinentiis
2102 1015 2125 1048 ·‘
2152 1012 2339 1060 Saisina
2361 1011 2543 1059 tradita

598 1113 684 1159 per
716 1099 865 1161 ipsam
894 1098 1225 1146 Elizabetham
1252 1099 1420 1162 Lyoun
1445 1114 1605 1146 eoram
1629 1099 1704 1147 his
1726 1099 1932 1147 testibus
1957 1099 2176 1147 Gilberto
2202 1100 2397 1147 Kemtie
2422 1099 2543 1161 regis

599 1187 768 1236 nuntio
807 1188 965 1235 David
1006 1188 1165 1235 Petrie
1203 1191 1252 1234 et
1294 1187 1504 1235 Henrioo
1538 1187 1743 1235 Guthrie
1782 1187 2091 1249 burgensibus
2138 1188 2255 1236 dieti
2301 1189 2435 1251 burgi
2483 1189 2540 1235 de

603 1277 794 1324 Dundie
820 1281 869 1324 et
894 1274 1105 1324 Patricio
1132 1277 1300 1339 Lyoun
1322 1276 1419 1323 filio
1442 1275 1654 1338 legitimo
1690 1276 1807 1323 dieti
1842 1276 2078 1339 quondam
2106 1277 2302 1327 Patrioii
2329 1278 2496 1340 Lyoun
2535 1305 2543 1314 ·

602 1367 635 1413 J
641 1382 791 1414 oanne
815 1366 1024 1427 Ramsay
1045 1365 1417 1412 Sanetiandreae
1438 1364 1710 1412 dioeceseos
1728 1365 1915 1413 notario
1953 1393 1963 1402 ·
2002 1365 2031 1413 6
2053 1365 2348 1428 Septembris
2370 1367 2497 1413 1605
2539 1395 2547 1403 -

615 1604 800 1683 Carta
829 1650 1052 1682 concessa
1087 1649 1172 1697 per
1205 1632 1498 1680 antedictum
1538 1631 1829 1679 Willelmum
1868 1633 2145 1681 Fullartoun
2186 1636 2242 1682 de
2280 1637 2409 1683 Ardo
2445 1652 2548 1682 oum

604 1741 836 1774 consensu
858 1723 1063 1788 praefati
1088 1722 1352 1770 Alexandri
1378 1722 1590 1784 Ramsay
1608 1721 1692 1768 filii
1715 1725 1765 1769 et
1790 1721 2007 1771 haeredis
2027 1725 2263 1786 quondam
2290 1724 2550 1772 Alexandri

608 1816 822 1877 Ramsay
846 1812 962 1862 civis
988 1812 1211 1861 Civitatis
1236 1811 1573 1862 Brechinensis
1598 1810 1798 1859 Ballivis
1823 1810 2107 1860 Consulibus
2133 1817 2182 1860 et
2209 1813 2549 1861 Communitati

605 1905 763 1952 dietae
789 1902 1011 1951 Civitatis
1047 1906 1096 1949 et
1133 1918 1293 1949 eorum
1330 1900 1681 1950 suecessoribus
1715 1900 1974 1949 molendini
2009 1918 2258 1964 granorum
2298 1903 2454 1950 vocati
2491 1903 2552 1950 lie

605 1994 739 2042 latin
763 1993 920 2057 mylae
958 1992 1068 2057 (No.
1106 1991 1447 2051 cxxxvii),
1474 1992 1599 2054 quod
1635 1991 1683 2038 in
1719 1991 1809 2038 hac
1845 1995 1980 2039 carta
2014 1991 2084 2039 ina,
2119 1993 2411 2054 designatum
2448 1977 2578 2047 est}

607 2083 689 2131 illa
714 2086 807 2131 dua
830 2082 1101 2129 molendina
1124 2096 1374 2145 granorum
1402 2079 1540 2142 vulgo
1565 2083 1735 2127 vocata
1758 2079 1884 2142 lytill
1910 2079 2081 2142 mylnis
2117 2082 2175 2128 de
2202 2080 2407 2128 Breohin
2445 2097 2550 2128 oum

608 2173 820 2223 astrictis
860 2171 1082 2220 multuris
1121 2174 1356 2218 terrarum
1398 2171 1455 2217 de
1497 2169 1726 2216 Caldham
1760 2169 2022 2230 jacentium
2062 2186 2123 2217 ex
2161 2170 2379 2217 orientali
2417 2175 2551 2233 parte

611 2264 767 2311 diotae
793 2262 1016 2310 Civitatis
1039 2276 1096 2308 ae
1119 2276 1226 2307 eum
1252 2260 1467 2307 omnibus
1491 2258 1598 2307 aliis
1621 2259 1832 2307 astrictis
1868 2259 2086 2307 multuris
2122 2263 2170 2307 et
2205 2259 2310 2307 aliis
2334 2259 2551 2307 multuris

611 2359 659 2402 et
683 2351 890 2416 sequelis
913 2351 1067 2400 solitis
1091 2354 1141 2398 et
1166 2349 1406 2397 consuetis
1431 2349 1572 2396 dietis
1607 2347 1890 2396 molendinis
1916 2349 2295 2395 incumbentibus
2319 2364 2443 2395 nune
2467 2365 2551 2410 per

615 2444 881 2492 Robertum
920 2439 1099 2489 Rollok
1141 2444 1191 2489 et
1234 2439 1335 2501 ejus
1377 2442 1597 2486 tenentes
1644 2441 1877 2500 occupata
1918 2437 2163 2499 (jacentia)
2212 2436 2334 2483 infra
2374 2436 2547 2482 dictam

613 2534 869 2582 Civitatem
904 2532 1029 2580 inter
1062 2534 1217 2579 terras
1253 2527 1478 2577 Gulielmi
1515 2528 1670 2574 Bruce
1705 2530 1754 2573 et
1790 2526 1891 2587 ejus
1915 2526 2178 2573 tenentium
2214 2526 2274 2572 ad
2312 2525 2464 2571 oriens
2487 2525 2548 2571 lie

616 2624 835 2686 Skynner
871 2620 1029 2669 Pottis
1065 2619 1222 2667 dietae
1261 2617 1484 2665 Civitatis
1522 2617 1583 2663 ad
1621 2619 1831 2663 austrum
1870 2618 1919 2661 et
1960 2615 2147 2662 hortum
2192 2630 2317 2662 nune
2357 2614 2547 2675 Georgii

618 2713 810 2760 Wrioht
834 2713 894 2759 ad
920 2710 1142 2759 occidens
1165 2712 1215 2756 et
1239 2722 1530 2755 communem
1558 2705 1765 2768 plateam
1795 2704 2003 2766 ejusdem
2030 2703 2250 2750 Civitatis
2273 2703 2332 2749 ad
2358 2703 2547 2749 boream

617 2818 817 2850 unacum
867 2800 999 2864 petia
1032 2798 1116 2846 illa
1149 2801 1306 2845 terrae
1354 2798 1523 2843 vocata
1557 2794 1640 2841 the
1677 2793 1803 2840 Dam
1839 2792 2012 2839 Insehe
2051 2819 2060 2829 ·
2098 2791 2233 2846 Quae
2281 2790 2547 2838 molendina

616 2893 745 2940 dieto
789 2889 1034 2937 Willelmo
1077 2886 1357 2934 Fullartoun
1398 2883 1606 2931 alienata
1646 2882 1832 2929 fuerant
1873 2897 1958 2944 per
1997 2880 2174 2927 dietum
2221 2878 2547 2926 Alexandrum

619 2982 832 3043 Ramsay
857 2979 1093 3042 juniorem
1118 2976 1295 3039 absque
1320 2973 1417 3021 ulla
1440 2971 1703 3020 reversione
1742 2998 1752 3007 ·
1791 2970 1921 3017 Data
1944 2985 2101 3016 coram
2126 2968 2328 3016 testibus
2361 2968 2395 3015 J
2399 2984 2547 3015 oanne

620 3069 838 3133 Kynneir
879 3070 937 3115 de
982 3065 1206 3114 Botheris
1243 3063 1522 3112 Alexandro
1548 3060 1826 3108 Fullartoun
1852 3057 2145 3121 portionario
2182 3057 2241 3104 de
2278 3057 2429 3118 Crago
2464 3055 2550 3101 Jo-

617 3176 738 3206 anne
767 3159 979 3219 Ramsay
1003 3153 1326 3204 commissario
1351 3150 1661 3200 Breehinensi
1698 3177 1709 3187 ·
1746 3149 1807 3196 31
1831 3147 2053 3195 Octobris
2082 3147 2207 3193 1605
2248 3173 2257 3183 ι
