3016 3958
1120 618 1412 674 CARTAE
1456 618 1957 675 ORIGINALES.
2406 624 2515 678 205

573 823 724 855 meam
752 807 1097 857 dimidietatem
1124 809 1330 857 omnium
1356 813 1405 858 et
1429 809 1714 873 singularum
1739 813 1974 858 terrarum
2011 811 2069 858 de
2104 809 2153 874 ly
2187 811 2428 860 Kirktoun
2452 815 2508 860 de

574 895 852 960 Stradichty
876 902 1062 961 martyn
1089 914 1195 946 cum
1230 899 1532 962 pertinentiis
1564 899 1827 961 jacentium
1866 899 1915 946 in
1952 899 2149 948 baronia
2185 900 2244 948 de
2287 901 2510 965 Reskoby

571 985 820 1048 regalitate
857 987 1199 1036 Sanctiandree
1225 992 1274 1036 et
1299 988 1421 1036 infra
1444 988 1826 1037 vicecomitatum
1853 989 1911 1036 de
1937 989 2124 1038 Forfair
2158 990 2207 1036 in
2241 989 2374 1038 vitali
2410 992 2513 1038 red-

570 1074 673 1122 ditu
697 1091 782 1138 pro
807 1076 1025 1125 omnibus
1050 1077 1218 1126 diebus
1242 1078 1391 1141 ipsius
1417 1077 1701 1126 Elesabetht
1726 1078 1822 1126 vite
1846 1078 2101 1126 tenendam
2127 1078 2185 1125 de
2210 1094 2284 1126 me
2309 1083 2358 1126 et
2382 1079 2514 1126 here-

571 1164 707 1213 dibus
731 1165 848 1214 meis
876 1170 925 1214 et
960 1167 1213 1230 assignatis
1236 1184 1379 1214 unum
1407 1167 1654 1216 denarium
1678 1171 1867 1215 monete
1893 1167 2055 1215 Scotie
2093 1167 2139 1215 in
2174 1168 2298 1215 festo
2319 1168 2514 1231 penthe-

569 1258 726 1302 costes
749 1270 890 1319 super
912 1254 1014 1303 solo
1038 1257 1295 1304 earundem
1320 1256 1509 1304 nomine
1534 1256 1641 1304 albe
1665 1257 1796 1303 firme
1833 1256 1873 1304 si
1908 1260 2103 1320 petatur
2126 1260 2313 1304 tantum
2339 1273 2513 1304 annua-

462 1363 472 1371 ·
570 1343 657 1390 tim
682 1343 791 1391 inde
815 1344 1056 1393 reddendo
1080 1352 1221 1408 prout
1257 1345 1305 1392 in
1343 1349 1478 1393 carta
1512 1361 1620 1393 mea
1653 1345 1744 1393 sibi
1780 1345 1984 1409 desuper
2018 1345 2308 1393 conficienda
2331 1345 2512 1409 plenius

571 1433 891 1481 continebitur
926 1434 1077 1483 Vobis
1111 1435 1255 1497 igitur
1290 1435 1500 1499 precipio
1536 1439 1584 1482 et
1620 1435 1793 1482 mando
1823 1438 2059 1497 quatenus
2082 1434 2194 1482 visis
2218 1435 2512 1498 presentibus

571 1522 768 1570 indilate
792 1526 974 1571 statum
998 1523 1221 1572 saisinam
1258 1539 1314 1571 ac
1349 1523 1695 1588 possessionem
1733 1551 1743 1561 ·
1782 1550 1794 1563 ·
1833 1551 1843 1561 ·
1879 1523 2093 1587 predicte
2120 1540 2222 1571 mee
2248 1524 2513 1572 dimidieta-

570 1613 635 1661 tis
659 1613 866 1660 omnium
899 1618 949 1662 et
984 1613 1272 1677 singularum
1299 1615 1533 1662 dictarum
1557 1617 1791 1662 terrarum
1830 1614 1888 1661 de
1926 1613 1975 1677 ly
2014 1613 2255 1662 Kirktoun
2293 1614 2351 1660 de
2390 1614 2520 1661 Stra—

573 1702 738 1765 dichty
760 1703 935 1751 martin
960 1719 1065 1751 cum
1090 1703 1392 1767 pertinentiis
1415 1704 1600 1767 prefate
1627 1702 1909 1751 Elesabetht
1946 1703 1991 1751 in
2018 1702 2151 1750 vitali
2176 1702 2363 1750 redditu
2402 1731 2411 1739 ·
2450 1730 2459 1740 ·
2500 1731 2509 1739 ·

570 1793 826 1840 secundum
851 1796 1064 1841 tenorem
1104 1821 1114 1830 ·
1154 1822 1163 1830 ·
1203 1821 1213 1830 ·
1255 1793 1382 1841 dicte
1408 1796 1540 1841 carte
1565 1808 1705 1856 quam
1730 1792 1839 1839 inde
1863 1791 2057 1839 habebit
2085 1791 2215 1853 juste
2241 1790 2511 1839 deliberetis

574 1909 585 1921 ·
624 1910 635 1920 ·
675 1910 685 1919 ·
723 1882 783 1929 In
821 1882 955 1930 cuius
993 1883 1061 1929 rei
1099 1882 1425 1930 testimonium
1465 1882 1763 1945 presentibus
1799 1879 1994 1946 m[anu]
2023 1896 2128 1928 mea
2152 1880 2428 1944 subscriptis
2452 1881 2512 1928 si-

572 1970 737 2034 gillum
760 1987 915 2019 meum
939 1971 1180 2035 proprium
1220 1976 1293 2019 est
1331 1972 1525 2018 affixum
1562 1971 1687 2034 apud
1724 1970 1935 2033 Dudope
1959 1970 2183 2032 vigesimo
2225 1974 2395 2017 octauo
2437 1970 2511 2016 die

575 2060 751 2109 mensis
776 2059 896 2107 Maii
921 2076 1044 2108 anuo
1082 2060 1256 2107 domini
1295 2059 1545 2108 millesimo
1583 2059 1957 2123 quingentesimo
1982 2058 2367 2122 quinquagesimo
2391 2074 2514 2105 nono

577 2166 734 2198 coram
781 2150 856 2198 his
901 2151 1106 2199 testibus
1146 2151 1369 2198 Johanne
1414 2150 1626 2213 Cumeng
1667 2150 1726 2197 de
1768 2149 1939 2212 Cowty
1982 2148 2192 2196 Patricio
2235 2148 2415 2195 Gardin
2457 2149 2513 2194 de

578 2241 744 2288 eodem
778 2240 967 2288 Jacobo
992 2238 1345 2305 Scrimg[eour]
1385 2240 1442 2286 de
1481 2238 1747 2301 Balbuchly
1781 2236 1990 2285 Patricio
2015 2237 2146 2300 Gray
2182 2237 2240 2284 de
2279 2235 2514 2298 Belleger-

578 2330 723 2377 nocht
761 2329 1005 2376 Harbarto
1045 2328 1321 2377 Gledstanis
1359 2328 1548 2375 domino
1586 2327 1746 2375 Dauid
1787 2327 1922 2374 Lund
1961 2329 2010 2373 et
2047 2325 2270 2387 magistro
2309 2325 2511 2387 Georgio

579 2420 717 2466 Scott
742 2417 941 2466 notariis
964 2417 1169 2480 publicis
1193 2434 1298 2464 cum
1324 2417 1524 2465 diuersis
1547 2416 1655 2464 aliis
1694 2444 1703 2453 ·

1153 2506 1364 2553 Androw
1391 2506 1603 2552 Wentofl
1628 2505 1682 2552 of
1701 2503 2031 2564 Strykmarten
2056 2505 2115 2550 vvt
2140 2518 2217 2564 my
2241 2502 2378 2547 hand.

582 2710 729 2757 Carta
757 2707 1023 2756 Alexandri
1051 2705 1274 2769 Episcopi
1301 2705 1477 2752 Comiti
1504 2703 1786 2766 Ergadiensi
1810 2718 2035 2750 concessa
2073 2729 2083 2739 ·

262 2870 552 2918 CXXXVI.
590 2837 867 2915 Omnibus
912 2862 1035 2908 hanc
1077 2863 1256 2907 cartam
1300 2858 1468 2906 visuris
1507 2856 1582 2904 vel
1623 2855 1856 2903 audituris
1900 2853 2170 2902 Alexander
2209 2853 2509 2901 miseratione

579 2954 741 3001 diuina
765 2953 1014 3015 episcopus
1040 2946 1374 2996 Brechinensis
1398 2950 1490 2993 etc.
1510 2944 1715 2993 salutem
1735 2944 1782 2990 in
1802 2943 2009 2990 omnium
2027 2942 2266 2991 saluatore
2287 2959 2426 3006 quum
2447 2959 2508 2989 ex

579 3044 823 3106 vtriusque
848 3040 962 3088 iuris
997 3037 1241 3086 sanctione
1266 3040 1315 3083 et
1340 3033 1743 3083 serenissimorum
1771 3032 1931 3080 Scotie
1955 3032 2219 3095 principum
2244 3031 2439 3079 statutis
2463 3031 2509 3076 in

578 3131 838 3196 reipublice
861 3134 911 3178 et
936 3128 1066 3191 regni
1085 3125 1380 3174 commodum
1401 3123 1542 3171 editis
1561 3126 1750 3169 cautum
1776 3120 1941 3168 existit
1966 3125 2015 3168 et
2039 3124 2190 3168 terras
2215 3124 2263 3167 et
2286 3119 2509 3182 possessi-

578 3238 692 3270 ones
715 3225 816 3268 tam
841 3216 1268 3267 ecclesiasticorum
1293 3229 1430 3276 quam
1457 3210 1737 3260 secularium
1765 3209 1973 3257 eiusdem
1999 3209 2047 3255 in
2070 3208 2399 3271 emphiteosim
2424 3223 2505 3254 seu

576 3311 889 3358 feudifirmam
925 3305 1213 3355 assedandas
1254 3306 1303 3350 et
1343 3301 1566 3349 locandas
1605 3299 1705 3347 fore
1744 3314 1835 3361 quo
1873 3313 1957 3361 per
1990 3297 2270 3360 prudentum
2306 3296 2507 3343 virorum
