3016 3958
377 900 533 949 CXX.

346 2777 534 2825 CXXI.

559 621 670 675 184
756 611 760 615 ’
1106 617 1400 674 CARTAE
1445 616 1950 673 ORIGINALES.

573 869 758 948 Carta
794 915 1021 948 concessa
1058 915 1143 963 per
1178 898 1451 946 Johannem
1492 897 1671 960 Cassye
1706 896 1902 944 fratrem
1926 911 2200 959 germanum
2237 895 2350 944 olim
2389 896 2513 943 Wil-

560 988 692 1036 lelmi
718 989 896 1052 Cassye
921 988 1005 1035 filii
1029 992 1079 1036 et
1103 987 1322 1036 haeredis
1347 987 1584 1051 quondam
1613 987 1647 1033 J
1652 986 1852 1034 ohannis
1889 985 2068 1049 Cassye
2105 985 2216 1034 olim
2247 985 2363 1035 civis
2387 986 2513 1034 Civi-

559 1079 678 1127 tatis
704 1078 1041 1126 Brechinensis
1064 1076 1323 1125 venerabili
1349 1080 1398 1124 et
1423 1075 1610 1139 egregio
1629 1075 1729 1123 viro
1751 1074 1978 1138 magistro
1999 1074 2245 1123 Willelmo
2273 1075 2510 1122 Meldrum

559 1168 736 1216 vicario
779 1166 1091 1216 Brechinensi
1131 1166 1417 1214 haeredibus
1457 1165 1556 1213 suis
1597 1169 1647 1213 et
1688 1164 1943 1227 assignatis
1985 1164 2246 1213 tenementi
2292 1164 2366 1213 sui
2407 1181 2513 1211 cum

559 1258 700 1305 horto
728 1257 939 1319 jacentis
974 1257 1100 1304 infra
1129 1255 1386 1303 Civitatem
1414 1254 1787 1302 Brechinensem
1825 1253 1951 1301 inter
1984 1257 2140 1302 terras
2163 1253 2514 1317 capellanorum

562 1347 692 1394 chori
720 1345 1054 1394 Brechinensis
1089 1346 1149 1392 ad
1187 1345 1418 1393 orientem
1443 1348 1597 1391 terras
1618 1342 1857 1392 Johannis
1894 1343 2086 1399 Broune
2121 1344 2182 1390 ad
2218 1343 2514 1391 occidentem

560 1439 610 1483 et
633 1439 788 1483 terras
813 1435 1049 1483 dictorum
1086 1432 1440 1497 capellanorum
1464 1433 1524 1480 ad
1549 1435 1763 1480 austrum
1789 1435 1838 1479 et
1863 1448 2162 1480 communem
2188 1432 2312 1480 viam
2338 1433 2513 1496 regiam

561 1525 621 1571 ad
658 1524 852 1572 boream
890 1540 977 1587 pro
1001 1523 1206 1587 quadam
1233 1526 1368 1570 certa
1391 1537 1576 1570 summa
1599 1521 1859 1584 pecuniae3
1883 1522 2080 1569 tenendi
2105 1522 2164 1569 de
2189 1538 2410 1586 supremo
2435 1524 2517 1570 do-

560 1613 689 1660 mino
731 1616 894 1660 nostro
933 1612 1066 1675 Rege
1109 1612 1158 1659 in
1195 1610 1346 1659 libero
1382 1610 1610 1673 burgagio
1651 1611 1700 1657 in
1735 1611 1876 1658 feodo
1918 1615 1967 1659 et
2008 1611 2307 1659 haereditate
2345 1612 2514 1675 imper-

562 1706 758 1766 petuum
798 1730 808 1740 ·
847 1701 1118 1750 Reddendo
1166 1701 1296 1748 dicto
1345 1699 1535 1747 domino
1578 1703 1744 1747 nostro
1786 1699 1909 1762 Regi
1946 1703 1995 1747 et
2030 1700 2130 1748 suis
2162 1701 2515 1749 successoribus

559 1791 806 1840 servitium
830 1790 969 1838 liberi
994 1789 1207 1853 burgagii
1232 1789 1281 1835 in
1307 1789 1437 1836 dicta
1461 1787 1671 1836 Civitate
1696 1787 1910 1836 debitum
1937 1792 1986 1837 et
2011 1792 2290 1837 consuetum
2330 1817 2340 1827 ·
2377 1789 2513 1838 Data

559 1881 645 1929 sub
671 1879 825 1944 sigillo
850 1896 935 1928 suo
960 1880 1086 1943 apud
1112 1878 1371 1937 Civitatem
1398 1876 1767 1925 Brechinensem
1794 1876 2021 1939 vigesimo
2045 1878 2212 1942 quinto
2237 1878 2314 1925 die
2337 1879 2511 1927 mensis

557 1970 779 2018 Januarii
814 1985 938 2017 anno
975 1967 1171 2016 Domini
1208 1966 1458 2015 millesimo
1495 1965 1872 2030 quingentesimo
1908 1966 2152 2030 trigesimo
2175 1968 2328 2030 primo
2352 1983 2511 2016 coram

557 2059 632 2108 his
654 2058 861 2107 testibus
884 2056 1108 2105 videlicet
1132 2054 1393 2104 venerabili
1429 2055 1529 2103 viro
1567 2053 1804 2118 Magistro
1830 2054 1988 2102 David
2015 2054 2254 2103 Meldi-um
2280 2057 2514 2104 archidia-

558 2164 679 2197 cono
703 2146 1037 2195 Dunkeldensi
1062 2145 1265 2193 dominis
1302 2144 1459 2192 David
1496 2144 1659 2191 Broun
1696 2143 1879 2191 Thoma
1916 2143 2240 2206 Fyndlaisoun
2275 2149 2324 2193 et
2362 2145 2516 2194 Alex-

558 2238 706 2286 andro
748 2235 854 2284 Liel
895 2234 1154 2299 capellanis
1193 2234 1416 2281 Johanne
1467 2232 1670 2279 Moncur
1712 2232 1894 2280 Thoma
1944 2231 2184 2280 Meldrum
2227 2237 2276 2282 et
2318 2234 2505 2283 Jacobo

561 2326 781 2390 Kynneir
804 2325 941 2373 laicis
965 2340 1072 2372 cum
1097 2322 1297 2371 diversis
1321 2321 1429 2375 aliis
1468 2349 1478 2359 ·

559 2525 936 2576 Instrumentum
983 2525 1179 2574 saisina
1204 2525 1252 2571 in
1298 2525 1506 2572 favorem
1542 2525 1576 2571 J
1579 2523 1717 2572 acobi
1761 2525 1914 2588 Spens
1961 2524 2194 2588 capellani
2241 2525 2504 2590 capellanie

562 2616 727 2664 Sancti
750 2617 783 2663 J
789 2616 955 2664 oannis
979 2613 1267 2677 evangeliste
1307 2641 1317 2651 ·

563 2743 648 2820 In
688 2773 782 2820 Dei
819 2772 1008 2820 nomine
1047 2799 1057 2809 -
1093 2770 1252 2818 Amen
1290 2798 1301 2808 ·
1339 2798 1352 2808 ·
1390 2798 1401 2807 ·
1437 2769 1622 2818 cunctis
1658 2773 1824 2833 pateat
1862 2798 1872 2807 ·
1912 2797 1921 2808 ·
1962 2798 1972 2807 -
2010 2770 2134 2833 quod
2174 2786 2298 2818 anno
2340 2772 2503 2819 Incar-

561 2862 769 2910 nationis
806 2860 1058 2908 Dominice
1099 2858 1350 2907 millesimo
1389 2858 1764 2922 quingentesimo
1800 2857 2043 2906 tricesimo
2083 2859 2291 2906 secundo
2329 2861 2502 2909 mensis

562 2967 672 3000 vero
711 2949 994 2997 Decembris
1030 2949 1106 2996 die
1143 2947 1347 3011 septima
1383 2974 1395 2985 ·
1433 2974 1444 2984 ·
1483 2974 1494 2985 ·
1530 2946 1844 3010 personaliter
1877 2946 2140 2995 constituta
2162 2947 2310 3010 proba
2333 2948 2503 2997 mulier

564 3040 773 3089 Cristina
807 3039 1068 3086 Jamesoun
1105 3052 1280 3101 sponsa
1317 3035 1481 3084 Dauid
1520 3034 1855 3082 Wedderburn
1894 3034 2094 3083 senioris
2127 3035 2175 3082 in
2210 3036 2342 3084 curia
2364 3041 2501 3086 tenta

563 3146 648 3194 per
670 3127 991 3177 honorabilem
1019 3127 1166 3175 virum
1188 3127 1222 3174 J
1226 3126 1425 3174 acobum
1452 3122 1784 3172 Wedderburn
1813 3139 1956 3171 unum
1979 3122 2259 3172 balliuorum
2283 3125 2417 3189 burgi
2442 3128 2500 3174 de

564 3219 738 3267 Dunde
773 3233 992 3280 magnum
1026 3215 1238 3280 prestitit
1265 3215 1586 3278 juramentum
1623 3210 1866 3275 corporale
1898 3211 2044 3260 tactis
2066 3213 2381 3263 sacrosanctis
2404 3214 2498 3263 Dei

565 3305 821 3370 euangeliis
844 3305 969 3369 quod
994 3304 1245 3353 inchoacta
1279 3302 1536 3352 cousensiit
1571 3302 1632 3349 ad
1666 3300 1795 3349 illam
1825 3300 2191 3364 resignationem
2215 3305 2264 3350 et
2289 3303 2501 3352 infeoda-
