3016 3958
475 648 586 705 202
1062 650 1355 706 CARTAE
1400 648 1904 707 ORIGINALES.

478 840 606 888 Unio
647 841 844 889 duarum
886 840 1257 906 capellaniarum
1297 841 1604 889 fundatarum
1646 855 1732 903 per
1771 840 2012 888 dominnm
2062 840 2326 889 Robertum
2371 841 2428 888 de

481 930 671 994 Erskyn
695 930 897 979 militem
937 959 947 969 -

168 1113 457 1162 CXXXIV.
493 1078 779 1160 Uniuersis
815 1115 863 1159 et
899 1110 1094 1173 singulis
1129 1114 1294 1159 sancte
1330 1110 1500 1159 matris
1535 1109 1735 1159 ecclesie
1770 1109 1881 1159 filiis
1918 1138 1928 1148 ·
1968 1138 1978 1148 ·
2018 1138 2028 1148 ·
2063 1110 2280 1160 Joannes
2320 1139 2330 1149 ·
2370 1139 2380 1150 ·
2420 1139 2430 1150 ·

482 1203 731 1266 episcopus
756 1201 1092 1250 Brechinensis
1117 1200 1334 1248 Salutem
1372 1228 1384 1237 ·
1423 1229 1434 1238 ·
1473 1229 1483 1238 ·
1522 1200 1767 1249 Noueritis
1800 1216 1888 1249 nos
1913 1215 2019 1248 cum
2049 1216 2282 1250 consensu
2320 1229 2330 1240 ·
2371 1230 2381 1240 ·
2421 1230 2430 1240 ·

482 1291 679 1356 capituli
716 1291 867 1341 nostri
908 1318 918 1329 ·
956 1318 967 1329 ·
1007 1318 1017 1328 -
1054 1290 1115 1338 ad
1155 1288 1435 1339 instantiam
1473 1289 1647 1339 nobilis
1681 1294 1730 1338 et
1766 1290 1978 1354 potentis
2014 1290 2192 1338 domini
2227 1291 2432 1339 Joannis

484 1381 660 1430 domini
697 1381 755 1428 de
793 1380 984 1444 Erskyn
1013 1379 1203 1444 patroni
1229 1380 1425 1427 duarum
1452 1379 1819 1442 capellaniarum
1858 1379 1906 1426 in
1943 1378 2145 1428 ecclesia
2169 1380 2432 1428 cathedrali

485 1470 795 1519 Brechinensi
847 1469 1156 1517 fundatarum
1207 1484 1387 1532 proque
1437 1469 1587 1532 ipsius
1633 1472 1764 1516 statu
1812 1472 1861 1516 et
1908 1467 2037 1516 felici
2084 1470 2381 1518 successione
2421 1499 2430 1508 ·

487 1561 684 1609 Necnon
707 1576 793 1623 pro
817 1558 977 1606 anima
999 1573 1086 1607 sna
1119 1573 1177 1605 ac
1212 1557 1372 1605 anima
1396 1558 1633 1621 quondam
1657 1557 1831 1605 nobilis
1855 1558 2001 1606 etiam
2026 1559 2203 1606 domini
2230 1560 2431 1608 Roberti

488 1650 546 1698 de
572 1650 762 1713 Erskyn
787 1648 953 1696 militis
976 1646 1292 1712 progenitoris
1316 1647 1463 1710 ipsius
1487 1647 1520 1693 J
1525 1647 1692 1695 oannis
1716 1647 1929 1695 moderni
1953 1663 2010 1695 ac
2034 1648 2338 1696 fundatorum
2364 1648 2433 1713 ip-

487 1755 642 1787 sarum
670 1739 866 1786 duarum
892 1736 1259 1801 capellaniarum
1284 1736 1606 1798 predictarum
1632 1737 1693 1783 ad
1717 1735 1870 1784 altare
1894 1737 2034 1785 beate
2061 1737 2216 1784 Marie
2243 1738 2433 1801 virginis

488 1828 536 1875 in
561 1827 666 1891 ipsa
688 1826 892 1875 ecclesia
915 1825 1179 1874 cathedrali
1204 1825 1516 1873 Brechinensi
1539 1825 1841 1873 fundatarum
1868 1841 2051 1874 necnon
2076 1843 2161 1890 pro
2185 1828 2434 1876 animabus

488 1917 695 1965 omnium
719 1932 910 1965 suorum
933 1915 1289 1979 progenitorum
1319 1919 1368 1962 et
1404 1930 1728 1963 successorum
1753 1918 2003 1978 parentum
2028 1919 2078 1962 et
2102 1914 2359 1964 amicorum
2385 1917 2432 1964 in

488 2005 924 2069 augmentationem
960 2004 1108 2052 diuini
1144 2003 1304 2053 cultus
1340 2008 1389 2052 et
1425 2005 1651 2052 honorem
1678 2004 1775 2052 Dei
1801 1986 2141 2068 omnipotentis
2178 2009 2228 2053 et
2264 2005 2434 2068 glorio-

489 2095 672 2144 sissime
697 2094 890 2158 virginis
915 2094 1070 2142 Marie
1112 2121 1122 2132 ·
1162 2122 1172 2131 ·
1211 2121 1222 2132 ·
1254 2094 1372 2142 duas
1395 2093 1504 2142 illas
1528 2093 1817 2157 capellanias
1845 2093 2073 2142 fundatas
2096 2098 2150 2142 ut
2174 2094 2435 2157 predicitur

491 2228 503 2238 ,
542 2212 552 2222 ·
591 2212 602 2223 ·
640 2185 823 2232 duobus
846 2182 1107 2247 capellanis
1141 2181 1454 2231 celebraturis
1490 2182 1654 2230 diuina
1687 2183 1749 2230 ad
1786 2182 1964 2252 dictum
1989 2182 2142 2230 altare
2181 2211 2190 2221 -
2229 2210 2240 2221 ·
2280 2210 2291 2222 ·
2327 2199 2431 2231 cum

490 2289 725 2322 consensu
748 2272 896 2336 ipsius
933 2299 944 2310 ·
984 2299 995 2310 ·
1034 2298 1046 2310 ·
1083 2271 1262 2320 domini
1287 2273 1345 2319 de
1371 2272 1565 2335 Erskyn
1589 2272 1802 2320 moderni
1821 2275 1870 2320 et
1890 2272 2203 2320 discretorum
2230 2273 2432 2321 virorum

491 2363 786 2411 dominorum
812 2360 998 2409 Nicolai
1023 2361 1324 2409 Thomsoune
1361 2365 1410 2409 et
1445 2361 1479 2407 J
1484 2361 1650 2409 oannis
1676 2360 2043 2409 Williamsoune
2079 2361 2431 2425 capellanorum

491 2454 549 2500 de
588 2451 798 2516 presenti
836 2451 1043 2515 ipsarum
1082 2451 1281 2498 duarum
1319 2449 1690 2514 capellaniarum
1728 2477 1739 2488 ·
1778 2477 1788 2487 ·
1828 2477 1838 2488 ·
1874 2465 1931 2498 ac
1968 2449 2167 2498 aliorum
2205 2451 2433 2501 interesse

486 2540 761 2589 habentium
797 2567 810 2579 ·
850 2568 860 2578 ·
899 2568 909 2578 ·
946 2541 994 2586 in
1032 2555 1174 2587 unam
1212 2538 1523 2603 capellaniam
1562 2539 1772 2588 uniuisse
1811 2542 1862 2586 et
1905 2539 2115 2588 erexisse
2154 2567 2164 2577 -
2204 2567 2214 2578 ·
2254 2569 2264 2579 -
2300 2541 2433 2605 prius

490 2629 654 2678 habito
679 2645 819 2692 super
841 2628 932 2676 hoc
957 2628 1173 2691 diligenti
1192 2632 1404 2677 tractatu
1444 2656 1454 2666 ·
1494 2655 1504 2666 ·
1543 2656 1554 2667 ·
1590 2645 1652 2677 ex
1677 2644 1770 2692 quo
1809 2656 1819 2666 ·
1859 2656 1869 2665 ·
1909 2656 1920 2666 ·
1957 2627 2283 2678 intelleximus
2307 2631 2432 2694 quod

492 2719 673 2766 fructus
713 2717 928 2765 redditus
968 2721 1018 2766 et
1060 2721 1324 2781 prouentus
1361 2718 1480 2765 dicti
1517 2717 1684 2766 altaris
1722 2745 1732 2755 ·
1772 2745 1782 2755 ·
1822 2745 1831 2755 ·
1868 2733 1962 2764 non
1999 2721 2109 2765 sunt
2146 2718 2433 2767 sufficientes

594 2835 605 2845 ·
641 2808 701 2854 ad
725 2808 1087 2855 sustentandum
1114 2808 1232 2855 duos
1255 2805 1529 2870 capellanos
1552 2806 1613 2854 ad
1638 2806 1793 2870 ipsum
1809 2805 1962 2853 altare
1987 2805 2246 2871 seruituros
2270 2810 2432 2854 nostra

493 2897 582 2943 hac
606 2899 906 2958 tempestate,
930 2899 1098 2959 utpote
1124 2912 1320 2960 quorum
1358 2911 1542 2944 annuus
1576 2894 1709 2943 valor
1743 2895 1803 2942 ad
1841 2895 2003 2941 decem
2039 2893 2184 2942 libras
2208 2895 2432 2942 strinilin-

494 3001 657 3048 gorum
680 2985 1010 3032 tantummodo
1033 3000 1137 3033 sese
1161 2985 1396 3040 extendit,
1431 2985 1556 3032 unde
1592 2984 1751 3032 euenit
1787 2987 1840 3031 ut
1876 2999 1981 3030 cum
2007 2999 2069 3030 ex
2093 2983 2197 3046 ipsa
2219 2984 2432 3046 primeua

496 3073 771 3120 fundatione
812 3072 1017 3135 ipsarum
1061 3074 1257 3121 duarum
1299 3072 1670 3136 capellaniarum
1709 3072 1979 3135 requiratur
2018 3072 2279 3134 personalis
2320 3075 2433 3122 resi-

498 3162 659 3210 dentia
699 3161 940 3224 utriusque
982 3161 1216 3225 capellani
1256 3162 1317 3209 ad
1364 3161 1715 3210 inseruiendum
1758 3160 1919 3208 diuino
1960 3160 2109 3209 cultui
2149 3163 2210 3209 ad
2253 3163 2431 3211 dictum

498 3252 663 3306 altare,
688 3251 812 3314 quod
837 3250 927 3313 ipsi
952 3250 1185 3314 capellani
1211 3267 1272 3298 ex
1297 3251 1484 3314 prefato
1507 3265 1664 3298 annuo
1690 3250 1879 3296 redditu
1909 3251 2152 3297 commode
2177 3254 2431 3300 sustentari

498 3357 591 3389 non
620 3343 845 3403 poterant
880 3339 987 3387 Imo
1011 3355 1073 3387 ex
1097 3340 1298 3388 caritate
1322 3354 1507 3387 annone
1531 3338 1775 3402 sepissime
1800 3342 1908 3402 post
1933 3338 2082 3402 ipsam
2106 3339 2429 3390 fundationem
