3016 3958
1000 652 1433 710 LITERAE
1499 651 1958 708 PAPALES.
2335 650 2443 708 407

504 911 727 955 Willelmo
748 912 913 956 Forbes
934 914 1098 956 decano
1120 913 1403 956 Brechinensi
1424 913 1478 955 ad
1499 911 1709 970 beneficia
1729 910 1928 954 habenda
1948 910 2165 954 indultum
2186 912 2255 952 est
2285 941 2295 952 .

102 1072 472 1127 ΚΟΟΟΟΧΧΧΙΙ.
499 1061 705 1116 Galistus
737 1074 822 1116 ΙΙΙ.
855 1077 936 1117 etc.
967 1074 1124 1117 dilecto
1145 1073 1236 1116 filio
1256 1073 1497 1115 Wilhelmo
1519 1072 1698 1123 Forbes,
1721 1072 1885 1115 decano
1906 1071 2101 1114 Ecclesie
2123 1070 2443 1119 Brechinensis,

499 1154 694 1197 Salutem
715 1157 796 1197 etc.
829 1187 838 1197 .
871 1186 881 1197 .
915 1186 924 1198 .
956 1154 1177 1198 Nobilitas
1196 1155 1369 1211 generis
1390 1154 1479 1196 vite
1501 1167 1552 1196 ac
1572 1167 1740 1196 morum
1760 1154 1968 1195 honestas
2002 1184 2012 1195 .
2046 1182 2057 1193 .
2090 1185 2099 1194 .
2130 1165 2212 1194 nos
2232 1150 2443 1194 inducunt

495 1238 546 1277 ut
565 1239 609 1277 te
631 1234 890 1291 specialibus
910 1234 1133 1277 favoribus
1154 1237 1199 1277 et
1218 1234 1373 1291 gratiis
1393 1247 1708 1290 prosequamur
1741 1263 1751 1274 .
1783 1232 1900 1275 Hinc
1921 1235 1990 1275 est
2010 1232 2124 1288 quod
2144 1246 2225 1275 nos
2246 1231 2442 1274 volentes

493 1318 551 1364 te,
573 1315 660 1371 qui,
683 1318 735 1357 ut
754 1314 979 1364 asseritur,
1002 1314 1048 1355 in
1069 1314 1273 1357 vicesimo
1294 1313 1364 1355 vel
1384 1314 1500 1355 circa
1519 1316 1594 1356 tue
1616 1312 1747 1355 etatis
1767 1326 1882 1355 anno
1904 1312 2170 1355 constitutus
2186 1311 2339 1354 existis
2363 1342 2373 1352 .
2396 1343 2405 1352 .
2429 1343 2439 1353 .

492 1395 837 1438 consideratione
862 1395 1076 1437 carissimi
1105 1394 1150 1435 in
1183 1393 1358 1436 Christo
1389 1393 1468 1434 filii
1498 1392 1638 1435 nostri
1669 1392 1823 1434 Jacobi
1846 1392 2074 1435 Scotorum
2096 1391 2232 1448 Regis
2253 1390 2439 1433 illustris

491 1489 541 1516 ac
575 1474 835 1517 venerabilis
867 1473 1018 1516 fratris
1057 1474 1198 1516 nostri
1238 1473 1391 1516 Jacobi
1432 1472 1638 1528 Episcopi
1680 1471 1830 1515 Sancti
1870 1471 2044 1513 Andree
2085 1485 2164 1526 pro
2205 1474 2248 1512 te
2291 1484 2442 1512 eorum

489 1553 646 1595 dilecto
666 1553 776 1610 Regi
799 1553 986 1596 secundo
1017 1556 1063 1596 et
1091 1543 1222 1596 tertio
1247 1552 1642 1609 consanguinitatis
1670 1551 1879 1608 gradibus
1910 1551 2141 1606 conjuncto
2169 1563 2219 1592 ac
2250 1549 2441 1605 episcopi

489 1634 722 1675 eorundem
763 1637 920 1690 nepote
959 1634 1084 1676 nobis
1127 1648 1257 1690 super
1296 1635 1378 1676 hoc
1422 1633 1646 1676 humiliter
1691 1632 2029 1688 supplicantium
2067 1664 2076 1673 .
2113 1664 2121 1673 .
2161 1663 2170 1673 .
2206 1630 2351 1672 omnia
2396 1634 2440 1671 et

489 1713 662 1769 singula
681 1713 890 1756 beneficia
910 1713 1206 1756 ecclesiastica
1229 1714 1321 1756 sine
1342 1728 1448 1756 cura
1477 1727 1560 1768 que
1591 1712 1724 1755 etiam
1749 1711 1934 1761 obtines,
1957 1725 2010 1752 ex
2031 1710 2189 1766 quibus
2214 1711 2289 1765 jus
2311 1723 2437 1765 apos-

487 1793 630 1836 tolicis
655 1793 1053 1849 dispensationibus
1075 1794 1259 1843 obtines,
1280 1807 1331 1835 ac
1353 1807 1450 1835 cum
1472 1806 1576 1834 cura
1597 1795 1642 1834 et
1672 1792 1764 1833 sine
1787 1804 1902 1841 cura,
1925 1804 2009 1846 que
2030 1792 2248 1845 expectas,
2269 1803 2436 1830 necnon

487 1874 531 1915 in
554 1873 710 1929 quibus
741 1877 786 1915 et
816 1873 871 1915 ad
902 1888 984 1928 que
1009 1874 1085 1928 jus
1115 1873 1194 1915 tibi
1225 1872 1547 1928 quomodolibet
1577 1871 1795 1928 competit,
1829 1884 2109 1927 quecumque,
2133 1873 2436 1926 quotcumque,

488 1957 532 1995 et
552 1953 882 2008 qualiacumque
899 1953 1000 2002 sint,
1018 1967 1251 2008 eorumque
1271 1952 1491 1994 fructuum
1517 1984 1526 1993 .
1554 1984 1562 1994 .
1596 1984 1605 1993 .
1631 1965 1758 1993 veros
1779 1950 1949 1993 valores
1971 1964 2154 1999 annuos,
2178 1963 2228 1991 ac
2241 1949 2435 2004 ipsarum

446 2023 454 2042 ¹
486 2033 859 2089 dispensationum
893 2035 1067 2074 tenores
1103 2032 1378 2088 presentibus
1414 2045 1493 2087 pro
1531 2031 1794 2073 sufficienter
1829 2029 2048 2085 expressis
2083 2029 2296 2071 habentes
2334 2061 2342 2069 .
2380 2060 2389 2069 .
2424 2060 2432 2069 .

485 2118 628 2156 tecum
659 2118 710 2155 ut
740 2127 926 2155 unacum
956 2113 1169 2155 decanatu
1201 2112 1379 2155 ecclesie
1411 2111 1713 2154 Brechinensis
1744 2143 1754 2153 .
1791 2143 1799 2152 .
1831 2141 1842 2153 .
1874 2111 1997 2165 cujus
2026 2109 2194 2152 fruetus
2227 2141 2236 2151 .
2271 2141 2280 2151 .
2314 2141 2323 2150 .
2355 2108 2433 2150 tri-

484 2194 609 2249 ginta
653 2193 861 2236 librarum
915 2193 1233 2248 Sterlingorum
1279 2191 1514 2234 secundum
1560 2204 1829 2233 communem
1875 2189 2192 2232 estimationem
2238 2188 2431 2231 valorem

484 2288 677 2315 annuum
697 2277 746 2315 ut
768 2273 899 2315 etiam
925 2272 1138 2315 asseritur
1162 2287 1250 2314 non
1271 2271 1499 2321 excedunt,
1523 2285 1650 2326 quem
1670 2271 1787 2313 inter
1813 2273 1960 2313 cetera
1980 2270 2166 2319 obtines,
2187 2283 2336 2319 unum,
2360 2267 2430 2309 vel

482 2354 558 2395 illo
588 2353 779 2403 dimisso,
813 2353 897 2395 duo
928 2353 1015 2395 alia
1046 2366 1312 2408 quecumque
1343 2351 1551 2393 beneficia
1581 2350 1881 2393 ecclesiastica
1907 2353 2073 2400 curata,
2107 2363 2185 2392 seu
2214 2363 2293 2404 per
2317 2348 2428 2390 alias

482 2434 667 2475 invicem
696 2432 1052 2488 incompatibilia,
1083 2433 1215 2474 etiam
1248 2431 1284 2474 si
1313 2430 1609 2487 parrochiales
1639 2430 1818 2473 ecclesie
1849 2429 1919 2472 vel
1949 2443 2100 2472 earum
2129 2432 2336 2485 perpetue
2366 2428 2429 2469 vi-

484 2514 611 2565 carie,
646 2516 723 2556 aut
751 2512 1002 2568 dignitates,
1022 2515 1296 2568 personatus,
1320 2510 1734 2560 administrationes,
1766 2509 1835 2552 vel
1865 2509 2005 2552 officia
2023 2510 2069 2550 in
2090 2507 2425 2558 cathedralibus,

485 2609 561 2636 seu
594 2593 835 2650 collegiatis
871 2592 1078 2642 ecclesiis,
1113 2595 1158 2634 et
1189 2591 1425 2647 dignitates
1458 2591 1551 2646 ipse
1583 2590 1630 2631 in
1663 2589 1984 2632 cathedralibus
2024 2593 2125 2645 post
2156 2590 2427 2644 pontificales

481 2675 684 2730 majores,
724 2688 799 2716 seu
835 2674 879 2714 in
918 2672 1161 2728 collegiatis
1195 2671 1389 2713 ecclesiis
1423 2670 1628 2727 predictis
1665 2669 1939 2726 principales,
1983 2672 2062 2712 aut
2105 2668 2226 2711 tales
2258 2669 2428 2712 mixtim

481 2754 643 2796 fuerint
672 2784 682 2795 .
719 2786 728 2795 .
763 2784 773 2794 .
807 2753 843 2795 si
864 2752 944 2795 tibi
974 2751 1085 2794 alias
1115 2751 1319 2793 canonice
1350 2750 1643 2800 conferantur,
1667 2753 1744 2792 aut
1764 2749 2001 2792 assumeris
2032 2782 2041 2790 .
2076 2776 2087 2789 .
2120 2781 2129 2790 .
2161 2748 2231 2790 vel
2252 2749 2427 2806 eligeris

480 2835 536 2876 ad
566 2834 643 2876 illa
676 2866 684 2875 .
721 2866 728 2874 .
762 2864 771 2874 .
802 2832 1007 2889 recipere,
1038 2835 1084 2874 et
1112 2830 1289 2873 insimul
1320 2830 1461 2886 quoad
1492 2830 1652 2871 vixeris
1682 2828 1883 2879 retinere,
1907 2842 2043 2884 eaque
2074 2828 2219 2871 omnia
2250 2858 2262 2870 .
2293 2860 2302 2871 .
2341 2861 2349 2870 .
2381 2833 2426 2871 et

481 2914 632 2970 quevis
663 2912 750 2956 alia
783 2943 793 2953 .
825 2945 834 2955 .
870 2943 880 2953 .
911 2911 1115 2954 canonice
1146 2909 1417 2966 assequenda
1445 2908 1787 2965 incompatibilia
1815 2908 2035 2958 beneficia,
2069 2908 2199 2951 simul
2229 2908 2299 2951 vel
2331 2922 2425 2970 suc-

481 2993 660 3044 cessive,
685 2991 938 3049 simpliciter
956 2990 1027 3033 vel
1042 3004 1094 3032 ex
1112 3003 1243 3032 causa
1263 2988 1610 3045 permutationis,
1627 2988 1828 3043 quotiens
1844 2987 1924 3030 tibi
1940 2987 2167 3044 placuerit,
2189 2987 2422 3037 dimittere,

480 3078 525 3116 et
558 3074 653 3116 loco
688 3072 856 3114 dimissi
887 3104 897 3113 .
930 3102 939 3113 .
973 3101 983 3113 .
1015 3069 1134 3112 aliud
1167 3068 1238 3110 vel
1273 3067 1374 3118 alia,
1414 3066 1553 3110 simile
1580 3066 1650 3108 vel
1680 3066 1905 3117 dissimile,
1937 3070 2016 3110 aut
2045 3067 2206 3110 similia
2235 3067 2305 3110 vel
2335 3069 2422 3111 dis-

481 3153 652 3203 similia,
675 3151 930 3195 beneficium
957 3164 1035 3192 seu
1054 3148 1277 3198 beneficia,
1301 3146 1639 3190 ecclesiasticum
1659 3145 1730 3188 vel
1760 3146 2067 3196 ecclesiastica,
2088 3147 2174 3191 duo
2196 3147 2423 3192 dumtaxat

479 3234 663 3276 invicem
683 3231 1025 3288 incompatibilia
1046 3229 1257 3278 similiter,
1279 3228 1411 3270 etiam
1442 3242 1495 3269 ex
1526 3241 1640 3269 nunc
1660 3226 1850 3282 recipere
1872 3230 1917 3269 et
1946 3226 2076 3270 etiam
2100 3228 2242 3283 quoad
2263 3228 2422 3270 vixeris

483 3313 668 3355 invicem
710 3312 914 3362 retinere,
960 3311 1096 3353 libere
1141 3314 1186 3352 et
1229 3307 1345 3350 licite
1390 3307 1552 3363 valeas,
1598 3306 1769 3349 defectu
1813 3306 1944 3349 etatis
1989 3307 2199 3362 premisso
2239 3338 2248 3348 .
2286 3340 2293 3348 .
2331 3339 2340 3348 .
2377 3312 2421 3349 et

487 3393 802 3435 Lateranensis
838 3406 888 3434 ac
931 3390 1147 3448 generalis
1184 3388 1461 3432 conciliorum
1500 3401 1549 3429 ac
1585 3386 1924 3442 quibuscumque
1965 3386 2063 3429 aliis
2104 3387 2422 3430 constitutioni-
