<?xml version="1.0" encoding="UTF-8"?>
<!DOCTYPE html PUBLIC "-//W3C//DTD XHTML 1.0 Transitional//EN"
    "http://www.w3.org/TR/xhtml1/DTD/xhtml1-transitional.dtd">
<html xmlns="http://www.w3.org/1999/xhtml" xml:lang="en" lang="en">
 <head>
  <title>
</title>
<meta http-equiv="Content-Type" content="text/html;charset=utf-8" />
  <meta name='ocr-system' content='tesseract 3.04.00' />
  <meta name='ocr-capabilities' content='ocr_page ocr_carea ocr_par ocr_line ocrx_word'/>
</head>
<body>
  <div class='ocr_page' id='page_1' title='image "./registrumepiscop02brecuoft_0175.png"; bbox 0 0 3016 3958; ppageno 0'>
   <div class='ocr_carea' id='block_1_1' title="bbox 1078 627 2473 694">
    <p class='ocr_par' dir='ltr' id='par_1_1' title="bbox 1078 627 2473 694">
     <span class='ocr_line' id='line_1_1' title="bbox 1078 627 2473 694; baseline 0.009 -12"><span class='ocrx_word' id='word_1_1' title='bbox 1078 627 1373 684; x_wconf 80' lang='lat' dir='ltr'>CARTAE</span> <span class='ocrx_word' id='word_1_2' title='bbox 1414 627 1916 687; x_wconf 78' lang='lat' dir='ltr'>ORIGINALES.</span> <span class='ocrx_word' id='word_1_3' title='bbox 2367 639 2473 694; x_wconf 89' lang='lat'>161</span> 
     </span>
    </p>
   </div>
   <div class='ocr_carea' id='block_1_2' title="bbox 527 816 2474 970">
    <p class='ocr_par' dir='ltr' id='par_1_2' title="bbox 527 816 2474 970">
     <span class='ocr_line' id='line_1_2' title="bbox 529 816 2474 888; baseline 0.005 -22"><span class='ocrx_word' id='word_1_4' title='bbox 529 816 599 866; x_wconf 81' lang='lat' dir='ltr'>sis</span> <span class='ocrx_word' id='word_1_5' title='bbox 627 817 832 880; x_wconf 78' lang='lat' dir='ltr'>Augusti</span> <span class='ocrx_word' id='word_1_6' title='bbox 854 833 981 866; x_wconf 88' lang='lat' dir='ltr'>anno</span> <span class='ocrx_word' id='word_1_7' title='bbox 1015 816 1211 866; x_wconf 88' lang='lat' dir='ltr'>Domini</span> <span class='ocrx_word' id='word_1_8' title='bbox 1234 817 1485 867; x_wconf 86' lang='lat' dir='ltr'>millesimo</span> <span class='ocrx_word' id='word_1_9' title='bbox 1519 820 1897 884; x_wconf 82' lang='lat' dir='ltr'>quingentesimo</span> <span class='ocrx_word' id='word_1_10' title='bbox 1919 826 2092 871; x_wconf 90' lang='lat' dir='ltr'>octauo</span> <span class='ocrx_word' id='word_1_11' title='bbox 2127 828 2178 873; x_wconf 87' lang='lat' dir='ltr'>et</span> <span class='ocrx_word' id='word_1_12' title='bbox 2201 825 2333 888; x_wconf 87' lang='lat' dir='ltr'>regni</span> <span class='ocrx_word' id='word_1_13' title='bbox 2367 842 2474 876; x_wconf 85' lang='lat' dir='ltr'>nos-</span> 
     </span>
     <span class='ocr_line' id='line_1_3' title="bbox 527 906 1067 970; baseline 0.004 -17"><span class='ocrx_word' id='word_1_14' title='bbox 527 906 592 953; x_wconf 92' lang='lat' dir='ltr'>tri</span> <span class='ocrx_word' id='word_1_15' title='bbox 617 907 841 955; x_wconf 79' lang='lat' dir='ltr'>vicesimo</span> <span class='ocrx_word' id='word_1_16' title='bbox 864 907 1019 970; x_wconf 89' lang='lat' dir='ltr'>primo</span> <span class='ocrx_word' id='word_1_17' title='bbox 1055 935 1067 944; x_wconf 94' lang='lat'><strong>·</strong></span> 
     </span>
    </p>
   </div>
   <div class='ocr_carea' id='block_1_3' title="bbox 289 1139 2471 2737">
    <p class='ocr_par' dir='ltr' id='par_1_3' title="bbox 289 1139 2471 2737">
     <span class='ocr_line' id='line_1_4' title="bbox 289 1139 2470 1237; baseline 0.005 -20"><span class='ocrx_word' id='word_1_18' title='bbox 289 1170 504 1218; x_wconf 90' lang='lat' dir='ltr'>XCVII.</span> <span class='ocrx_word' id='word_1_19' title='bbox 536 1139 936 1223; x_wconf 74' lang='lat' dir='ltr'>lustramentum</span> <span class='ocrx_word' id='word_1_20' title='bbox 969 1173 1318 1237; x_wconf 75' lang='lat' dir='ltr'>procurationis</span> <span class='ocrx_word' id='word_1_21' title='bbox 1339 1189 1426 1237; x_wconf 86' lang='lat' dir='ltr'>per</span> <span class='ocrx_word' id='word_1_22' title='bbox 1450 1173 1737 1237; x_wconf 73' lang='lat' dir='ltr'>Episcopum</span> <span class='ocrx_word' id='word_1_23' title='bbox 1762 1180 1814 1223; x_wconf 88' lang='lat' dir='ltr'>et</span> <span class='ocrx_word' id='word_1_24' title='bbox 1835 1174 2103 1224; x_wconf 80' lang='lat' dir='ltr'>Canonicos</span> <span class='ocrx_word' id='word_1_25' title='bbox 2126 1177 2470 1228; x_wconf 84' lang='lat' dir='ltr'>Brechinenses</span> 
     </span>
     <span class='ocr_line' id='line_1_5' title="bbox 527 1261 2468 1329; baseline 0.003 -18"><span class='ocrx_word' id='word_1_26' title='bbox 527 1280 621 1328; x_wconf 91' lang='lat' dir='ltr'>quo</span> <span class='ocrx_word' id='word_1_27' title='bbox 648 1263 871 1311; x_wconf 89' lang='lat' dir='ltr'>ordinant</span> <span class='ocrx_word' id='word_1_28' title='bbox 892 1262 1187 1311; x_wconf 84' lang='lat' dir='ltr'>venerabiles</span> <span class='ocrx_word' id='word_1_29' title='bbox 1224 1261 1619 1326; x_wconf 85' lang='lat' dir='ltr'>honorabilesque</span> <span class='ocrx_word' id='word_1_30' title='bbox 1641 1267 1692 1310; x_wconf 85' lang='lat' dir='ltr'>et</span> <span class='ocrx_word' id='word_1_31' title='bbox 1715 1262 1949 1312; x_wconf 87' lang='lat' dir='ltr'>discretos</span> <span class='ocrx_word' id='word_1_32' title='bbox 1974 1265 2102 1312; x_wconf 81' lang='lat' dir='ltr'>viros</span> <span class='ocrx_word' id='word_1_33' title='bbox 2134 1266 2386 1329; x_wconf 84' lang='lat' dir='ltr'>magistros</span> <span class='ocrx_word' id='word_1_34' title='bbox 2418 1272 2468 1316; x_wconf 87' lang='lat' dir='ltr'>et</span> 
     </span>
     <span class='ocr_line' id='line_1_6' title="bbox 526 1350 2469 1414; baseline 0.002 -14"><span class='ocrx_word' id='word_1_35' title='bbox 526 1353 755 1408; x_wconf 84' lang='lat' dir='ltr'>dominos,</span> <span class='ocrx_word' id='word_1_36' title='bbox 791 1351 1043 1414; x_wconf 88' lang='lat' dir='ltr'>Hugonem</span> <span class='ocrx_word' id='word_1_37' title='bbox 1085 1350 1339 1414; x_wconf 79' lang='lat' dir='ltr'>Dowglass</span> <span class='ocrx_word' id='word_1_38' title='bbox 1383 1351 1614 1398; x_wconf 80' lang='lat' dir='ltr'>decanum</span> <span class='ocrx_word' id='word_1_39' title='bbox 1662 1350 2045 1405; x_wconf 86' lang='lat' dir='ltr'>Brechinensem‚</span> <span class='ocrx_word' id='word_1_40' title='bbox 2088 1352 2383 1403; x_wconf 76' lang='lat' dir='ltr'>Willelmtim</span> <span class='ocrx_word' id='word_1_41' title='bbox 2418 1361 2469 1404; x_wconf 84' lang='lat' dir='ltr'>et</span> 
     </span>
     <span class='ocr_line' id='line_1_7' title="bbox 528 1439 2470 1500; baseline 0.002 -11"><span class='ocrx_word' id='word_1_42' title='bbox 528 1441 758 1489; x_wconf 83' lang='lat' dir='ltr'>Thomam</span> <span class='ocrx_word' id='word_1_43' title='bbox 784 1439 1024 1487; x_wconf 86' lang='lat' dir='ltr'>Meldrum</span> <span class='ocrx_word' id='word_1_44' title='bbox 1047 1443 1292 1487; x_wconf 80' lang='lat' dir='ltr'>cantorem</span> <span class='ocrx_word' id='word_1_45' title='bbox 1315 1443 1367 1487; x_wconf 89' lang='lat' dir='ltr'>et</span> <span class='ocrx_word' id='word_1_46' title='bbox 1389 1439 1710 1487; x_wconf 80' lang='lat' dir='ltr'>subdecanum</span> <span class='ocrx_word' id='word_1_47' title='bbox 1734 1439 1963 1500; x_wconf 88' lang='lat' dir='ltr'>ejusdem,</span> <span class='ocrx_word' id='word_1_48' title='bbox 1987 1440 2256 1491; x_wconf 88' lang='lat' dir='ltr'>Gilbertum</span> <span class='ocrx_word' id='word_1_49' title='bbox 2280 1444 2470 1493; x_wconf 90' lang='lat' dir='ltr'>Strath-</span> 
     </span>
     <span class='ocr_line' id='line_1_8' title="bbox 526 1527 2465 1594; baseline 0.002 -16"><span class='ocrx_word' id='word_1_50' title='bbox 526 1529 704 1594; x_wconf 85' lang='lat' dir='ltr'>aquhin</span> <span class='ocrx_word' id='word_1_51' title='bbox 726 1528 1079 1593; x_wconf 81' lang='lat' dir='ltr'>pensionarium</span> <span class='ocrx_word' id='word_1_52' title='bbox 1103 1532 1196 1576; x_wconf 85' lang='lat' dir='ltr'>etc.</span> <span class='ocrx_word' id='word_1_53' title='bbox 1220 1528 1449 1589; x_wconf 86' lang='lat' dir='ltr'>ejusdem,</span> <span class='ocrx_word' id='word_1_54' title='bbox 1486 1527 1748 1575; x_wconf 87' lang='lat' dir='ltr'>chricum</span> <span class='ocrx_word' id='word_1_55' title='bbox 1786 1528 1966 1583; x_wconf 81' lang='lat' dir='ltr'>Quhite</span> <span class='ocrx_word' id='word_1_56' title='bbox 2005 1531 2370 1594; x_wconf 81' lang='lat' dir='ltr'>prebendarium</span> <span class='ocrx_word' id='word_1_57' title='bbox 2406 1536 2465 1582; x_wconf 86' lang='lat' dir='ltr'>de</span> 
     </span>
     <span class='ocr_line' id='line_1_9' title="bbox 528 1615 2469 1683; baseline 0.003 -17"><span class='ocrx_word' id='word_1_58' title='bbox 528 1620 790 1682; x_wconf 80' lang='lat' dir='ltr'>Fynuevyn</span> <span class='ocrx_word' id='word_1_59' title='bbox 825 1617 984 1665; x_wconf 83' lang='lat' dir='ltr'>David</span> <span class='ocrx_word' id='word_1_60' title='bbox 1020 1615 1220 1664; x_wconf 89' lang='lat' dir='ltr'>Balfour</span> <span class='ocrx_word' id='word_1_61' title='bbox 1252 1617 1313 1664; x_wconf 90' lang='lat' dir='ltr'>de</span> <span class='ocrx_word' id='word_1_62' title='bbox 1358 1615 1677 1665; x_wconf 81' lang='lat' dir='ltr'>Caraldstoun</span> <span class='ocrx_word' id='word_1_63' title='bbox 1713 1617 1984 1666; x_wconf 80' lang='lat' dir='ltr'>Walterum</span> <span class='ocrx_word' id='word_1_64' title='bbox 2019 1619 2186 1683; x_wconf 80' lang='lat' dir='ltr'>Layng</span> <span class='ocrx_word' id='word_1_65' title='bbox 2221 1622 2469 1671; x_wconf 85' lang='lat' dir='ltr'>Matheum</span> 
     </span>
     <span class='ocr_line' id='line_1_10' title="bbox 528 1705 2470 1772; baseline 0.003 -16"><span class='ocrx_word' id='word_1_66' title='bbox 528 1709 634 1756; x_wconf 87' lang='lat' dir='ltr'>Ker</span> <span class='ocrx_word' id='word_1_67' title='bbox 665 1712 717 1756; x_wconf 87' lang='lat' dir='ltr'>ct</span> <span class='ocrx_word' id='word_1_68' title='bbox 751 1707 983 1755; x_wconf 85' lang='lat' dir='ltr'>Thomam</span> <span class='ocrx_word' id='word_1_69' title='bbox 1020 1707 1332 1770; x_wconf 80' lang='lat' dir='ltr'>Monypenny</span> <span class='ocrx_word' id='word_1_70' title='bbox 1364 1705 1653 1768; x_wconf 88' lang='lat' dir='ltr'>conjunctim</span> <span class='ocrx_word' id='word_1_71' title='bbox 1692 1710 1743 1753; x_wconf 84' lang='lat' dir='ltr'>et</span> <span class='ocrx_word' id='word_1_72' title='bbox 1780 1707 1966 1755; x_wconf 76' lang='lat' dir='ltr'>divisim</span> <span class='ocrx_word' id='word_1_73' title='bbox 2000 1724 2112 1757; x_wconf 88' lang='lat' dir='ltr'>suos</span> <span class='ocrx_word' id='word_1_74' title='bbox 2142 1716 2470 1772; x_wconf 76' lang='lat' dir='ltr'>procuratores</span> 
     </span>
     <span class='ocr_line' id='line_1_11' title="bbox 526 1794 2471 1861; baseline 0.002 -16"><span class='ocrx_word' id='word_1_75' title='bbox 526 1814 614 1861; x_wconf 92' lang='lat' dir='ltr'>pro</span> <span class='ocrx_word' id='word_1_76' title='bbox 636 1813 699 1845; x_wconf 83' lang='lat' dir='ltr'>-se</span> <span class='ocrx_word' id='word_1_77' title='bbox 733 1801 785 1844; x_wconf 84' lang='lat' dir='ltr'>et</span> <span class='ocrx_word' id='word_1_78' title='bbox 821 1796 1012 1844; x_wconf 86' lang='lat' dir='ltr'>nomine</span> <span class='ocrx_word' id='word_1_79' title='bbox 1057 1811 1145 1843; x_wconf 91' lang='lat' dir='ltr'>suo</span> <span class='ocrx_word' id='word_1_80' title='bbox 1189 1795 1317 1858; x_wconf 90' lang='lat' dir='ltr'>apud</span> <span class='ocrx_word' id='word_1_81' title='bbox 1363 1794 1642 1857; x_wconf 87' lang='lat' dir='ltr'>Edinburgb</span> <span class='ocrx_word' id='word_1_82' title='bbox 1689 1799 1860 1858; x_wconf 83' lang='lat' dir='ltr'>quarto</span> <span class='ocrx_word' id='word_1_83' title='bbox 1901 1797 1979 1844; x_wconf 89' lang='lat' dir='ltr'>die</span> <span class='ocrx_word' id='word_1_84' title='bbox 2024 1798 2251 1847; x_wconf 82' lang='lat' dir='ltr'>cessionis</span> <span class='ocrx_word' id='word_1_85' title='bbox 2289 1801 2471 1849; x_wconf 81' lang='lat' dir='ltr'>viceco-</span> 
     </span>
     <span class='ocr_line' id='line_1_12' title="bbox 526 1882 2469 1949; baseline 0.003 -15"><span class='ocrx_word' id='word_1_86' title='bbox 526 1887 725 1934; x_wconf 88' lang='lat' dir='ltr'>mitatus</span> <span class='ocrx_word' id='word_1_87' title='bbox 747 1885 989 1949; x_wconf 88' lang='lat' dir='ltr'>Angusiae</span> <span class='ocrx_word' id='word_1_88' title='bbox 1012 1900 1098 1933; x_wconf 82' lang='lat' dir='ltr'>seu</span> <span class='ocrx_word' id='word_1_89' title='bbox 1120 1883 1476 1948; x_wconf 79' lang='lat' dir='ltr'>quibuscunque</span> <span class='ocrx_word' id='word_1_90' title='bbox 1509 1882 1620 1932; x_wconf 87' lang='lat' dir='ltr'>aliis</span> <span class='ocrx_word' id='word_1_91' title='bbox 1652 1884 1820 1932; x_wconf 86' lang='lat' dir='ltr'>diebus</span> <span class='ocrx_word' id='word_1_92' title='bbox 1852 1900 2013 1932; x_wconf 90' lang='lat' dir='ltr'>coram</span> <span class='ocrx_word' id='word_1_93' title='bbox 2045 1887 2248 1937; x_wconf 89' lang='lat' dir='ltr'>dominis</span> <span class='ocrx_word' id='word_1_94' title='bbox 2280 1890 2469 1938; x_wconf 87' lang='lat' dir='ltr'>consili-</span> 
     </span>
     <span class='ocr_line' id='line_1_13' title="bbox 527 1966 2467 2027; baseline 0.002 -3"><span class='ocrx_word' id='word_1_95' title='bbox 527 1966 643 2024; x_wconf 86' lang='lat' dir='ltr'>ariis</span> <span class='ocrx_word' id='word_1_96' title='bbox 663 1991 748 2024; x_wconf 87' lang='lat' dir='ltr'>seu</span> <span class='ocrx_word' id='word_1_97' title='bbox 782 1973 987 2023; x_wconf 89' lang='lat' dir='ltr'>dominis</span> <span class='ocrx_word' id='word_1_98' title='bbox 1018 1972 1317 2021; x_wconf 77' lang='lat' dir='ltr'>auditoribus</span> <span class='ocrx_word' id='word_1_99' title='bbox 1350 1972 1400 2019; x_wconf 89' lang='lat' dir='ltr'>in</span> <span class='ocrx_word' id='word_1_100' title='bbox 1437 1988 1583 2020; x_wconf 85' lang='lat' dir='ltr'>causa</span> <span class='ocrx_word' id='word_1_101' title='bbox 1615 1988 1700 2020; x_wconf 83' lang='lat' dir='ltr'>seu</span> <span class='ocrx_word' id='word_1_102' title='bbox 1732 1973 1892 2022; x_wconf 84' lang='lat' dir='ltr'>causis</span> <span class='ocrx_word' id='word_1_103' title='bbox 1923 1974 2067 2023; x_wconf 87' lang='lat' dir='ltr'>motis</span> <span class='ocrx_word' id='word_1_104' title='bbox 2098 1975 2160 2022; x_wconf 90' lang='lat' dir='ltr'>ab</span> <span class='ocrx_word' id='word_1_105' title='bbox 2194 1976 2467 2027; x_wconf 90' lang='lat' dir='ltr'>aldermano</span> 
     </span>
     <span class='ocr_line' id='line_1_14' title="bbox 527 2061 2468 2128; baseline 0.001 -14"><span class='ocrx_word' id='word_1_106' title='bbox 527 2064 715 2113; x_wconf 78' lang='lat' dir='ltr'>ballivis</span> <span class='ocrx_word' id='word_1_107' title='bbox 735 2068 788 2113; x_wconf 86' lang='lat' dir='ltr'>et</span> <span class='ocrx_word' id='word_1_108' title='bbox 808 2062 1120 2127; x_wconf 80' lang='lat' dir='ltr'>burgensibus</span> <span class='ocrx_word' id='word_1_109' title='bbox 1151 2062 1289 2125; x_wconf 88' lang='lat' dir='ltr'>burgi</span> <span class='ocrx_word' id='word_1_110' title='bbox 1312 2062 1372 2108; x_wconf 89' lang='lat' dir='ltr'>de</span> <span class='ocrx_word' id='word_1_111' title='bbox 1397 2061 1619 2109; x_wconf 83' lang='lat' dir='ltr'>Montros</span> <span class='ocrx_word' id='word_1_112' title='bbox 1640 2066 1692 2109; x_wconf 92' lang='lat' dir='ltr'>et</span> <span class='ocrx_word' id='word_1_113' title='bbox 1713 2062 1860 2111; x_wconf 84' lang='lat' dir='ltr'>certis</span> <span class='ocrx_word' id='word_1_114' title='bbox 1880 2063 2139 2112; x_wconf 90' lang='lat' dir='ltr'>nominatis</span> <span class='ocrx_word' id='word_1_115' title='bbox 2160 2064 2468 2128; x_wconf 85' lang='lat' dir='ltr'>burgensibus</span> 
     </span>
     <span class='ocr_line' id='line_1_15' title="bbox 527 2150 2469 2219; baseline 0.001 -16"><span class='ocrx_word' id='word_1_116' title='bbox 527 2154 787 2219; x_wconf 88' lang='lat' dir='ltr'>praedictis</span> <span class='ocrx_word' id='word_1_117' title='bbox 820 2151 1044 2201; x_wconf 80' lang='lat' dir='ltr'>videlicet</span> <span class='ocrx_word' id='word_1_118' title='bbox 1066 2152 1262 2199; x_wconf 80' lang='lat' dir='ltr'>Andrea</span> <span class='ocrx_word' id='word_1_119' title='bbox 1283 2150 1534 2214; x_wconf 88' lang='lat' dir='ltr'>Farquhar</span> <span class='ocrx_word' id='word_1_120' title='bbox 1569 2177 1582 2187; x_wconf 93' lang='lat'><strong>·</strong></span> <span class='ocrx_word' id='word_1_121' title='bbox 1618 2178 1630 2188; x_wconf 90' lang='lat'><strong>·</strong></span> <span class='ocrx_word' id='word_1_122' title='bbox 1668 2178 1680 2187; x_wconf 93' lang='lat'><strong>·</strong></span> <span class='ocrx_word' id='word_1_123' title='bbox 1715 2154 1766 2198; x_wconf 83' lang='lat' dir='ltr'>et</span> <span class='ocrx_word' id='word_1_124' title='bbox 1788 2150 1986 2199; x_wconf 83' lang='lat' dir='ltr'>diversis</span> <span class='ocrx_word' id='word_1_125' title='bbox 2019 2151 2128 2201; x_wconf 88' lang='lat' dir='ltr'>aliis</span> <span class='ocrx_word' id='word_1_126' title='bbox 2160 2153 2469 2217; x_wconf 84' lang='lat' dir='ltr'>burgensibus</span> 
     </span>
     <span class='ocr_line' id='line_1_16' title="bbox 529 2238 2467 2306; baseline 0 -15"><span class='ocrx_word' id='word_1_127' title='bbox 529 2243 649 2292; x_wconf 91' lang='lat' dir='ltr'>dicti</span> <span class='ocrx_word' id='word_1_128' title='bbox 669 2242 805 2306; x_wconf 88' lang='lat' dir='ltr'>burgi</span> <span class='ocrx_word' id='word_1_129' title='bbox 826 2245 996 2290; x_wconf 92' lang='lat' dir='ltr'>contra</span> <span class='ocrx_word' id='word_1_130' title='bbox 1018 2241 1247 2304; x_wconf 88' lang='lat' dir='ltr'>quosdam</span> <span class='ocrx_word' id='word_1_131' title='bbox 1275 2240 1404 2288; x_wconf 84' lang='lat' dir='ltr'>cives</span> <span class='ocrx_word' id='word_1_132' title='bbox 1437 2238 1662 2287; x_wconf 84' lang='lat' dir='ltr'>Civitatis</span> <span class='ocrx_word' id='word_1_133' title='bbox 1695 2238 2030 2289; x_wconf 86' lang='lat' dir='ltr'>Brechinensis</span> <span class='ocrx_word' id='word_1_134' title='bbox 2051 2257 2199 2304; x_wconf 89' lang='lat' dir='ltr'>penes</span> <span class='ocrx_word' id='word_1_135' title='bbox 2219 2257 2355 2290; x_wconf 88' lang='lat' dir='ltr'>usum</span> <span class='ocrx_word' id='word_1_136' title='bbox 2377 2244 2467 2292; x_wconf 85' lang='lat' dir='ltr'>fori</span> 
     </span>
     <span class='ocr_line' id='line_1_17' title="bbox 530 2327 2470 2381; baseline -0.001 0"><span class='ocrx_word' id='word_1_137' title='bbox 530 2330 868 2381; x_wconf 83' lang='lat' dir='ltr'>Brechinensis</span> <span class='ocrx_word' id='word_1_138' title='bbox 900 2358 914 2370; x_wconf 90' lang='lat'><strong>·</strong></span> <span class='ocrx_word' id='word_1_139' title='bbox 949 2329 1173 2378; x_wconf 86' lang='lat' dir='ltr'>Testibus</span> <span class='ocrx_word' id='word_1_140' title='bbox 1198 2327 1550 2376; x_wconf 80' lang='lat' dir='ltr'>venerabilibus</span> <span class='ocrx_word' id='word_1_141' title='bbox 1582 2331 1635 2376; x_wconf 86' lang='lat' dir='ltr'>et</span> <span class='ocrx_word' id='word_1_142' title='bbox 1658 2328 1879 2376; x_wconf 87' lang='lat' dir='ltr'>discretis</span> <span class='ocrx_word' id='word_1_143' title='bbox 1911 2329 2026 2378; x_wconf 81' lang='lat' dir='ltr'>viris</span> <span class='ocrx_word' id='word_1_144' title='bbox 2058 2334 2110 2377; x_wconf 88' lang='lat' dir='ltr'>et</span> <span class='ocrx_word' id='word_1_145' title='bbox 2145 2331 2349 2380; x_wconf 90' lang='lat' dir='ltr'>dominis</span> <span class='ocrx_word' id='word_1_146' title='bbox 2379 2333 2416 2378; x_wconf 87' lang='lat' dir='ltr'><strong>J</strong></span> <span class='ocrx_word' id='word_1_147' title='bbox 2418 2349 2470 2380; x_wconf 90' lang='lat' dir='ltr'>o-</span> 
     </span>
     <span class='ocr_line' id='line_1_18' title="bbox 530 2415 2468 2479; baseline -0.001 -9"><span class='ocrx_word' id='word_1_148' title='bbox 530 2423 688 2470; x_wconf 85' lang='lat' dir='ltr'>hanne</span> <span class='ocrx_word' id='word_1_149' title='bbox 712 2419 889 2469; x_wconf 84' lang='lat' dir='ltr'>Erskin</span> <span class='ocrx_word' id='word_1_150' title='bbox 911 2418 1089 2466; x_wconf 84' lang='lat' dir='ltr'>vicario</span> <span class='ocrx_word' id='word_1_151' title='bbox 1123 2417 1184 2464; x_wconf 89' lang='lat' dir='ltr'>de</span> <span class='ocrx_word' id='word_1_152' title='bbox 1211 2415 1554 2479; x_wconf 85' lang='lat' dir='ltr'>Abbirlempno</span> <span class='ocrx_word' id='word_1_153' title='bbox 1585 2415 1622 2462; x_wconf 88' lang='lat' dir='ltr'><strong>J</strong></span> <span class='ocrx_word' id='word_1_154' title='bbox 1623 2416 1810 2463; x_wconf 86' lang='lat' dir='ltr'>ohanne</span> <span class='ocrx_word' id='word_1_155' title='bbox 1834 2416 2042 2465; x_wconf 77' lang='lat' dir='ltr'>Ferrum</span> <span class='ocrx_word' id='word_1_156' title='bbox 2064 2417 2223 2465; x_wconf 82' lang='lat' dir='ltr'>David</span> <span class='ocrx_word' id='word_1_157' title='bbox 2247 2420 2468 2468; x_wconf 76' lang='lat' dir='ltr'>Andreae</span> 
     </span>
     <span class='ocr_line' id='line_1_19' title="bbox 534 2504 2462 2571; baseline -0.001 -14"><span class='ocrx_word' id='word_1_158' title='bbox 534 2509 779 2558; x_wconf 89' lang='lat' dir='ltr'>Willelmo</span> <span class='ocrx_word' id='word_1_159' title='bbox 821 2508 989 2571; x_wconf 79' lang='lat' dir='ltr'>Brydy</span> <span class='ocrx_word' id='word_1_160' title='bbox 1018 2507 1055 2553; x_wconf 87' lang='lat' dir='ltr'><strong>J</strong></span> <span class='ocrx_word' id='word_1_161' title='bbox 1057 2506 1243 2554; x_wconf 86' lang='lat' dir='ltr'>ohanne</span> <span class='ocrx_word' id='word_1_162' title='bbox 1285 2505 1507 2553; x_wconf 80' lang='lat' dir='ltr'>Jaksoun</span> <span class='ocrx_word' id='word_1_163' title='bbox 1551 2504 1831 2568; x_wconf 83' lang='lat' dir='ltr'>presbiteris</span> <span class='ocrx_word' id='word_1_164' title='bbox 1862 2520 1970 2552; x_wconf 92' lang='lat' dir='ltr'>cum</span> <span class='ocrx_word' id='word_1_165' title='bbox 2011 2505 2211 2553; x_wconf 80' lang='lat' dir='ltr'>diversis</span> <span class='ocrx_word' id='word_1_166' title='bbox 2254 2506 2363 2555; x_wconf 88' lang='lat' dir='ltr'>aliis</span> <span class='ocrx_word' id='word_1_167' title='bbox 2399 2536 2412 2546; x_wconf 84' lang='lat'><strong>·</strong></span> <span class='ocrx_word' id='word_1_168' title='bbox 2449 2537 2462 2546; x_wconf 90' lang='lat'><strong>·</strong></span> 
     </span>
     <span class='ocr_line' id='line_1_20' title="bbox 533 2592 2468 2661; baseline -0.002 -14"><span class='ocrx_word' id='word_1_169' title='bbox 533 2601 729 2647; x_wconf 86' lang='lat' dir='ltr'>Andrea</span> <span class='ocrx_word' id='word_1_170' title='bbox 745 2599 1025 2661; x_wconf 80' lang='lat' dir='ltr'>Bryantoun</span> <span class='ocrx_word' id='word_1_171' title='bbox 1047 2594 1284 2659; x_wconf 83' lang='lat' dir='ltr'>presbitro</span> <span class='ocrx_word' id='word_1_172' title='bbox 1300 2593 1673 2642; x_wconf 83' lang='lat' dir='ltr'>Sanctiandreae</span> <span class='ocrx_word' id='word_1_173' title='bbox 1694 2592 1809 2641; x_wconf 74' lang='lat' dir='ltr'>dioe⁶</span> <span class='ocrx_word' id='word_1_174' title='bbox 1830 2608 1968 2641; x_wconf 86' lang='lat' dir='ltr'>sacra</span> <span class='ocrx_word' id='word_1_175' title='bbox 1987 2592 2252 2656; x_wconf 84' lang='lat' dir='ltr'>apostolica</span> <span class='ocrx_word' id='word_1_176' title='bbox 2267 2598 2320 2643; x_wconf 83' lang='lat' dir='ltr'>et</span> <span class='ocrx_word' id='word_1_177' title='bbox 2338 2596 2468 2659; x_wconf 91' lang='lat' dir='ltr'>regia</span> 
     </span>
     <span class='ocr_line' id='line_1_21' title="bbox 534 2681 1779 2737; baseline -0.008 0"><span class='ocrx_word' id='word_1_178' title='bbox 534 2686 900 2737; x_wconf 83' lang='lat' dir='ltr'>auctoritatibus</span> <span class='ocrx_word' id='word_1_179' title='bbox 920 2684 1108 2732; x_wconf 90' lang='lat' dir='ltr'>notario</span> <span class='ocrx_word' id='word_1_180' title='bbox 1144 2712 1157 2722; x_wconf 90' lang='lat'><strong>·</strong></span> <span class='ocrx_word' id='word_1_181' title='bbox 1193 2684 1258 2731; x_wconf 86' lang='lat'>10</span> <span class='ocrx_word' id='word_1_182' title='bbox 1283 2682 1563 2730; x_wconf 85' lang='lat' dir='ltr'>Novembris</span> <span class='ocrx_word' id='word_1_183' title='bbox 1597 2681 1729 2728; x_wconf 81' lang='lat'>1508</span> <span class='ocrx_word' id='word_1_184' title='bbox 1766 2710 1779 2720; x_wconf 89' lang='lat'><strong>·</strong></span> 
     </span>
    </p>
   </div>
   <div class='ocr_carea' id='block_1_4' title="bbox 269 2923 2471 3111">
    <p class='ocr_par' dir='ltr' id='par_1_4' title="bbox 269 2923 2471 3111">
     <span class='ocr_line' id='line_1_22' title="bbox 269 2923 2468 3025; baseline -0.008 -14"><span class='ocrx_word' id='word_1_185' title='bbox 269 2962 514 3011; x_wconf 91' lang='lat' dir='ltr'>XCVIII.</span> <span class='ocrx_word' id='word_1_186' title='bbox 547 2923 943 3006; x_wconf 73' lang='lat' dir='ltr'>lustramentum</span> <span class='ocrx_word' id='word_1_187' title='bbox 967 2968 1061 3025; x_wconf 90' lang='lat' dir='ltr'>quo</span> <span class='ocrx_word' id='word_1_188' title='bbox 1081 2953 1116 2999; x_wconf 90' lang='lat' dir='ltr'><strong>J</strong></span> <span class='ocrx_word' id='word_1_189' title='bbox 1119 2952 1329 3000; x_wconf 82' lang='lat' dir='ltr'>ohannes</span> <span class='ocrx_word' id='word_1_190' title='bbox 1351 2950 1568 3012; x_wconf 83' lang='lat' dir='ltr'>Carnegy</span> <span class='ocrx_word' id='word_1_191' title='bbox 1591 2950 1651 2996; x_wconf 88' lang='lat' dir='ltr'>de</span> <span class='ocrx_word' id='word_1_192' title='bbox 1674 2949 1908 3011; x_wconf 81' lang='lat' dir='ltr'>Kynnard</span> <span class='ocrx_word' id='word_1_193' title='bbox 1929 2949 2081 2996; x_wconf 85' lang='lat' dir='ltr'>tradit</span> <span class='ocrx_word' id='word_1_194' title='bbox 2114 2965 2257 2996; x_wconf 88' lang='lat' dir='ltr'>unum</span> <span class='ocrx_word' id='word_1_195' title='bbox 2297 2966 2468 3014; x_wconf 79' lang='lat' dir='ltr'>equum</span> 
     </span>
     <span class='ocr_line' id='line_1_23' title="bbox 537 3036 2471 3111; baseline -0.005 -16"><span class='ocrx_word' id='word_1_196' title='bbox 537 3047 682 3111; x_wconf 86' lang='lat' dir='ltr'>grosii</span> <span class='ocrx_word' id='word_1_197' title='bbox 698 3044 871 3094; x_wconf 91' lang='lat' dir='ltr'>coloris</span> <span class='ocrx_word' id='word_1_198' title='bbox 885 3039 1143 3090; x_wconf 78' lang='lat' dir='ltr'>venerabili</span> <span class='ocrx_word' id='word_1_199' title='bbox 1162 3039 1264 3086; x_wconf 81' lang='lat' dir='ltr'>viro</span> <span class='ocrx_word' id='word_1_200' title='bbox 1280 3038 1471 3086; x_wconf 88' lang='lat' dir='ltr'>domino</span> <span class='ocrx_word' id='word_1_201' title='bbox 1487 3037 1522 3084; x_wconf 86' lang='lat' dir='ltr'>J</span> <span class='ocrx_word' id='word_1_202' title='bbox 1524 3036 1698 3084; x_wconf 89' lang='lat' dir='ltr'>ohanni</span> <span class='ocrx_word' id='word_1_203' title='bbox 1723 3036 1900 3084; x_wconf 85' lang='lat' dir='ltr'>Erskin</span> <span class='ocrx_word' id='word_1_204' title='bbox 1915 3036 2093 3084; x_wconf 77' lang='lat' dir='ltr'>vicario</span> <span class='ocrx_word' id='word_1_205' title='bbox 2110 3038 2171 3084; x_wconf 88' lang='lat' dir='ltr'>de</span> <span class='ocrx_word' id='word_1_206' title='bbox 2192 3037 2471 3086; x_wconf 85' lang='lat' dir='ltr'>Abirlemno</span> 
     </span>
    </p>
   </div>
   <div class='ocr_carea' id='block_1_5' title="bbox 538 3124 2473 3378">
    <p class='ocr_par' dir='ltr' id='par_1_5' title="bbox 538 3124 2473 3378">
     <span class='ocr_line' id='line_1_24' title="bbox 538 3124 2472 3195; baseline -0.005 -11"><span class='ocrx_word' id='word_1_207' title='bbox 538 3152 596 3184; x_wconf 91' lang='lat' dir='ltr'>ac</span> <span class='ocrx_word' id='word_1_208' title='bbox 618 3133 855 3183; x_wconf 88' lang='lat' dir='ltr'>communi</span> <span class='ocrx_word' id='word_1_209' title='bbox 889 3128 1184 3195; x_wconf 86' lang='lat' dir='ltr'>procuratori</span> <span class='ocrx_word' id='word_1_210' title='bbox 1215 3126 1563 3190; x_wconf 87' lang='lat' dir='ltr'>capellanorum</span> <span class='ocrx_word' id='word_1_211' title='bbox 1589 3125 1720 3172; x_wconf 89' lang='lat' dir='ltr'>chori</span> <span class='ocrx_word' id='word_1_212' title='bbox 1744 3124 2079 3173; x_wconf 88' lang='lat' dir='ltr'>Brechinensis</span> <span class='ocrx_word' id='word_1_213' title='bbox 2106 3141 2194 3188; x_wconf 90' lang='lat' dir='ltr'>pro</span> <span class='ocrx_word' id='word_1_214' title='bbox 2216 3124 2263 3172; x_wconf 86' lang='lat' dir='ltr'>le</span> <span class='ocrx_word' id='word_1_215' title='bbox 2283 3126 2472 3174; x_wconf 75' lang='lat' dir='ltr'>heneld</span> 
     </span>
     <span class='ocr_line' id='line_1_25' title="bbox 540 3212 2472 3292; baseline -0.006 -19"><span class='ocrx_word' id='word_1_216' title='bbox 540 3225 779 3289; x_wconf 87' lang='lat' dir='ltr'>quondam</span> <span class='ocrx_word' id='word_1_217' title='bbox 815 3223 850 3269; x_wconf 90' lang='lat' dir='ltr'><strong>J</strong></span> <span class='ocrx_word' id='word_1_218' title='bbox 853 3220 1053 3269; x_wconf 88' lang='lat' dir='ltr'>ohannis</span> <span class='ocrx_word' id='word_1_219' title='bbox 1075 3218 1293 3292; x_wconf 81' lang='lat' dir='ltr'>Carnegy</span> <span class='ocrx_word' id='word_1_220' title='bbox 1324 3213 1386 3262; x_wconf 90' lang='lat' dir='ltr'>de</span> <span class='ocrx_word' id='word_1_221' title='bbox 1423 3214 1655 3277; x_wconf 82' lang='lat' dir='ltr'>Kynnard</span> <span class='ocrx_word' id='word_1_222' title='bbox 1691 3213 1765 3261; x_wconf 87' lang='lat' dir='ltr'>sui</span> <span class='ocrx_word' id='word_1_223' title='bbox 1797 3212 1951 3276; x_wconf 81' lang='lat' dir='ltr'>patris</span> <span class='ocrx_word' id='word_1_224' title='bbox 1981 3227 2040 3260; x_wconf 87' lang='lat' dir='ltr'>ac</span> <span class='ocrx_word' id='word_1_225' title='bbox 2061 3213 2272 3261; x_wconf 80' lang='lat' dir='ltr'>tenentis</span> <span class='ocrx_word' id='word_1_226' title='bbox 2303 3219 2472 3262; x_wconf 82' lang='lat' dir='ltr'>sextae</span> 
     </span>
     <span class='ocr_line' id='line_1_26' title="bbox 541 3301 2473 3378; baseline -0.007 -16"><span class='ocrx_word' id='word_1_227' title='bbox 541 3314 691 3378; x_wconf 84' lang='lat' dir='ltr'>partis</span> <span class='ocrx_word' id='word_1_228' title='bbox 723 3310 864 3360; x_wconf 81' lang='lat' dir='ltr'>villae</span> <span class='ocrx_word' id='word_1_229' title='bbox 898 3314 949 3357; x_wconf 91' lang='lat' dir='ltr'>et</span> <span class='ocrx_word' id='word_1_230' title='bbox 981 3313 1216 3357; x_wconf 86' lang='lat' dir='ltr'>terrarum</span> <span class='ocrx_word' id='word_1_231' title='bbox 1262 3306 1321 3352; x_wconf 89' lang='lat' dir='ltr'>de</span> <span class='ocrx_word' id='word_1_232' title='bbox 1359 3302 1491 3367; x_wconf 83' lang='lat' dir='ltr'>Lytil</span> <span class='ocrx_word' id='word_1_233' title='bbox 1526 3302 1735 3364; x_wconf 83' lang='lat' dir='ltr'>Carcary</span> <span class='ocrx_word' id='word_1_234' title='bbox 1761 3301 2026 3362; x_wconf 85' lang='lat' dir='ltr'>jacentium</span> <span class='ocrx_word' id='word_1_235' title='bbox 2066 3301 2115 3348; x_wconf 93' lang='lat' dir='ltr'>in</span> <span class='ocrx_word' id='word_1_236' title='bbox 2154 3301 2380 3364; x_wconf 81' lang='lat' dir='ltr'>parochia</span> <span class='ocrx_word' id='word_1_237' title='bbox 2413 3303 2473 3349; x_wconf 86' lang='lat' dir='ltr'>de</span> 
     </span>
    </p>
   </div>
   <div class='ocr_carea' id='block_1_6' title="bbox 1505 3408 1542 3436">
    <p class='ocr_par' dir='ltr' id='par_1_6' title="bbox 1505 3408 1542 3436">
     <span class='ocr_line' id='line_1_27' title="bbox 1505 3408 1542 3436; baseline 0 0"><span class='ocrx_word' id='word_1_238' title='bbox 1505 3408 1542 3436; x_wconf 59' lang='grc' dir='ltr'>οἳ·</span> 
     </span>
    </p>
   </div>
  </div>
 </body>
</html>
