3016 3958
248 1752 480 1798 OOOLVI.

989 617 1308 674 CARTAE
1346 618 1972 675 MISCELLANEAE.
2335 620 2449 675 355·

513 792 629 834 horti
670 794 900 836 earundem
941 799 986 838 et
1025 800 1150 852 prato
1186 797 1362 852 Jacente
1401 797 1516 841 inter
1549 800 1723 854 pratum
1759 797 1939 840 Roberti
1976 796 2125 853 Mylne
2162 811 2214 838 ex
2250 796 2450 840 orientali

513 876 686 928 pratum
725 873 920 916 Johanni
960 875 1083 917 Blair
1122 876 1224 918 olim
1264 877 1487 933 pertinens
1527 892 1605 933 per
1643 876 1915 919 KVillelmum
1955 875 2065 918 Man
2106 878 2361 931 occupatum
2398 890 2452 918 ex

514 953 766 995 occidentali
800 957 845 996 et
874 958 1015 996 terras
1050 956 1368 998 constabularie
1402 956 1455 998 de
1488 956 1661 998 Dundie
1689 970 1742 998 ex
1772 955 1926 998 boriali
1958 959 2002 998 et
2030 969 2254 997 commune
2284 955 2368 997 iter
2398 956 2450 997 de

512 1031 683 1074 Dundie
714 1047 767 1074 ex
798 1034 979 1075 australi
1004 1035 1216 1090 partibus,
1243 1049 1411 1078 necnon
1435 1036 1488 1077 de
1520 1068 1530 1078 .
1564 1066 1574 1077 .
1606 1066 1615 1077 .
1648 1035 1725 1077 illa
1753 1049 1855 1077 acra
1884 1038 1999 1077 terre
2029 1049 2127 1076 cum
2157 1034 2298 1077 altera
2326 1034 2450 1076 dimi-

511 1116 673 1158 dietate
703 1116 818 1158 horti
850 1117 1133 1173 suprascripti
1158 1118 1332 1173 jacente
1362 1118 1476 1161 inter
1505 1133 1630 1161 acras
1661 1118 1763 1162 olim
1793 1118 2001 1162 fratribus
2031 1119 2084 1161 de
2115 1118 2287 1160 Dundie
2318 1118 2451 1174 perti-

511 1199 664 1238 nentes
704 1210 758 1237 ex
797 1195 997 1238 orientali
1037 1200 1179 1239 terras
1219 1198 1434 1253 quondam
1486 1197 1698 1240 Johannis
1739 1198 1861 1240 Blair
1899 1213 1953 1240 ex
1992 1198 2247 1241 occidentali
2287 1198 2451 1241 dietum

510 1289 735 1317 commune
765 1276 850 1318 iter
879 1289 932 1317 ex
963 1276 1126 1318 boreali
1157 1280 1202 1319 et
1229 1277 1394 1320 fluxum
1429 1277 1562 1320 maris
1598 1292 1651 1319 ex
1684 1277 1868 1319 australi
1904 1278 2128 1334 partibus3
2164 1278 2362 1320 tenendis
2397 1277 2450 1319 de

509 1355 624 1397 dicto
657 1355 878 1411 capellano
910 1359 955 1398 et
985 1356 1075 1398 suis
1107 1357 1428 1399 successoribus
1458 1357 1504 1398 in
1536 1356 1779 1399 feudifirma
1812 1360 1857 1399 et
1887 1357 2128 1400 hereditate
2164 1360 2246 1399 etc.
2278 1389 2288 1399 .
2320 1356 2449 1412 Apud

512 1434 849 1477 Halieruidhous
878 1434 1118 1490 penultimo
1147 1435 1217 1476 die
1247 1435 1409 1478 mensis
1440 1435 1704 1478 Nouembris
1735 1449 1849 1478 anno
1880 1434 2057 1478 Domini
2077 1435 2304 1479 millesimo
2326 1435 2448 1491 quin-

506 1513 747 1570 gentesimo
769 1513 1062 1570 octuagesimo
1085 1517 1208 1556 sexto
1239 1545 1250 1556 .

506 1745 802 1812 Praeceptum
836 1759 982 1799 cartae
1016 1756 1354 1798 confirmationis
1392 1770 1521 1812 super
1556 1760 1678 1799 carta
1712 1757 1978 1798 feudifirmae
2014 1756 2130 1799 facta
2165 1771 2191 1799 a
2227 1757 2443 1812 quondam

506 1836 706 1879 Johanne
729 1836 1011 1878 Brechinensi
1042 1836 1243 1892 episcopo
1276 1850 1371 1877 oum
1405 1850 1617 1878 consensu
1651 1836 1871 1892 praedicto
1907 1837 2122 1892 quondam
2155 1836 2441 1892 Adampnano

510 1915 743 1958 Tailzeour
777 1915 860 1958 civi
897 1915 1098 1957 Civitatis
1139 1915 1444 1961 Brechinensis
1485 1918 1529 1958 et
1574 1915 1759 1958 Jonetae
1796 1915 2077 1972 Monypenny
2117 1916 2213 1971 ejus
2255 1930 2440 1972 sponsae

505 2009 739 2051 eorumque
770 1995 898 2038 alteri
927 1994 1092 2036 diutius
1122 1994 1285 2036 viventi
1314 1994 1359 2035 in
1391 1995 1624 2049 conjuncta
1652 1994 1943 2037 infeodatione
1975 1998 2020 2038 et
2049 1995 2306 2037 haeredibus
2326 1995 2441 2038 inter

505 2075 624 2131 ipsos
653 2075 846 2131 legitime
876 2074 1116 2130 procreatis
1147 2087 1224 2115 seu
1253 2073 1530 2129 procreandis
1560 2073 1717 2129 quibus
1741 2074 2038 2116 deficientibus
2059 2075 2316 2117 haeredibus
2337 2075 2441 2117 dicti

503 2154 779 2210 Adampnani
808 2153 1134 2209 quibuscunque
1159 2155 1502 2195 tenementorum
1534 2156 1579 2194 et
1608 2153 1741 2194 annui
1762 2153 1956 2196 redditus
1988 2154 2342 2210 subscriptorum,
2372 2154 2442 2209 ja-

503 2235 689 2276 centium
713 2248 766 2275 ex
787 2232 986 2275 orientali
1008 2235 1132 2288 parte
1152 2233 1292 2274 dictae
1317 2232 1517 2275 Civitatis
1538 2232 1764 2282 videlicet3
1792 2232 1920 2275 unius
1942 2233 2177 2275 tenementi
2198 2247 2294 2275 cum
2316 2234 2442 2276 horto

505 2317 549 2356 et
585 2314 676 2355 suis
706 2313 981 2370 pertinentiis
1005 2313 1195 2368 jacentis
1224 2312 1340 2354 inter
1368 2316 1510 2354 terras
1539 2311 1726 2354 arabiles
1756 2316 2026 2368 nuncupatas
2050 2312 2210 2354 Skallis
2231 2313 2367 2354 Aiker
2385 2312 2441 2355 ad

507 2393 652 2435 oriens
673 2396 814 2434 terras
835 2392 1068 2434 haeredum
1091 2391 1193 2433 olim
1220 2391 1416 2433 Thomae
1437 2390 1651 2432 Wobstar
1677 2405 1791 2433 nunc
1820 2390 1850 2433 J
1852 2391 2035 2434 ohannis
2055 2391 2364 2434 Watterstoun
2385 2392 2439 2434 ad

502 2475 704 2514 austrum
742 2474 980 2513 torrentem
1017 2474 1218 2512 vocatum
1253 2470 1310 2512 lie
1349 2470 1578 2526 Skowring
1613 2470 1758 2512 Burne
1793 2470 1849 2512 ad
1883 2471 2057 2513 boream
2093 2474 2138 2513 et
2172 2485 2439 2513 communem

501 2551 616 2593 viam
651 2550 817 2606 regiam
850 2550 905 2591 ad
941 2549 1164 2599 occidens3
1201 2549 1276 2591 alii
1310 2549 1546 2591 tenementi
1576 2549 1765 2604 jacentis
1799 2549 1915 2592 inter
1943 2553 2084 2592 terras
2119 2550 2437 2606 capellanorum

503 2630 623 2672 chori
663 2628 968 2671 Brechinensis
1008 2631 1186 2670 vocatas
1228 2627 1567 2670 Oruikschankis
1608 2627 1710 2670 land
1745 2628 1800 2670 ad
1835 2632 2031 2670 austrum
2071 2632 2212 2671 terras
2252 2630 2439 2672 arabiles

503 2712 775 2765 nuncupatas
800 2707 960 2750 Skallis
981 2707 1124 2749 landis
1155 2707 1209 2748 ad
1241 2707 1385 2749 oriens
1415 2710 1557 2749 terras
1587 2706 1822 2749 haeredum
1852 2707 2068 2762 quondam
2089 2708 2280 2750 Thomae
2302 2708 2439 2751 Wob-

503 2792 594 2832 ster
613 2803 726 2830 nunc
749 2788 948 2850 Andreae
981 2786 1108 2829 Crole
1139 2786 1193 2828 ad
1224 2787 1399 2829 boream
1429 2790 1474 2828 et
1503 2800 1771 2828 communem
1801 2786 1916 2829 viam
1936 2787 2101 2843 regiam
2125 2787 2180 2829 ad
2212 2789 2409 2831 occidens
2425 2805 2435 2838 ;

501 2883 667 2911 necnon
702 2867 831 2909 unius
866 2880 992 2908 acrae
1026 2869 1170 2908 terrae
1205 2865 1383 2907 arabilis
1424 2865 1561 2907 eidem
1601 2868 1848 2908 tenemento
1889 2879 1941 2907 ex
1976 2866 2155 2921 antiquo
2195 2867 2435 2922 adjacentis

495 2947 683 3003 jacentis
702 2946 818 2989 inter
838 2945 998 2987 limites
1023 2945 1068 2985 in
1098 2944 1214 2986 dicta
1234 2947 1355 2986 carta
1376 2944 1669 3000 specificatos3
1691 2958 1741 2986 ac
1762 2944 1890 2986 unius
1910 2945 2044 2987 annui
2064 2945 2258 2989 redditus
2279 2947 2434 3003 viginti

500 3031 598 3070 octo
622 3026 857 3069 solidorum
878 3027 1078 3067 monetae
1102 3023 1272 3065 Scotiae
1293 3023 1464 3065 levandi
1494 3024 1546 3065 de
1576 3022 1773 3065 interiori
1802 3026 2050 3066 tenemento
2071 3023 2100 3066 J
2102 3024 2286 3068 ohannis
2306 3025 2435 3070 Wat-

499 3106 690 3149 tirstoun
706 3106 878 3160 jacente
899 3105 1014 3146 inter
1032 3102 1193 3144 limites
1222 3103 1268 3143 in
1297 3101 1413 3144 dicta
1437 3105 1559 3144 carta
1588 3105 1840 3152 contentos;
1870 3106 1916 3145 et
1945 3103 2144 3146 similiter
2164 3105 2293 3146 unius
2313 3108 2432 3147 tene-

501 3184 636 3226 menti
658 3198 755 3226 cum
775 3184 903 3226 horto
923 3183 1080 3225 horreo
1103 3181 1296 3236 ejusdem
1327 3184 1373 3223 et
1402 3181 1493 3223 suis
1515 3181 1788 3237 pertinentiis
1818 3181 2098 3225 Elizabethae
2129 3183 2219 3225 Kid
2250 3198 2432 3240 sponsae

501 3263 683 3306 Roberti
718 3263 827 3319 Sym·
850 3263 895 3304 in
926 3262 1158 3317 conjuncta
1177 3259 1469 3302 infeodatione
1499 3259 1602 3302 olim
1632 3260 1889 3316 pertinentis
1911 3261 2100 3316 Jacentis
2129 3262 2245 3305 inter
2272 3263 2431 3306 limites

500 3342 545 3384 in
565 3342 681 3384 dicta
699 3345 821 3384 carta
839 3341 1114 3383 nominatos:
1145 3339 1342 3382 tenendis
1362 3339 1489 3382 dictis
1516 3340 1773 3383 tenementis
1799 3354 1900 3383 acra
1931 3344 1974 3383 et
2003 3353 2146 3384 annuo
2176 3342 2346 3384 redditu
2377 3343 2429 3385 de
