3016 3958
532 637 642 693 262
1022 632 1336 689 CARTAE
1387 632 1490 686 DE
1527 629 1927 686 ECCLESIIS

533 815 709 858 consilio
739 818 784 857 et
813 827 993 856 assensu
1013 794 1277 855 concessisse
1307 814 1352 854 et
1380 810 1461 852 hac
1491 812 1614 852 carta
1633 812 1785 851 nostra
1805 807 2085 850 confirmasse
2106 806 2255 849 abbati
2285 809 2330 849 et
2359 819 2461 848 con-

534 895 682 937 uentui
706 893 852 936 Sancti
874 893 1036 934 Thome
1056 891 1262 941 martiris,
1279 890 1487 933 fratribus
1507 889 1671 931 nostris
1691 888 1736 930 in
1750 887 1924 930 Christo
1945 886 2129 937 dilectis,
2149 886 2265 942 quod
2285 900 2382 928 cum
2403 885 2459 928 ad

534 973 739 1029 quasdam
762 986 907 1015 eorum
929 970 1130 1013 ecclesias
1160 969 1360 1012 videlicet
1379 969 1432 1011 de
1454 969 1707 1024 Marigtona
1727 971 1772 1010 et
1791 968 1844 1010 de
1872 966 2097 1023 Gutheryn
2119 970 2163 1009 et
2184 966 2237 1008 de
2258 966 2461 1022 Panbryd

534 1058 579 1096 et
596 1054 649 1095 de
671 1052 874 1107 Monieky
895 1054 939 1093 et
958 1051 1010 1093 de
1031 1050 1319 1106 Dunnechtyn
1352 1048 1619 1092 visitacionis
1639 1062 1772 1090 causa
1791 1062 1845 1089 ex
1866 1047 2005 1090 officio
2025 1050 2176 1089 nostro
2198 1046 2459 1095 venerimus,

533 1134 714 1176 remissa
752 1146 884 1188 penes
924 1131 1095 1173 easdem
1136 1130 1340 1172 ecclesias
1379 1128 1686 1185 procuracione
1727 1127 1852 1169 nobis
1892 1126 1961 1169 vel
2003 1126 2258 1168 officialibus
2298 1125 2462 1168 nostris

533 1214 690 1263 debita,
710 1213 766 1255 ad
786 1213 922 1268 ipsam
941 1211 1163 1254 abbaciam
1192 1211 1245 1252 de
1275 1210 1572 1252 Aberbrothoc
1602 1209 1657 1250 ad
1686 1208 2018 1264 procuraciones
2048 1210 2224 1250 nostras
2254 1205 2464 1262 recipien-

533 1294 647 1344 dum,
669 1292 921 1342 accedimus,
943 1290 1014 1332 vbi
1035 1290 1261 1333 honestius
1282 1293 1326 1332 et
1346 1289 1571 1331 decencius
1591 1289 1716 1331 nobis
1738 1292 1783 1331 et
1803 1287 1967 1330 nostris
1987 1286 2150 1344 poterit
2175 1285 2331 1329 seruiri
2361 1315 2372 1328 .
2404 1285 2464 1329 Et

532 1377 581 1416 vt
599 1373 678 1415 hec
697 1371 915 1415 concessio
944 1373 1096 1413 nostra
1124 1374 1222 1412 rata
1251 1373 1295 1412 et
1323 1369 1580 1412 inconcussa
1607 1369 1768 1411 futuris
1798 1368 2068 1424 temporibus
2093 1367 2336 1416 habeatur;
2367 1380 2462 1409 eam

533 1454 644 1496 sicut
665 1451 897 1508 supradicti
918 1450 1243 1507 predecessores
1263 1449 1401 1492 nostri
1422 1448 1593 1505 plenius
1621 1448 1819 1491 fecerunt
1855 1447 1988 1505 sigilli
2009 1447 2149 1490 nostri
2169 1446 2461 1503 apposicione,

531 1533 709 1589 dignum
742 1531 941 1574 duximus
973 1529 1257 1573 roborandam
1290 1559 1300 1572 .
1331 1529 1534 1571 Testibus
1564 1528 1736 1571 domino
1768 1527 1911 1570 Bricio
1943 1527 2215 1570 Morauiensi
2246 1527 2463 1583 episcopo,

531 1611 754 1654 Willelmo
789 1611 841 1654 de
877 1610 1044 1653 Boscho
1086 1609 1356 1658 cancellario,
1398 1608 1642 1665 Mallebryd
1681 1608 1830 1650 Priore
1867 1607 2161 1650 Keledeorum
2199 1610 2463 1656 nostrorum,

530 1692 737 1748 magistro
767 1690 958 1733 Henrico
987 1690 1039 1731 de
1070 1689 1267 1732 Norham
1298 1688 1468 1731 officiali
1498 1691 1664 1738 nostro,
1700 1687 1735 1729 F
1737 1687 1922 1744 reskyno
1954 1685 2252 1729 Morauiensis
2282 1685 2463 1728 ecclesie

530 1772 704 1821 decano,
739 1770 948 1826 magistro
987 1769 1179 1812 Henrico
1218 1772 1262 1811 et
1298 1768 1487 1824 Hug'one
1522 1768 1574 1811 de
1612 1767 1838 1824 Duueglas
1874 1767 2044 1810 clericis
2079 1766 2242 1809 domini
2274 1766 2464 1822 episcopi

532 1850 833 1900 Morauiensis,
855 1850 1064 1904 magistro
1094 1849 1285 1891 Henrico
1307 1852 1351 1891 et
1372 1848 1595 1891 Willelmo
1625 1847 1862 1904 capellanis
1882 1847 2048 1890 nostris
2077 1850 2123 1889 et
2152 1849 2248 1890 toto
2269 1845 2464 1901 capitulo

531 1933 678 1972 nostro
711 1959 719 1968 .
747 1928 877 1978 (A.D.
904 1929 1130 1982 1218-2‘2.)

534 2104 795 2161 Compositio
816 2104 931 2146 facta
949 2104 1063 2147 inter
1083 2103 1307 2146 ecclesiam
1329 2104 1675 2160 Brechynensem
1693 2107 1738 2147 et
1753 2102 2065 2147 monasterium
2085 2102 2138 2144 de
2163 2100 2466 2144 Aberbrothoc

647 2189 838 2240 tempore
860 2183 1006 2225 Albini
1028 2183 1213 2239 episcopi
1245 2216 1254 2225 .

333 2321 511 2363 CCXII·
535 2320 754 2375 Omnibus
795 2331 958 2374 Christi
991 2330 1188 2373 fidelibus
1227 2331 1282 2373 ad
1323 2345 1506 2386 quorum
1544 2330 1748 2373 noticiam
1787 2330 1869 2373 hoc
1908 2342 2089 2387 presens
2124 2329 2332 2385 scriptum
2367 2342 2466 2384 per·

535 2412 715 2463 uenerit,
753 2411 937 2453 Albinus
971 2410 1252 2467 permissione
1292 2410 1440 2452 diuina
1480 2410 1799 2467 Brecbynensis
1839 2409 2081 2466 episcopus,
2123 2412 2169 2451 et
2209 2407 2465 2449 Willelmus

536 2492 734 2545 decanus,
766 2505 930 2533 necnon
960 2494 1004 2533 et
1033 2490 1268 2546 capitulum
1299 2490 1490 2532 eiusdem
1519 2489 1602 2533 loci
1625 2489 1810 2532 salutem
1830 2489 1876 2531 in
1898 2488 2085 2531 Domino
2118 2519 2128 2531 .
2159 2487 2348 2531 Nouerit
2371 2487 2467 2530 vni·
2496 2516 2504 2524 ·

537 2571 721 2614 uersitas
740 2574 899 2622 vestra,
924 2570 1035 2626 quod
1056 2584 1153 2611 cum
1174 2573 1270 2612 orta
1290 2573 1407 2612 esset
1436 2569 1660 2612 contencio
1690 2569 1806 2612 inter
1834 2583 1916 2612 nos
1946 2572 1992 2612 et
2021 2567 2247 2611 ecclesiam
2267 2571 2465 2610 nostram

539 2666 591 2692 ex
610 2665 695 2693 vna
713 2653 851 2706 parte,
872 2653 916 2692 et
936 2650 1135 2692 abbatem
1159 2653 1204 2692 et
1233 2650 1467 2691 monachos
1496 2648 1550 2690 de
1580 2649 1881 2692 Aberbrothoc
1912 2652 1957 2691 et
1986 2662 2135 2691 eorum
2157 2647 2468 2690 monasterium

542 2745 594 2771 ex
613 2729 763 2780 altera,
785 2729 1040 2771 auctoritate
1061 2728 1299 2784 apostolica
1319 2742 1464 2771 coram
1493 2728 1599 2771 viris
1629 2728 1949 2771 venerabilibus
1979 2731 2026 2770 et
2054 2727 2269 2776 discretis,
2290 2725 2470 2768 Decano

544 2813 588 2852 et
617 2809 926 2851 Archidiacono
949 2808 1219 2864 Glasguensi‚
1244 2821 1387 2864 *super
1416 2807 1598 2850 ecclesia
1627 2808 1680 2850 de
1712 2808 1980 2863 Mat-igtona,
2002 2807 2055 2848 de
2077 2806 2384 2861 Dunnechtyn‚
2416 2805 2471 2846 de

548 2888 758 2944 Panbryd,
781 2888 832 2930 de
853 2888 1069 2943 Monieky,
1092 2887 1144 2929 de
1166 2886 1457 2943 Kingoldrum
1479 2890 1524 2929 et
1543 2887 1596 2928 de
1617 2887 1853 2942 Katerryn‚
1873 2889 1919 2928 et
1938 2900 2037 2927 cum
2067 2888 2185 2927 esset
2203 2883 2471 2940 aliquamdiu

548 2981 689 3010 coram
709 2966 908 3022 predictis
923 2967 1138 3021 judicibus
1160 2980 1290 3023 super
1308 2966 1514 3022 predictis
1533 2965 1726 3008 ecclesiis
1755 2965 1800 3006 in
1831 2978 1964 3007 causa
1982 2977 2234 3020 processum
2254 2979 2266 3014 ;
2296 2962 2471 3005 tandem

550 3050 650 3102 post
667 3044 1155 3092 multasaltercationes
1180 3049 1225 3088 et
1254 3045 1425 3088 labores
1454 3045 1554 3086 hinc
1584 3044 1683 3086 inde
1713 3043 1887 3086 habitos
1916 3043 2031 3085 inter
2059 3056 2140 3084 nos
2170 3044 2216 3083 et
2245 3040 2470 3083 ecclesiam

550 3128 742 3168 nostram
777 3127 822 3166 et
854 3123 990 3166 dictos
1023 3125 1223 3166 abbatem
1257 3127 1300 3167 et
1334 3126 1594 3167 conuentum
1630 3126 1676 3165 et
1709 3136 1858 3165 eorum
1897 3121 2211 3163 monasterium
2250 3120 2304 3162 de
2342 3120 2472 3163 Abir-

551 3205 756 3252 brothoc;
787 3202 889 3244 talis
918 3203 1153 3245 amicabilis
1182 3203 1434 3259 compositio
1463 3202 1700 3245 interuenit
1730 3215 1859 3257 super
1887 3199 2106 3256 predictis,
2137 3199 2338 3242 videlicet
2357 3200 2472 3255 quod

552 3298 632 3326 nos
651 3287 697 3326 et
715 3281 894 3325 ecclesia
913 3286 1062 3324 nostra
1089 3296 1166 3338 pro
1195 3283 1320 3325 nobis
1349 3285 1395 3325 et
1425 3280 1745 3324 successoribus
1773 3279 1935 3322 nostris
1965 3279 2082 3321 omni
2102 3279 2186 3321 iuri
2206 3280 2321 3334 quod
2341 3280 2473 3321 habe-

552 3365 704 3405 bamus
724 3361 793 3404 vel
811 3362 1017 3404 habemus
1037 3361 1105 3404 vel
1123 3362 1281 3404 habere
1302 3361 1581 3404 credebamus
1602 3359 1671 3402 vel
1691 3360 1849 3402 habere
1870 3358 2107 3415 poterimus
2136 3358 2182 3400 in
2213 3358 2474 3415 supradictis
