3016 3958
532 622 605 675 92
1114 629 1417 685 CARTAE·
1451 629 1952 686 ORIGINALES.

538 812 654 860 riam
690 819 740 863 et
774 815 961 866 laudem
998 819 1338 883 omnipotentis
1365 819 1458 868 Dei
1483 824 1741 884 sancteque
1768 820 2018 870 Trinitatis
2041 821 2180 870 beate
2207 822 2361 870 Marie
2386 823 2476 870 vir-

532 902 654 964 ginis
681 905 849 954 matris
873 906 1081 956 eiusdem
1106 912 1155 956 et
1180 909 1332 956 omnis
1357 907 1547 957 celestis
1571 909 1699 957 curie
1735 914 2005 958 sanctorum
2045 939 2055 948 -
2095 938 2104 948 ·
2145 939 2156 949 ·
2193 911 2379 960 dedisse
2413 913 2474 959 ad

531 1006 721 1040 manum
745 998 979 1043 mortuam
1015 996 1123 1044 Deo
1157 996 1472 1060 omnipotenti
1497 1002 1754 1061 sancteque
1792 998 2017 1048 Trinitati
2056 999 2210 1048 Marie
2234 999 2400 1063 virgini
2425 1005 2474 1048 et

531 1080 748 1130 omnibus
770 1083 949 1133 sanctis
972 1100 1029 1132 ac
1054 1084 1313 1148 capellanis
1336 1086 1670 1134 canonicorum
1707 1091 1756 1134 et
1792 1087 2037 1150 perpetuis
2061 1086 2318 1151 capellanis
2341 1087 2471 1136 chori

533 1168 731 1219 ecclesie
769 1172 1057 1223 cathedralis
1095 1174 1430 1223 Brechinensis
1469 1175 1584 1222 inibi
1624 1174 1786 1222 diuina
1822 1175 2171 1224 celebrantibus
2211 1181 2260 1224 et
2302 1176 2472 1239 imper-

531 1262 722 1320 petuum
766 1260 1074 1311 celebraturis
1113 1279 1199 1326 pro
1241 1262 1418 1311 salubri
1462 1268 1511 1312 et
1552 1280 1776 1328 prospero
1818 1268 1951 1313 statu
1993 1264 2379 1313 excellentissimi
2421 1270 2471 1312 et

530 1347 817 1396 serenissimi
863 1350 1090 1414 principis
1135 1356 1184 1399 et
1233 1352 1410 1400 domini
1457 1354 1607 1402 nostri
1655 1354 2027 1402 metuendissimi
2075 1353 2250 1401 domini
2298 1353 2469 1401 Jacobi

532 1437 725 1483 secundi
751 1438 912 1486 diuina
945 1440 1137 1488 fauente
1174 1439 1428 1488 clementia
1464 1441 1714 1490 Scotorum
1751 1442 1874 1506 regis
1907 1458 1965 1490 ac
2004 1442 2155 1490 Marie
2192 1442 2349 1505 regine
2373 1459 2472 1490 mo-

534 1526 677 1572 derne
715 1531 1065 1577 antecessorum
1105 1533 1155 1577 et
1193 1545 1516 1578 successorum
1540 1546 1731 1579 suorum
1756 1547 1813 1579 ac
1837 1546 1922 1594 pro
1945 1530 2123 1579 salubri
2160 1534 2209 1578 et
2246 1546 2471 1594 prospero

529 1618 659 1662 statu
685 1618 931 1664 reuerendi
968 1618 1016 1665 in
1054 1618 1245 1667 Christo
1270 1619 1423 1682 patris
1447 1619 1623 1667 domini
1657 1619 1692 1666 J
1696 1620 1896 1668 ohannis
1919 1621 1977 1667 de
2004 1619 2275 1667 Crannacht
2302 1619 2394 1667 Dei
2421 1625 2469 1667 et

528 1705 787 1767 apostolice
811 1707 937 1756 sedis
959 1708 1115 1770 gratia
1141 1707 1367 1772 Episcopi
1393 1708 1728 1757 Brechinensis
1751 1708 1964 1756 moderni
1999 1712 2048 1756 et
2083 1724 2169 1771 pro
2194 1707 2347 1756 salute
2371 1710 2471 1756 ani-

530 1809 710 1841 marum
735 1797 988 1844 eorundem
1028 1812 1133 1844 cum
1172 1813 1253 1845 eos
1291 1797 1350 1844 ab
1390 1797 1480 1844 hac
1517 1796 1623 1845 luce
1662 1797 1860 1860 migrare
1897 1797 2148 1860 contigerit
2178 1812 2359 1844 necnon
2384 1814 2470 1860 pro

525 1882 678 1930 salute
717 1883 872 1932 anime
913 1901 1017 1932 mee
1061 1885 1313 1933 Laurencii
1354 1886 1411 1932 (16
1455 1885 1730 1933 Crannacht
1777 1885 1926 1949 patris
1969 1885 2061 1932 mei
2102 1889 2152 1932 et
2199 1885 2468 1933 Christiane

530 1972 695 2020 matris
735 1989 839 2020 mee
875 1974 1075 2021 fratrum
1118 1978 1167 2022 et
1205 1990 1417 2022 sororum
1460 1978 1812 2022 antecessorum
1853 1989 2175 2022 successorum
2212 1974 2468 2022 amicorum

527 2062 882 2110 benefactorum
903 2067 969 2111 et
1008 2063 1215 2110 omnium
1246 2062 1453 2110 fidelium
1479 2062 1811 2110 defunctorum
1836 2078 1976 2109 unum
2002 2078 2206 2109 annuum
2233 2063 2466 2110 redditum

526 2151 723 2214 triginta
745 2151 1000 2200 solidorum
1037 2152 1215 2201 usualis
1250 2157 1440 2200 monete
1479 2151 1644 2200 Scotie
1682 2179 1692 2189 ·
1732 2178 1742 2188 ·
1782 2179 1792 2188 ·
1828 2150 2077 2198 leuandum
2120 2179 2130 2187 ·
2170 2178 2179 2187 ·
2220 2178 2230 2187 ·
2267 2152 2327 2197 ad
2352 2153 2470 2199 duos

528 2240 638 2287 anni
663 2241 892 2289 terminos
929 2269 939 2279 ·
979 2269 988 2279 ·
1028 2269 1038 2279 ·
1077 2241 1420 2289 Penthecostes
1443 2244 1493 2288 et
1518 2241 1682 2288 Sancti
1723 2239 1924 2288 Martini
1950 2241 2007 2287 de
2036 2240 2153 2287 totis
2189 2243 2238 2287 et
2273 2240 2469 2303 integris

528 2329 668 2378 terris
693 2331 750 2377 de
776 2329 1021 2392 Fyndlark
1043 2329 1305 2377 honorabili
1345 2329 1569 2377 scutifero
1596 2330 1699 2376 Ade
1725 2329 1784 2376 de
1812 2328 2119 2376 Sanctoclaro
2143 2329 2469 2392 spectantibus

534 2447 543 2456 -
583 2447 593 2456 ·
633 2446 643 2456 ·
673 2418 943 2480 jacentibus
967 2418 1014 2465 in
1040 2417 1288 2480 regalitate
1327 2418 1385 2464 de
1426 2417 1691 2480 Kerymore
1716 2417 1839 2464 infra
1862 2417 2243 2467 vicecomitatum
2269 2419 2327 2465 de
2352 2419 2468 2466 For-

530 2509 630 2555 fare
667 2509 727 2555 ad
767 2506 1099 2554 celebrandum
1139 2506 1186 2553 in
1225 2506 1440 2570 predicta
1478 2505 1679 2554 ecclesia
1706 2506 2015 2554 Brechinensi
2039 2507 2100 2553 ad
2124 2505 2275 2554 altare
2301 2511 2465 2555 sancte

535 2599 689 2645 Mar-ie
713 2596 904 2659 virginis
941 2596 988 2643 in
1027 2596 1190 2643 eadem
1219 2595 1448 2643 situatum
1487 2595 1533 2642 in
1559 2593 1771 2658 qualibet
1795 2594 2059 2642 ebdomada
2082 2594 2331 2643 cuiuslibet
2355 2597 2465 2643 anni

530 2685 751 2733 videlicet
778 2685 823 2732 in
849 2685 925 2731 die
952 2684 1177 2731 Mercurii
1203 2683 1366 2732 statim
1403 2687 1453 2731 et
1491 2683 1763 2731 immediate
1786 2687 1895 2746 post
1922 2683 2109 2732 missam
2136 2683 2462 2732 dominicalem

529 2792 668 2823 unam
707 2775 898 2822 missam
937 2774 995 2820 de
1033 2773 1239 2835 requiem
1277 2775 1462 2820 secreto
1497 2773 1637 2820 modo
1661 2775 1710 2819 et
1735 2771 1776 2820 si
1800 2772 1848 2818 in
1872 2772 1976 2835 ipsa
1999 2772 2075 2819 die
2099 2772 2242 2820 missa
2265 2773 2463 2820 domini-

527 2863 643 2912 calis
667 2866 862 2910 cantata
897 2877 990 2910 non
1029 2861 1172 2909 fuerit
1209 2865 1403 2925 propter
1440 2864 1621 2909 certum
1656 2860 2043 2924 impedimentum
2078 2864 2195 2908 tunc
2222 2861 2385 2908 statim
2410 2867 2459 2909 et

526 2951 796 3000 immediate
834 2943 942 3014 post
980 2950 1177 3013 primam
1216 2965 1302 3013 pro
1339 2949 1587 2997 animabus
1623 2949 1944 3012 predictorum
1981 2949 2272 2997 dominorum
2315 2951 2458 3013 Regis

524 3042 706 3103 Regine
747 3039 971 3103 Episcopi
1009 3038 1193 3102 meique
1235 3037 1435 3086 Roberti
1473 3065 1484 3075 ·
1504 3052 1535 3076 ··
1573 3066 1583 3075 -
1621 3037 1890 3101 (utsupra)
1930 3065 1940 3075 ·
1980 3065 1990 3075 ·
2029 3064 2040 3076 ·
2075 3038 2315 3101 perpetuis
2338 3043 2459 3086 tem-

520 3129 712 3193 poribus
750 3128 1022 3174 duraturam
1060 3155 1070 3164 ·
1110 3155 1121 3164 -
1159 3155 1169 3165 ·
1207 3127 1409 3190 Insuper
1448 3126 1649 3190 predicti
1689 3125 1923 3190 capellani
1961 3153 1970 3163 ·
2011 3154 2021 3164 -
2060 3154 2070 3164 ·
2106 3130 2214 3189 post
2254 3131 2480 3174 mortem.

519 3233 671 3266 meam
695 3215 938 3264 annuatim
964 3219 1012 3263 et
1037 3215 1380 3278 imperpetuum
1406 3215 1587 3262 obitum
1611 3230 1763 3262 meum
1791 3215 1846 3262 in*
1865 3214 1941 3262 die
1966 3215 2126 3263 obitus
2149 3213 2456 3278 solempniter

521 3304 826 3355 celebrabunt
862 3303 1079 3351 faciendo
1117 3303 1367 3352 seruicium
1410 3303 1715 3366 exequiarum
1759 3319 1881 3352 cum
1911 3295 2127 3359 omnibus
2164 3331 2174 3341 ·
2215 3332 2225 3366 t
2264 3333 2274 3341 ·
2311 3305 2455 3368 perti-
