3016 3958
1130 634 1424 690 OARTAE
1469 634 1971 691 ORIGINALES.
2427 643 2535 701 179

571 821 716 870 techa
758 837 958 885 quarum
1004 839 1145 871 unam
1184 826 1485 874 conseruabit
1529 827 1783 875 canonicus
1825 830 1874 873 et
1916 825 2057 873 aliam
2103 828 2375 891 capellanus
2411 833 2525 882 dicti

571 909 758 974 collegii
797 939 807 949 ·
846 912 912 961 Et
936 917 1211 975 computum
1237 915 1437 963 reddent
1462 915 1521 963 de
1546 916 1753 979 receptis
1777 919 1826 963 et
1851 916 2075 979 expensis
2093 916 2238 978 juxta
2265 919 2523 981 jussionem

570 999 780 1064 episcopi
806 1001 973 1049 decani
999 1006 1047 1049 et
1075 1002 1271 1065 capituli
1297 1020 1382 1066 pro
1406 1007 1620 1068 tempore
1650 1004 1958 1054 existentium
1995 1040 2007 1052 .
2047 1006 2111 1054 Et
2147 1008 2207 1054 ad
2246 1008 2334 1056 hec
2370 1011 2518 1058 fideli-

568 1092 645 1136 ter
692 1090 991 1138 obseruanda
1029 1095 1078 1139 et
1118 1091 1447 1156 perimplenda
1493 1094 1737 1158 perpetuis
1781 1094 1953 1146 futuris
1999 1097 2291 1159 temporibus
2337 1099 2513 1148 hiidem

567 1178 801 1242 capellani
825 1196 910 1243 pro
935 1195 986 1228 se
1011 1185 1060 1228 et
1086 1181 1183 1230 suis
1219 1182 1570 1231 successoribus
1587 1182 1678 1230 fide
1698 1182 1854 1231 media
1877 1199 1928 1232 se
1952 1184 2278 1234 astrinxerunt
2303 1188 2516 1237 manibus

565 1268 740 1318 leuatis
778 1274 827 1318 et
865 1271 1079 1319 extensis
1116 1274 1165 1319 et
1206 1271 1254 1318 in
1290 1272 1434 1319 uerbo
1461 1271 1556 1319 Dei
1591 1275 1733 1335 prout
1769 1288 1854 1335 per
1888 1271 2252 1322 instrumentum
2276 1275 2514 1338 publicum

566 1360 768 1423 desuper
801 1359 1069 1407 confectum
1105 1361 1238 1423 signo
1276 1365 1325 1408 et
1362 1360 1710 1424 subscriptione
1749 1360 1929 1407 domini
1965 1361 2202 1411 Johannis
2228 1365 2304 1427 Gy
2340 1367 2515 1413 notarii

564 1448 741 1511 publici
787 1449 1059 1498 roboratum
1106 1449 1374 1498 luculenter
1420 1450 1597 1513 poterit
1651 1466 1881 1513 apparere
1920 1478 1929 1488 ·
1969 1451 2275 1501 Presentibus
2322 1454 2510 1502 domino

564 1538 766 1587 Gawino
793 1538 973 1586 Thome
1000 1539 1187 1587 Thomu,
1225 1539 1442 1587 Mordaci
1477 1538 1512 1586 J
1516 1539 1701 1587 ohanne
1741 1539 2006 1602 Mychaelis
2031 1540 2190 1589 Dauid
2222 1543 2516 1592 Brunschaw

561 1628 746 1676 Thoma
773 1628 917 1691 Rany
943 1628 1203 1692 capellanis
1235 1628 1268 1675 J
1274 1629 1459 1676 ohanne
1499 1628 1681 1676 Litster
1707 1627 1951 1676 Willelmo
1977 1629 2100 1677 Cure
2127 1631 2321 1679 Andrea
2346 1633 2515 1695 Layng

557 1717 782 1765 ‚Iohanne
819 1717 950 1765 Scall
986 1722 1036 1766 et
1070 1718 1260 1766 Jacobo
1296 1718 1472 1766 Forres
1500 1717 1684 1765 ciuibus
1721 1719 1779 1764 de
1819 1717 2063 1766 Brechene
2089 1735 2196 1767 cum
2222 1720 2383 1770 multis
2406 1722 2512 1770 aliis

560 1811 650 1855 etc.
678 1806 903 1856 Ceterum
927 1808 989 1855 ad
1014 1806 1276 1856 clausulam
1313 1807 1371 1855 de
1409 1805 1661 1855 domiciliis
1684 1810 1734 1854 et
1759 1805 1994 1856 utensiliis
2018 1811 2108 1855 etc.
2135 1809 2431 1859 decernimus
2455 1816 2504 1859 et

558 1896 831 1945 ordinamus
855 1897 980 1960 quod
1003 1900 1284 1960 procurator
1307 1896 1569 1944 communis
1593 1895 1926 1944 canonicorum
1961 1900 2011 1944 et
2046 1897 2243 1967 capituli
2267 1898 2498 1948 delibera-

558 1987 629 2035 bit
667 2003 774 2036 cum
814 1987 941 2035 omni
979 1986 1226 2049 diligentia
1260 1985 1493 2050 prouisori
1528 1985 1906 2033 administratori
1952 2001 2035 2034 seu
2076 1987 2338 2036 senescallo
2385 1989 2504 2037 dicti

558 2076 744 2140 collegii
781 2112 792 2124 .
829 2112 839 2123 .
876 2112 886 2122 .
925 2075 1150 2125 utensilia
1186 2080 1235 2124 et
1271 2054 1513 2123 domicilia
1531 2077 1769 2138 oportuna
1788 2074 1960 2138 quibus
1983 2079 2116 2122 caret
2140 2092 2225 2139 per
2249 2077 2506 2140 fidedignos

556 2167 710 2215 eidem
735 2165 967 2230 prouisori
993 2181 1151 2214 coram
1187 2168 1493 2229 procuratore
1530 2167 1579 2212 et
1615 2163 1711 2212 alio
1748 2164 1976 2212 canonico
2007 2163 2207 2213 ecclesie
2231 2167 2505 2229 appreciata

556 2261 606 2304 et
647 2257 695 2304 in
737 2272 825 2304 suo
866 2271 1055 2304 recessu
1091 2255 1151 2304 ab
1189 2254 1459 2303 huiusmodi
1494 2253 1649 2302 officio
1685 2252 1969 2301 deliberabit
2005 2254 2173 2301 eadem
2209 2258 2503 2318 procuratori

554 2346 885 2395 canonicorum
934 2360 1019 2408 pro
1065 2350 1281 2408 tempore
1329 2343 1560 2392 existenti
1598 2370 1608 2380 ·
1647 2342 1713 2390 Et
1761 2342 1802 2391 si
1850 2342 2038 2390 interim
2088 2349 2368 2407 consumpta
2414 2361 2497 2393 seu

554 2434 892 2498 dampnificata
914 2433 1091 2481 fuerint
1115 2437 1330 2496 tempore
1352 2434 1426 2481 sui
1452 2431 1592 2480 officii
1619 2431 1799 2480 reficiat
1833 2432 1999 2479 eadem
2034 2433 2096 2479 ad
2130 2433 2379 2495 pristinum
2406 2438 2503 2482 sta-

553 2529 655 2573 tum
703 2539 796 2587 quo
841 2539 926 2586 per
971 2538 1081 2570 eum
1130 2526 1325 2585 recepta
1363 2521 1552 2569 fuerant
1590 2547 1600 2558 ·
1637 2519 1847 2583 alioquin
1894 2520 2028 2568 dabit
2079 2537 2240 2568 verum
2289 2521 2496 2569 valorem

553 2612 920 2676 uniuscuiusque
956 2611 1024 2658 rei
1063 2627 1147 2674 per
1181 2626 1288 2658 eum
1324 2609 1453 2673 prius
1489 2612 1679 2671 recepte
1717 2634 1728 2646 ·
1764 2613 1848 2656 aut
1884 2609 2091 2671 pretium
2134 2611 2391 2658 eorundem
2433 2613 2494 2658 ad

556 2703 680 2766 quod
715 2701 991 2765 appreciata
1023 2700 1214 2747 fuerant
1248 2704 1461 2762 tempore
1497 2713 1590 2761 quo
1624 2697 1789 2744 eadem
1826 2697 2005 2760 recepit
2043 2725 2053 2735 ·
2092 2698 2157 2746 Et
2182 2699 2243 2745 ad
2267 2698 2357 2746 hoc
2379 2699 2494 2746 faci-

555 2793 727 2841 endum
750 2790 1038 2839 tenebuntur
1072 2792 1122 2836 et
1155 2787 1477 2849 astringentur
1500 2800 1664 2833 omnes
1698 2788 1748 2832 et
1782 2783 1952 2847 singuli
1975 2785 2385 2836 administratores
2408 2804 2491 2836 seu

552 2879 801 2931 senescalli
843 2878 958 2926 dicti
1001 2877 1186 2940 collegii
1232 2875 1475 2939 perpetuis
1514 2874 1687 2922 futuris
1726 2873 2019 2936 temporibus
2051 2862 2166 2922 ‘siue
2213 2875 2388 2923 fuerint
2432 2877 2490 2923 de

550 2970 729 3034 gremio
752 2968 845 3018 loci
868 2968 969 3017 siue
992 2966 1168 3015 fuerint
1203 2964 1421 3014 extranei
1456 2967 1548 3011 etc.
1585 2955 2064 3026 Declarationemque
2089 2963 2296 3011 omnium
2321 2968 2370 3011 et
2397 2965 2491 3012 sin-

482 3079 487 3082 ·
554 3058 767 3122 gulorum
790 3057 989 3106 aliorum
1013 3054 1317 3104 articulorum
1342 3053 1442 3102 siue
1467 3051 1781 3100 clausularum
1818 3051 1865 3098 in
1902 3051 2032 3099 dicta
2065 3052 2345 3100 fundatione
2383 3089 2392 3100 .
2431 3090 2440 3100 .
2480 3089 2489 3099 .

555 3151 887 3197 contentorum
927 3145 1064 3192 nobis
1104 3144 1152 3190 iu
1194 3146 1436 3207 posterum
1478 3155 1775 3189 reseruamus
1811 3175 1821 3186 .
1859 3139 1919 3187 In
1961 3156 2159 3203 quorum
2194 3141 2402 3190 omnium
2437 3147 2485 3190 et

535 3235 841 3300 >singulorum
878 3270 887 3280 .
925 3269 936 3280 .
975 3266 986 3280 .
1021 3231 1349 3281 testimonium
1383 3229 1717 3293 premissorum
1753 3232 2002 3291 presentes
2040 3228 2206 3278 literas
2247 3230 2348 3278 siue
2387 3247 2489 3293 pre-

552 3341 662 3375 sens
685 3323 924 3388 publicum
943 3322 1309 3371 instrumentum
1330 3317 1597 3367 huiusmodi
1621 3320 1833 3366 nostram
1858 3316 2224 3367 declarationem
2251 3319 2489 3367 decretum
