3016 3958
1118 580 1222 635 DE
1262 575 1869 635 ABERBROTHOC.
2295 545 2300 549 ’
2360 577 2474 632 263

513 760 711 803 ecclesiis
743 759 1097 803 renunciauimus
1130 763 1176 803 et
1207 760 1402 816 quietum
1437 758 1725 803 clamauimus
1757 756 1853 800 Deo
1886 760 1933 800 et
1961 756 2228 800 monasterio
2261 756 2314 799 de
2344 757 2474 800 Abir-

514 842 696 884 brothoc
727 845 773 884 et
791 840 1017 883 monachis
1037 840 1198 883 ibidem
1219 839 1314 883 Deo
1336 839 1630 883 seruientibus
1650 842 1696 882 et
1721 838 1954 881 seruituris
1974 837 2020 879 in
2039 840 2313 894 perpetuum,
2335 837 2472 880 saluis

514 921 835 978 episcopalibus
867 952 879 963 .
908 920 1127 964 Volumus
1147 920 1287 964 eciam
1317 924 1363 963 et
1391 920 1682 971 concedimus,
1704 919 1821 962 bona
1838 918 1924 961 fide
1943 917 2130 961 firmiter
2148 918 2472 975 promittentes,

514 1003 630 1059 quod
661 1003 699 1045 si
729 1003 877 1059 aliqua
896 1003 1191 1046 instrumenta
1219 1000 1336 1058 apud
1365 1015 1447 1044 nos
1477 1000 1549 1044 vel
1579 1012 1855 1043 successores
1884 1002 2061 1042 nostros
2082 998 2173 1042 sint
2193 998 2263 1041 vel
2282 998 2472 1041 inueniri

515 1084 709 1140 poterint
728 1083 990 1126 Pontificum
1020 1082 1193 1139 Regum
1223 1081 1478 1138 Principum
1509 1095 1587 1124 seu
1606 1080 1855 1137 aliquorum
1875 1079 2076 1131 aliorum,
2099 1094 2285 1136 quorum
2305 1079 2471 1122 instru-

515 1168 762 1208 mentorum
783 1163 1046 1207 auctoritate
1066 1162 1137 1205 vel
1156 1166 1309 1206 tenore
1331 1162 1437 1205 dicti
1456 1161 1660 1204 monachi
1689 1160 1762 1203 vel
1791 1174 1943 1204 eorum
1963 1160 2280 1203 monasterium
2300 1160 2474 1217 possint

516 1245 739 1288 conueniri
771 1258 902 1300 super
930 1243 1164 1300 predictis3
1195 1242 1267 1286 vel
1297 1243 1476 1293 vexari3
1506 1242 1626 1284 omni
1660 1244 1840 1285 careant
1869 1242 2026 1284 robore
2055 1241 2293 1292 firmitatis,
2317 1244 2362 1284 et
2391 1256 2471 1298 pro

515 1325 768 1368 cancellatis
788 1327 834 1367 et
853 1323 1020 1366 viribus
1040 1323 1205 1374 vacuis,
1236 1326 1283 1365 et
1310 1337 1391 1379 pro
1422 1322 1557 1365 nullis
1576 1322 1754 1378 penitus
1775 1327 1927 1365 contra
1947 1322 2167 1379 predictos
2188 1323 2406 1365 Abbatem
2429 1326 2474 1365 et

511 1407 775 1448 conuentum
796 1407 843 1446 et
862 1417 1014 1446 eorum
1052 1402 1369 1446 monasterium
1403 1403 1449 1444 in
1479 1405 1739 1459 perpetuum
1775 1403 2022 1446 habeantur
2051 1435 2063 1447 .
2094 1403 2466 1446 Renunciauimus

515 1485 696 1542 insuper
716 1484 917 1527 omnibus
938 1483 1098 1526 litteris
1129 1483 1377 1540 impetratis
1398 1497 1426 1526 a
1455 1483 1556 1526 sede
1578 1482 1821 1540 apostolica
1841 1498 1895 1525 ex
1928 1487 2054 1540 parte
2075 1489 2241 1535 nostra,
2265 1488 2311 1527 et
2340 1485 2472 1527 etiam

515 1564 816 1622 impetrandis,
838 1567 993 1607 contra
1011 1563 1232 1620 predictos
1251 1563 1490 1607 monachos
1513 1567 1559 1606 et
1578 1578 1730 1606 eorum
1750 1564 2066 1607 monasterium
2089 1596 2100 1606 .
2131 1563 2252 1608 Dicti
2272 1566 2475 1608 monachi

516 1650 664 1689 autem
684 1660 764 1703 pro
784 1646 898 1689 bono
918 1645 1040 1702 pacis
1061 1648 1107 1687 et
1140 1645 1187 1686 in
1216 1644 1670 1701 recompensacionem
1690 1643 1872 1687 lesionis
1892 1644 2074 1688 ecclesie
2094 1649 2245 1689 nostre
2268 1647 2306 1689 si
2326 1647 2372 1688 in
2393 1646 2474 1689 ali-

516 1743 602 1784 quo
622 1727 717 1770 lesa
736 1727 870 1770 fuerit
888 1727 935 1769 in
955 1726 1037 1768 hac
1051 1729 1193 1782 parte,
1209 1729 1255 1768 et
1273 1725 1321 1768 in
1341 1725 1795 1782 recompensacionem
1809 1725 2096 1768 vexacionum
2117 1729 2163 1769 et
2182 1740 2472 1782 expensarum

516 1808 730 1851 dederunt
748 1807 875 1850 nobis
895 1810 942 1850 et
961 1806 1154 1862 capitulo
1183 1808 1336 1849 nostro
1366 1805 1420 1848 de
1453 1805 1655 1862 Brechyn
1674 1808 1839 1848 terram
1861 1819 1985 1848 suam
2015 1806 2069 1848 de
2101 1806 2358 1864 Marigtona
2377 1821 2476 1850 cum

516 1889 707 1946 piscaria
737 1891 783 1931 et
811 1888 1058 1930 molendino
1088 1891 1134 1930 et
1164 1887 1298 1930 ductu
1327 1901 1440 1943 aque
1471 1890 1516 1929 et
1545 1887 1713 1930 decima
1742 1886 1862 1930 illius
1891 1890 2024 1940 terre,
2061 1890 2108 1931 et
2139 1902 2239 1930 cum
2271 1889 2472 1932 omnibus

516 1970 794 2013 libertatibus
816 1972 862 2012 et
882 1968 1155 2012 aisiamentis
1175 1967 1233 2011 ad
1251 1967 1468 2025 prefatam
1488 1970 1653 2010 terram
1681 1967 1798 2010 iuste
1828 1968 2163 2024 pertinentibus,
2183 1972 2358 2012 retenta
2376 1984 2475 2026 pre-

514 2051 646 2094 dictis
666 2049 890 2093 monachis
910 2049 1145 2106 regalitate
1164 2048 1211 2090 in
1231 2047 1429 2105 predicta
1447 2051 1570 2091 terra
1598 2048 1645 2089 in
1674 2051 1948 2104 perpetuum,
1969 2051 2015 2092 et
2035 2049 2163 2092 salua
2186 2050 2267 2093 sibi
2289 2050 2475 2093 ecclesia

516 2131 570 2173 de
593 2129 849 2187 Marigtona
868 2143 966 2172 cum
986 2129 1080 2171 iure
1100 2131 1362 2185 patronatus
1382 2128 1578 2171 eiusdem
1603 2127 1651 2170 in
1681 2128 1883 2171 omnibus
1902 2128 1966 2171 ita
1987 2129 2103 2185 quod
2123 2144 2205 2172 nos
2228 2130 2295 2172 vel
2316 2130 2475 2187 aliquis

517 2225 817 2254 successorum
837 2213 1088 2253 nostrorum
1119 2209 1345 2252 occasione
1375 2208 1507 2251 huius
1538 2208 1790 2251 collacionis
1820 2209 1988 2251 nullum
2018 2210 2088 2252 ius
2117 2210 2163 2252 in
2192 2211 2389 2267 predicta
2408 2226 2476 2253 ec-

517 2292 653 2335 clesia
684 2291 738 2333 de
771 2291 1028 2347 Marigtona
1058 2289 1186 2333 nobis
1220 2289 1445 2333 valeamus
1476 2290 1530 2332 de
1561 2293 1707 2333 cetero
1742 2290 1972 2333 vendicare
2006 2322 2016 2332 .
2047 2290 2276 2334 Dederunt
2295 2292 2473 2348 insuper

513 2372 641 2415 nobis
672 2376 718 2415 et
737 2371 918 2414 ecclesie
938 2371 992 2414 de
1014 2371 1215 2427 Brechyn
1235 2371 1427 2414 decimas
1447 2372 1682 2427 garbarum
1702 2370 1805 2413 ville
1826 2371 1880 2412 de
1902 2370 2180 2427 Bondigtona
2199 2371 2245 2413 in
2276 2372 2472 2428 predicta

514 2452 721 2510 parochia
742 2452 865 2503 sitas,
888 2451 954 2494 ita
974 2451 1090 2507 quod
1110 2465 1191 2494 nos
1221 2454 1269 2494 et
1298 2465 1572 2493 successores
1592 2451 1732 2494 nostri
1763 2454 1810 2494 et
1837 2451 2077 2507 capitulum
2098 2456 2312 2502 nostrum,
2336 2467 2471 2495 vnum

514 2533 788 2590 capellanum
818 2532 865 2574 in
894 2531 1014 2574 dicta
1042 2531 1227 2574 ecclesia
1255 2531 1310 2573 de
1341 2531 1599 2587 Marigtona
1627 2530 1681 2572 de
1710 2531 1842 2573 beata
1870 2531 2040 2587 virgine
2063 2531 2210 2574 Maria
2231 2536 2278 2575 et
2295 2546 2381 2588 pro
2397 2532 2470 2575 de·

513 2613 678 2656 functis
698 2612 1005 2662 celebrantem,
1035 2611 1083 2652 in
1112 2614 1370 2667 perpetuum
1390 2611 1678 2662 inueniemus‚
1709 2613 1754 2653 et
1783 2610 1889 2653 dicti
1910 2611 2110 2653 monachi
2139 2612 2267 2655 nobis
2297 2616 2344 2656 et
2374 2627 2469 2656 suc-

515 2695 760 2737 cessoribus
781 2693 944 2736 nostris
966 2696 1012 2735 et
1029 2691 1221 2749 capitulo
1242 2691 1287 2733 in
1310 2691 1551 2734 subsidium
1583 2691 1921 2735 sustentacionis
1941 2692 2047 2734 dicti
2068 2693 2283 2750 capellani
2304 2708 2471 2739 annua-

514 2779 594 2823 tim
614 2778 774 2836 viginti
794 2778 957 2821 solidos
991 2777 1246 2834 persoluent
1278 2808 1289 2819 .
1320 2776 1381 2820 Et
1409 2776 1449 2819 si
1478 2776 1592 2819 forte
1623 2777 1738 2832 quod
1768 2777 1885 2820 absit
1915 2777 2162 2835 contigerit,
2184 2779 2299 2835 quod
2321 2794 2403 2823 nos
2424 2784 2469 2822 et

514 2858 699 2902 ecclesia
718 2863 871 2902 nostra
892 2857 960 2901 vel
983 2871 1257 2900 successores
1277 2857 1432 2908 nostri,
1465 2856 1639 2899 nomine
1669 2857 1863 2899 eiusdem
1893 2857 2088 2908 ecclesie,
2110 2872 2256 2901 coram
2279 2874 2471 2916 quocun-

515 2953 600 2995 que
628 2939 770 2982 iudice
799 2938 871 2982 vel
903 2938 1233 2994 quibuscunque
1262 2937 1477 2980 iudicibus
1507 2937 1739 2980 ordinariis
1769 2952 1848 2980 seu
1877 2938 2014 2981 eciam
2043 2938 2273 2996 delegatis,
2297 2941 2471 2984 eosdem

515 3021 720 3063 abbatem
741 3023 786 3063 et
807 3023 1073 3062 conuentum
1095 3021 1141 3061 et
1155 3032 1305 3061 eorum
1326 3017 1640 3061 monasterium
1663 3031 1795 3074 super
1813 3018 2023 3075 predictis
2053 3019 2248 3063 ecclesiis
2267 3020 2314 3063 in
2335 3036 2469 3065 causa

515 3100 795 3150 traxerimus,
818 3114 897 3143 seu
931 3099 1073 3142 eciam
1090 3101 1245 3142 contra
1278 3098 1453 3141 eosdem
1491 3111 1622 3154 super
1655 3097 1818 3140 eisdem
1854 3097 2000 3154 aliquo
2035 3100 2163 3143 modo
2200 3102 2467 3145 mouerimus

516 3180 814 3236 questionem3
835 3193 917 3222 nos
937 3182 983 3223 et
1001 3179 1186 3222 ecclesia
1204 3183 1358 3222 nostra
1378 3182 1423 3221 et
1443 3192 1715 3220 successores
1736 3179 1876 3221 nostri
1895 3182 2098 3222 tenemur
2117 3195 2196 3237 per
2214 3186 2462 3238 presentem

514 3263 683 3303 cartam
712 3260 828 3302 bona
856 3259 956 3310 fide,
991 3259 1084 3302 sine
1113 3258 1214 3302 dolo
1243 3262 1290 3301 et
1320 3258 1474 3300 fraude
1510 3261 1556 3301 et
1587 3257 1704 3301 omni
1734 3258 2032 3311 cauillacione‚
2056 3260 2239 3318 obligati
2260 3262 2467 3318 predictis
