<?xml version="1.0" encoding="UTF-8"?>
<!DOCTYPE html PUBLIC "-//W3C//DTD XHTML 1.0 Transitional//EN"
    "http://www.w3.org/TR/xhtml1/DTD/xhtml1-transitional.dtd">
<html xmlns="http://www.w3.org/1999/xhtml" xml:lang="en" lang="en">
 <head>
  <title>
</title>
<meta http-equiv="Content-Type" content="text/html;charset=utf-8" />
  <meta name='ocr-system' content='tesseract 3.04.00' />
  <meta name='ocr-capabilities' content='ocr_page ocr_carea ocr_par ocr_line ocrx_word'/>
</head>
<body>
  <div class='ocr_page' id='page_1' title='image "./registrumepiscop02brecuoft_0301.png"; bbox 0 0 3016 3958; ppageno 0'>
   <div class='ocr_carea' id='block_1_1' title="bbox 931 622 2393 716">
    <p class='ocr_par' dir='ltr' id='par_1_1' title="bbox 931 622 2393 716">
     <span class='ocr_line' id='line_1_1' title="bbox 931 622 2393 716; baseline 0 -1"><span class='ocrx_word' id='word_1_1' title='bbox 931 658 1248 715; x_wconf 74' lang='lat' dir='ltr'><strong>cAnTAE</strong></span> <span class='ocrx_word' id='word_1_2' title='bbox 1286 622 1916 714; x_wconf 72' lang='lat' dir='ltr'><strong>MIseELLANEAE.</strong></span> <span class='ocrx_word' id='word_1_3' title='bbox 2282 658 2393 716; x_wconf 82' lang='lat'><strong>287</strong></span> 
     </span>
    </p>
   </div>
   <div class='ocr_carea' id='block_1_2' title="bbox 456 836 2404 1611">
    <p class='ocr_par' dir='ltr' id='par_1_2' title="bbox 456 836 2403 1452">
     <span class='ocr_line' id='line_1_2' title="bbox 459 836 2398 880; baseline 0.001 -2"><span class='ocrx_word' id='word_1_4' title='bbox 459 837 539 878; x_wconf 91' lang='lat' dir='ltr'><strong>sub</strong></span> <span class='ocrx_word' id='word_1_5' title='bbox 579 837 661 879; x_wconf 88' lang='lat' dir='ltr'><strong>hac</strong></span> <span class='ocrx_word' id='word_1_6' title='bbox 700 837 839 880; x_wconf 86' lang='lat' dir='ltr'><strong>forma</strong></span> <span class='ocrx_word' id='word_1_7' title='bbox 874 871 884 880; x_wconf 87' lang='lat'><strong>.</strong></span> <span class='ocrx_word' id='word_1_8' title='bbox 923 838 1133 880; x_wconf 83' lang='lat' dir='ltr'>Omnibus</span> <span class='ocrx_word' id='word_1_9' title='bbox 1170 870 1181 880; x_wconf 93' lang='lat'>.</span> <span class='ocrx_word' id='word_1_10' title='bbox 1217 870 1226 880; x_wconf 92' lang='lat'>.</span> <span class='ocrx_word' id='word_1_11' title='bbox 1263 870 1274 880; x_wconf 90' lang='lat'><em>.</em></span> <span class='ocrx_word' id='word_1_12' title='bbox 1312 837 1471 880; x_wconf 89' lang='lat' dir='ltr'><strong>Balliui</strong></span> <span class='ocrx_word' id='word_1_13' title='bbox 1512 837 1725 880; x_wconf 81' lang='lat' dir='ltr'>Consules</span> <span class='ocrx_word' id='word_1_14' title='bbox 1766 840 1811 879; x_wconf 92' lang='lat' dir='ltr'><strong>et</strong></span> <span class='ocrx_word' id='word_1_15' title='bbox 1852 836 2153 880; x_wconf 84' lang='lat' dir='ltr'><strong>Communitas</strong></span> <span class='ocrx_word' id='word_1_16' title='bbox 2194 836 2398 879; x_wconf 82' lang='lat' dir='ltr'><strong>Ciuitatis</strong></span> 
     </span>
     <span class='ocr_line' id='line_1_3' title="bbox 459 917 2401 973; baseline 0 -14"><span class='ocrx_word' id='word_1_17' title='bbox 459 917 765 960; x_wconf 87' lang='lat' dir='ltr'><strong>Brechinensis</strong></span> <span class='ocrx_word' id='word_1_18' title='bbox 802 949 813 960; x_wconf 88' lang='lat'><strong><em>.</em></strong></span> <span class='ocrx_word' id='word_1_19' title='bbox 844 951 854 960; x_wconf 91' lang='lat'><em>.</em></span> <span class='ocrx_word' id='word_1_20' title='bbox 887 951 897 960; x_wconf 93' lang='lat'><strong>.</strong></span> <span class='ocrx_word' id='word_1_21' title='bbox 934 918 1127 961; x_wconf 85' lang='lat' dir='ltr'><strong>Salutem</strong></span> <span class='ocrx_word' id='word_1_22' title='bbox 1168 918 1395 961; x_wconf 90' lang='lat' dir='ltr'><strong>Noueritis</strong></span> <span class='ocrx_word' id='word_1_23' title='bbox 1429 933 1510 960; x_wconf 91' lang='lat' dir='ltr'><strong>nos</strong></span> <span class='ocrx_word' id='word_1_24' title='bbox 1550 918 1743 960; x_wconf 85' lang='lat' dir='ltr'><strong>unanimi</strong></span> <span class='ocrx_word' id='word_1_25' title='bbox 1780 932 1995 960; x_wconf 88' lang='lat' dir='ltr'><strong>consensu</strong></span> <span class='ocrx_word' id='word_1_26' title='bbox 2027 950 2037 960; x_wconf 88' lang='lat'><strong>.</strong></span> <span class='ocrx_word' id='word_1_27' title='bbox 2070 950 2080 960; x_wconf 94' lang='lat'>.</span> <span class='ocrx_word' id='word_1_28' title='bbox 2116 950 2125 959; x_wconf 94' lang='lat'><strong>.</strong></span> <span class='ocrx_word' id='word_1_29' title='bbox 2156 932 2234 973; x_wconf 91' lang='lat' dir='ltr'><strong>pro</strong></span> <span class='ocrx_word' id='word_1_30' title='bbox 2271 918 2401 959; x_wconf 87' lang='lat' dir='ltr'><strong>certis</strong></span> 
     </span>
     <span class='ocr_line' id='line_1_4' title="bbox 457 997 2402 1055; baseline 0 -17"><span class='ocrx_word' id='word_1_31' title='bbox 457 997 628 1053; x_wconf 84' lang='lat' dir='ltr'><strong>magnis</strong></span> <span class='ocrx_word' id='word_1_32' title='bbox 663 998 944 1054; x_wconf 77' lang='lat' dir='ltr'>pecuniarum</span> <span class='ocrx_word' id='word_1_33' title='bbox 982 998 1162 1040; x_wconf 88' lang='lat' dir='ltr'><strong>summis</strong></span> <span class='ocrx_word' id='word_1_34' title='bbox 1197 998 1537 1055; x_wconf 76' lang='lat' dir='ltr'><strong>gratitudinibus</strong></span> <span class='ocrx_word' id='word_1_35' title='bbox 1573 1002 1618 1040; x_wconf 91' lang='lat' dir='ltr'><strong>et</strong></span> <span class='ocrx_word' id='word_1_36' title='bbox 1648 998 1927 1040; x_wconf 77' lang='lat' dir='ltr'><strong>benemeritis</strong></span> <span class='ocrx_word' id='word_1_37' title='bbox 1957 1012 2036 1054; x_wconf 91' lang='lat' dir='ltr'><strong>per</strong></span> <span class='ocrx_word' id='word_1_38' title='bbox 2063 997 2269 1039; x_wconf 87' lang='lat' dir='ltr'><strong>dilectum</strong></span> <span class='ocrx_word' id='word_1_39' title='bbox 2301 1011 2402 1039; x_wconf 90' lang='lat' dir='ltr'><strong>nos-</strong></span> 
     </span>
     <span class='ocr_line' id='line_1_5' title="bbox 456 1076 2401 1134; baseline 0 -16"><span class='ocrx_word' id='word_1_40' title='bbox 456 1081 573 1118; x_wconf 90' lang='lat' dir='ltr'><strong>trum</strong></span> <span class='ocrx_word' id='word_1_41' title='bbox 606 1076 841 1134; x_wconf 79' lang='lat' dir='ltr'><strong>Georgium</strong></span> <span class='ocrx_word' id='word_1_42' title='bbox 871 1077 1099 1120; x_wconf 88' lang='lat' dir='ltr'><strong>Wischart</strong></span> <span class='ocrx_word' id='word_1_43' title='bbox 1119 1078 1332 1120; x_wconf 81' lang='lat' dir='ltr'><strong>seniorem</strong></span> <span class='ocrx_word' id='word_1_44' title='bbox 1362 1077 1415 1119; x_wconf 89' lang='lat' dir='ltr'><strong>de</strong></span> <span class='ocrx_word' id='word_1_45' title='bbox 1446 1076 1670 1134; x_wconf 85' lang='lat' dir='ltr'><strong>Drymmie</strong></span> <span class='ocrx_word' id='word_1_46' title='bbox 1701 1109 1711 1119; x_wconf 92' lang='lat'>.</span> <span class='ocrx_word' id='word_1_47' title='bbox 1744 1109 1754 1119; x_wconf 90' lang='lat'><strong>.</strong></span> <span class='ocrx_word' id='word_1_48' title='bbox 1787 1109 1794 1117; x_wconf 93' lang='lat'><strong><em>.</em></strong></span> <span class='ocrx_word' id='word_1_49' title='bbox 1827 1077 2036 1133; x_wconf 79' lang='lat' dir='ltr'><strong>impensis</strong></span> <span class='ocrx_word' id='word_1_50' title='bbox 2067 1109 2077 1118; x_wconf 91' lang='lat'>.</span> <span class='ocrx_word' id='word_1_51' title='bbox 2111 1107 2123 1118; x_wconf 87' lang='lat'><strong>.</strong></span> <span class='ocrx_word' id='word_1_52' title='bbox 2159 1109 2169 1118; x_wconf 91' lang='lat'><strong>.</strong></span> <span class='ocrx_word' id='word_1_53' title='bbox 2198 1091 2297 1118; x_wconf 91' lang='lat' dir='ltr'><strong>cum</strong></span> <span class='ocrx_word' id='word_1_54' title='bbox 2326 1091 2401 1118; x_wconf 85' lang='lat' dir='ltr'><strong>ex—</strong></span> 
     </span>
     <span class='ocr_line' id='line_1_6' title="bbox 458 1156 2403 1213; baseline 0 -15"><span class='ocrx_word' id='word_1_55' title='bbox 458 1156 622 1211; x_wconf 87' lang='lat' dir='ltr'><strong>pressis</strong></span> <span class='ocrx_word' id='word_1_56' title='bbox 662 1171 877 1199; x_wconf 87' lang='lat' dir='ltr'><strong>consensu</strong></span> <span class='ocrx_word' id='word_1_57' title='bbox 916 1160 962 1199; x_wconf 91' lang='lat' dir='ltr'><strong>et</strong></span> <span class='ocrx_word' id='word_1_58' title='bbox 1000 1171 1185 1199; x_wconf 84' lang='lat' dir='ltr'><strong>assensu</strong></span> <span class='ocrx_word' id='word_1_59' title='bbox 1217 1186 1228 1198; x_wconf 91' lang='lat'><strong>.</strong></span> <span class='ocrx_word' id='word_1_60' title='bbox 1260 1187 1272 1198; x_wconf 93' lang='lat'><strong>.</strong></span> <span class='ocrx_word' id='word_1_61' title='bbox 1304 1189 1314 1199; x_wconf 92' lang='lat'><strong>.</strong></span> <span class='ocrx_word' id='word_1_62' title='bbox 1350 1157 1591 1199; x_wconf 81' lang='lat' dir='ltr'><strong>Alexandri</strong></span> <span class='ocrx_word' id='word_1_63' title='bbox 1628 1189 1638 1199; x_wconf 92' lang='lat'><strong>.</strong></span> <span class='ocrx_word' id='word_1_64' title='bbox 1678 1189 1687 1198; x_wconf 92' lang='lat'><strong>.</strong></span> <span class='ocrx_word' id='word_1_65' title='bbox 1723 1188 1733 1199; x_wconf 90' lang='lat'>.</span> <span class='ocrx_word' id='word_1_66' title='bbox 1771 1157 2077 1200; x_wconf 88' lang='lat' dir='ltr'><strong>Brechinensis</strong></span> <span class='ocrx_word' id='word_1_67' title='bbox 2108 1156 2299 1213; x_wconf 85' lang='lat' dir='ltr'><strong>episcopi</strong></span> <span class='ocrx_word' id='word_1_68' title='bbox 2331 1170 2403 1198; x_wconf 90' lang='lat' dir='ltr'><strong>ca-</strong></span> 
     </span>
     <span class='ocr_line' id='line_1_7' title="bbox 459 1229 2400 1293; baseline 0 -16"><span class='ocrx_word' id='word_1_69' title='bbox 459 1236 711 1278; x_wconf 89' lang='lat' dir='ltr'><strong>nonicorum</strong></span> <span class='ocrx_word' id='word_1_70' title='bbox 741 1239 787 1279; x_wconf 89' lang='lat' dir='ltr'><strong>et</strong></span> <span class='ocrx_word' id='word_1_71' title='bbox 816 1236 996 1293; x_wconf 88' lang='lat' dir='ltr'><strong>capituli</strong></span> <span class='ocrx_word' id='word_1_72' title='bbox 1030 1236 1208 1278; x_wconf 86' lang='lat' dir='ltr'><strong>ecclesie</strong></span> <span class='ocrx_word' id='word_1_73' title='bbox 1238 1236 1502 1278; x_wconf 84' lang='lat' dir='ltr'><strong>cathedralis</strong></span> <span class='ocrx_word' id='word_1_74' title='bbox 1531 1236 1723 1278; x_wconf 88' lang='lat' dir='ltr'><strong>eiusdem</strong></span> <span class='ocrx_word' id='word_1_75' title='bbox 1755 1236 1984 1278; x_wconf 85' lang='lat' dir='ltr'><strong>assedasse</strong></span> <span class='ocrx_word' id='word_1_76' title='bbox 2017 1267 2028 1277; x_wconf 91' lang='lat'><strong>.</strong></span> <span class='ocrx_word' id='word_1_77' title='bbox 2059 1269 2069 1278; x_wconf 88' lang='lat'><em>.</em></span> <span class='ocrx_word' id='word_1_78' title='bbox 2103 1269 2112 1278; x_wconf 94' lang='lat'><strong>.</strong></span> <span class='ocrx_word' id='word_1_79' title='bbox 2145 1240 2190 1279; x_wconf 87' lang='lat' dir='ltr'><strong>et</strong></span> <span class='ocrx_word' id='word_1_80' title='bbox 2219 1236 2274 1278; x_wconf 87' lang='lat' dir='ltr'><strong>ad</strong></span> <span class='ocrx_word' id='word_1_81' title='bbox 2297 1229 2400 1277; x_wconf 70' lang='lat' dir='ltr'><strong>¹feu-</strong></span> 
     </span>
     <span class='ocr_line' id='line_1_8' title="bbox 459 1315 2403 1372; baseline 0.001 -16"><span class='ocrx_word' id='word_1_82' title='bbox 459 1315 673 1358; x_wconf 82' lang='lat' dir='ltr'><strong>difirmam</strong></span> <span class='ocrx_word' id='word_1_83' title='bbox 703 1346 714 1359; x_wconf 85' lang='lat'><strong>.</strong></span> <span class='ocrx_word' id='word_1_84' title='bbox 751 1347 761 1358; x_wconf 85' lang='grc'><strong>.</strong></span> <span class='ocrx_word' id='word_1_85' title='bbox 791 1349 803 1359; x_wconf 89' lang='grc'><strong>.</strong></span> <span class='ocrx_word' id='word_1_86' title='bbox 833 1319 1088 1372; x_wconf 82' lang='lat' dir='ltr'><strong>perpetuam</strong></span> <span class='ocrx_word' id='word_1_87' title='bbox 1122 1316 1385 1358; x_wconf 79' lang='lat' dir='ltr'><strong>hereditarie</strong></span> <span class='ocrx_word' id='word_1_88' title='bbox 1419 1315 1636 1357; x_wconf 86' lang='lat' dir='ltr'><strong>dimisisse</strong></span> <span class='ocrx_word' id='word_1_89' title='bbox 1672 1319 1716 1357; x_wconf 87' lang='lat' dir='ltr'><strong>et</strong></span> <span class='ocrx_word' id='word_1_90' title='bbox 1750 1316 1832 1357; x_wconf 87' lang='lat' dir='ltr'><strong>hac</strong></span> <span class='ocrx_word' id='word_1_91' title='bbox 1866 1316 2060 1371; x_wconf 88' lang='lat' dir='ltr'><strong>presenti</strong></span> <span class='ocrx_word' id='word_1_92' title='bbox 2095 1319 2219 1358; x_wconf 83' lang='lat' dir='ltr'><strong>carta</strong></span> <span class='ocrx_word' id='word_1_93' title='bbox 2250 1319 2403 1358; x_wconf 84' lang='lat' dir='ltr'><strong>nostra</strong></span> 
     </span>
     <span class='ocr_line' id='line_1_9' title="bbox 459 1394 2403 1452; baseline 0.001 -16"><span class='ocrx_word' id='word_1_94' title='bbox 459 1395 738 1437; x_wconf 87' lang='lat' dir='ltr'><strong>confirmasse</strong></span> <span class='ocrx_word' id='word_1_95' title='bbox 769 1427 778 1437; x_wconf 93' lang='lat'><strong><em>.</em></strong></span> <span class='ocrx_word' id='word_1_96' title='bbox 811 1427 822 1438; x_wconf 83' lang='lat'><strong>.</strong></span> <span class='ocrx_word' id='word_1_97' title='bbox 855 1428 865 1437; x_wconf 92' lang='lat'><em>.</em></span> <span class='ocrx_word' id='word_1_98' title='bbox 896 1395 1198 1451; x_wconf 88' lang='lat' dir='ltr'><strong>prenominato</strong></span> <span class='ocrx_word' id='word_1_99' title='bbox 1230 1394 1418 1451; x_wconf 88' lang='lat' dir='ltr'><strong>Georgio</strong></span> <span class='ocrx_word' id='word_1_100' title='bbox 1449 1394 1678 1437; x_wconf 89' lang='lat' dir='ltr'><strong>Wischart</strong></span> <span class='ocrx_word' id='word_1_101' title='bbox 1706 1395 1939 1437; x_wconf 88' lang='lat' dir='ltr'><strong>heredibus</strong></span> <span class='ocrx_word' id='word_1_102' title='bbox 1971 1396 2062 1437; x_wconf 90' lang='lat' dir='ltr'><strong>suis</strong></span> <span class='ocrx_word' id='word_1_103' title='bbox 2092 1400 2138 1437; x_wconf 88' lang='lat' dir='ltr'><strong>et</strong></span> <span class='ocrx_word' id='word_1_104' title='bbox 2166 1395 2403 1452; x_wconf 83' lang='lat' dir='ltr'><strong>assignatis</strong></span> 
     </span>
    </p>

    <p class='ocr_par' dir='ltr' id='par_1_3' title="bbox 457 1473 2404 1611">
     <span class='ocr_line' id='line_1_10' title="bbox 507 1473 2403 1530; baseline 0.001 -14"><span class='ocrx_word' id='word_1_105' title='bbox 507 1506 518 1516; x_wconf 94' lang='lat'>.</span> <span class='ocrx_word' id='word_1_106' title='bbox 558 1507 567 1515; x_wconf 91' lang='lat'>.</span> <span class='ocrx_word' id='word_1_107' title='bbox 603 1478 740 1516; x_wconf 83' lang='lat' dir='ltr'><strong>totam</strong></span> <span class='ocrx_word' id='word_1_108' title='bbox 781 1478 828 1517; x_wconf 93' lang='lat' dir='ltr'><strong>et</strong></span> <span class='ocrx_word' id='word_1_109' title='bbox 865 1474 1080 1530; x_wconf 84' lang='lat' dir='ltr'><strong>integram</strong></span> <span class='ocrx_word' id='word_1_110' title='bbox 1110 1473 1231 1516; x_wconf 87' lang='lat' dir='ltr'><strong>illam</strong></span> <span class='ocrx_word' id='word_1_111' title='bbox 1271 1474 1434 1530; x_wconf 87' lang='lat' dir='ltr'><strong>petiam</strong></span> <span class='ocrx_word' id='word_1_112' title='bbox 1473 1475 1715 1516; x_wconf 87' lang='lat' dir='ltr'><strong>communis</strong></span> <span class='ocrx_word' id='word_1_113' title='bbox 1754 1475 1865 1517; x_wconf 88' lang='lat' dir='ltr'><strong>mori</strong></span> <span class='ocrx_word' id='word_1_114' title='bbox 1904 1489 1982 1517; x_wconf 88' lang='lat' dir='ltr'><strong>seu</strong></span> <span class='ocrx_word' id='word_1_115' title='bbox 2022 1476 2220 1517; x_wconf 89' lang='lat' dir='ltr'><strong>marresii</strong></span> <span class='ocrx_word' id='word_1_116' title='bbox 2263 1476 2403 1517; x_wconf 85' lang='lat' dir='ltr'><strong>nostri</strong></span> 
     </span>
     <span class='ocr_line' id='line_1_11' title="bbox 457 1553 2404 1611; baseline 0.001 -15"><span class='ocrx_word' id='word_1_117' title='bbox 457 1554 571 1596; x_wconf 82' lang='lat' dir='ltr'><strong>dicte</strong></span> <span class='ocrx_word' id='word_1_118' title='bbox 608 1553 789 1596; x_wconf 85' lang='lat' dir='ltr'><strong>Ciuitati</strong></span> <span class='ocrx_word' id='word_1_119' title='bbox 819 1553 864 1594; x_wconf 88' lang='lat' dir='ltr'><strong>in</strong></span> <span class='ocrx_word' id='word_1_120' title='bbox 895 1553 1071 1609; x_wconf 88' lang='lat' dir='ltr'><strong>propria</strong></span> <span class='ocrx_word' id='word_1_121' title='bbox 1100 1553 1411 1596; x_wconf 80' lang='lat' dir='ltr'><strong>communitate</strong></span> <span class='ocrx_word' id='word_1_122' title='bbox 1451 1553 1690 1610; x_wconf 82' lang='lat' dir='ltr'><strong>spectantis</strong></span> <span class='ocrx_word' id='word_1_123' title='bbox 1722 1587 1731 1596; x_wconf 92' lang='lat'><strong>.</strong></span> <span class='ocrx_word' id='word_1_124' title='bbox 1765 1558 1776 1595; x_wconf 86' lang='lat'><strong>&#39;.</strong></span> <span class='ocrx_word' id='word_1_125' title='bbox 1809 1587 1819 1596; x_wconf 92' lang='lat'>.</span> <span class='ocrx_word' id='word_1_126' title='bbox 1851 1554 1984 1611; x_wconf 84' lang='lat' dir='ltr'><strong>vulgo</strong></span> <span class='ocrx_word' id='word_1_127' title='bbox 2026 1555 2221 1610; x_wconf 87' lang='lat' dir='ltr'><strong>Monboy</strong></span> <span class='ocrx_word' id='word_1_128' title='bbox 2260 1555 2404 1597; x_wconf 85' lang='lat' dir='ltr'><strong>vocati</strong></span> 
     </span>
    </p>
   </div>
   <div class='ocr_carea' id='block_1_3' title="bbox 451 1637 2404 3440">
    <p class='ocr_par' dir='ltr' id='par_1_4' title="bbox 451 1637 2404 3359">
     <span class='ocr_line' id='line_1_12' title="bbox 451 1637 2403 1693; baseline 0.001 -14"><span class='ocrx_word' id='word_1_129' title='bbox 451 1639 670 1693; x_wconf 84' lang='lat' dir='ltr'><strong>jacentem</strong></span> <span class='ocrx_word' id='word_1_130' title='bbox 700 1652 755 1680; x_wconf 89' lang='lat' dir='ltr'><strong>ex</strong></span> <span class='ocrx_word' id='word_1_131' title='bbox 783 1637 969 1680; x_wconf 79' lang='lat' dir='ltr'><strong>australi</strong></span> <span class='ocrx_word' id='word_1_132' title='bbox 998 1641 1125 1693; x_wconf 87' lang='lat' dir='ltr'><strong>parte</strong></span> <span class='ocrx_word' id='word_1_133' title='bbox 1146 1637 1387 1679; x_wconf 89' lang='lat' dir='ltr'><strong>communis</strong></span> <span class='ocrx_word' id='word_1_134' title='bbox 1406 1639 1518 1680; x_wconf 87' lang='lat' dir='ltr'><strong>mori</strong></span> <span class='ocrx_word' id='word_1_135' title='bbox 1536 1638 1677 1680; x_wconf 87' lang='lat' dir='ltr'><strong>nostri</strong></span> <span class='ocrx_word' id='word_1_136' title='bbox 1697 1638 1906 1681; x_wconf 79' lang='lat' dir='ltr'><strong>antedicti</strong></span> <span class='ocrx_word' id='word_1_137' title='bbox 1937 1639 2168 1681; x_wconf 81' lang='lat' dir='ltr'><strong>habentem</strong></span> <span class='ocrx_word' id='word_1_138' title='bbox 2190 1653 2242 1680; x_wconf 84' lang='lat' dir='ltr'><strong>ex</strong></span> <span class='ocrx_word' id='word_1_139' title='bbox 2264 1639 2403 1681; x_wconf 91' lang='lat' dir='ltr'><strong>orien-</strong></span> 
     </span>
     <span class='ocr_line' id='line_1_13' title="bbox 458 1716 2403 1774; baseline -0.001 -13"><span class='ocrx_word' id='word_1_140' title='bbox 458 1718 538 1761; x_wconf 79' lang='lat' dir='ltr'><strong>tali</strong></span> <span class='ocrx_word' id='word_1_141' title='bbox 567 1722 694 1774; x_wconf 88' lang='lat' dir='ltr'><strong>parte</strong></span> <span class='ocrx_word' id='word_1_142' title='bbox 721 1721 865 1760; x_wconf 87' lang='lat' dir='ltr'><strong>terras</strong></span> <span class='ocrx_word' id='word_1_143' title='bbox 884 1718 938 1760; x_wconf 89' lang='lat' dir='ltr'><strong>de</strong></span> <span class='ocrx_word' id='word_1_144' title='bbox 968 1717 1224 1760; x_wconf 85' lang='lat' dir='ltr'><strong>Fendowrie</strong></span> <span class='ocrx_word' id='word_1_145' title='bbox 1245 1716 1378 1773; x_wconf 79' lang='lat' dir='ltr'><strong>vulgo</strong></span> <span class='ocrx_word' id='word_1_146' title='bbox 1398 1717 1474 1759; x_wconf 83' lang='lat' dir='ltr'><strong>the</strong></span> <span class='ocrx_word' id='word_1_147' title='bbox 1496 1716 1655 1772; x_wconf 79' lang='lat' dir='ltr'><strong>Quhite</strong></span> <span class='ocrx_word' id='word_1_148' title='bbox 1674 1718 1786 1773; x_wconf 88' lang='lat' dir='ltr'><strong>park</strong></span> <span class='ocrx_word' id='word_1_149' title='bbox 1805 1718 1916 1774; x_wconf 84' lang='lat' dir='ltr'><strong>dyke</strong></span> <span class='ocrx_word' id='word_1_150' title='bbox 1946 1722 2125 1760; x_wconf 84' lang='lat' dir='ltr'><strong>vocatas</strong></span> <span class='ocrx_word' id='word_1_151' title='bbox 2146 1732 2199 1760; x_wconf 89' lang='lat' dir='ltr'><strong>ex</strong></span> <span class='ocrx_word' id='word_1_152' title='bbox 2219 1717 2403 1760; x_wconf 83' lang='lat' dir='ltr'><strong>australi</strong></span> 
     </span>
     <span class='ocr_line' id='line_1_14' title="bbox 456 1796 2403 1855; baseline -0.001 -14"><span class='ocrx_word' id='word_1_153' title='bbox 456 1802 582 1855; x_wconf 83' lang='lat' dir='ltr'><strong>parte</strong></span> <span class='ocrx_word' id='word_1_154' title='bbox 602 1812 771 1840; x_wconf 89' lang='lat' dir='ltr'><strong>morum</strong></span> <span class='ocrx_word' id='word_1_155' title='bbox 791 1797 844 1839; x_wconf 91' lang='lat' dir='ltr'><strong>de</strong></span> <span class='ocrx_word' id='word_1_156' title='bbox 865 1797 1121 1840; x_wconf 89' lang='lat' dir='ltr'><strong>Fendowrie</strong></span> <span class='ocrx_word' id='word_1_157' title='bbox 1142 1800 1188 1839; x_wconf 91' lang='lat' dir='ltr'><strong>et</strong></span> <span class='ocrx_word' id='word_1_158' title='bbox 1207 1796 1495 1838; x_wconf 85' lang='lat' dir='ltr'><strong>Balnabreich</strong></span> <span class='ocrx_word' id='word_1_159' title='bbox 1517 1811 1654 1852; x_wconf 89' lang='lat' dir='ltr'><strong>usque</strong></span> <span class='ocrx_word' id='word_1_160' title='bbox 1673 1796 1731 1839; x_wconf 88' lang='lat' dir='ltr'><strong>ad</strong></span> <span class='ocrx_word' id='word_1_161' title='bbox 1750 1801 1893 1839; x_wconf 86' lang='lat' dir='ltr'><strong>terras</strong></span> <span class='ocrx_word' id='word_1_162' title='bbox 1923 1797 1976 1839; x_wconf 90' lang='lat' dir='ltr'><strong>de</strong></span> <span class='ocrx_word' id='word_1_163' title='bbox 2008 1797 2274 1853; x_wconf 76' lang='lat' dir='ltr'><strong>Quhitesyde</strong></span> <span class='ocrx_word' id='word_1_164' title='bbox 2302 1812 2403 1853; x_wconf 89' lang='lat' dir='ltr'><strong>por·</strong></span> 
     </span>
     <span class='ocr_line' id='line_1_15' title="bbox 454 1875 2402 1932; baseline -0.001 -12"><span class='ocrx_word' id='word_1_165' title='bbox 454 1878 655 1921; x_wconf 88' lang='lat' dir='ltr'><strong>tionariis</strong></span> <span class='ocrx_word' id='word_1_166' title='bbox 674 1877 728 1920; x_wconf 89' lang='lat' dir='ltr'><strong>de</strong></span> <span class='ocrx_word' id='word_1_167' title='bbox 748 1878 957 1932; x_wconf 85' lang='lat' dir='ltr'><strong>Petforky</strong></span> <span class='ocrx_word' id='word_1_168' title='bbox 976 1877 1237 1919; x_wconf 87' lang='lat' dir='ltr'><strong>hereditarie</strong></span> <span class='ocrx_word' id='word_1_169' title='bbox 1258 1878 1506 1932; x_wconf 82' lang='lat' dir='ltr'><strong>spectantes</strong></span> <span class='ocrx_word' id='word_1_170' title='bbox 1536 1879 1583 1918; x_wconf 89' lang='lat' dir='ltr'><strong>et</strong></span> <span class='ocrx_word' id='word_1_171' title='bbox 1610 1875 1767 1918; x_wconf 87' lang='lat' dir='ltr'><strong>abhinc</strong></span> <span class='ocrx_word' id='word_1_172' title='bbox 1788 1876 2023 1919; x_wconf 85' lang='lat' dir='ltr'><strong>borealiter</strong></span> <span class='ocrx_word' id='word_1_173' title='bbox 2051 1891 2130 1932; x_wconf 89' lang='lat' dir='ltr'><strong>per</strong></span> <span class='ocrx_word' id='word_1_174' title='bbox 2149 1876 2316 1932; x_wconf 88' lang='lat' dir='ltr'><strong>lapides</strong></span> <span class='ocrx_word' id='word_1_175' title='bbox 2336 1876 2402 1918; x_wconf 91' lang='lat' dir='ltr'><strong>in-</strong></span> 
     </span>
     <span class='ocr_line' id='line_1_16' title="bbox 457 1955 2399 2014; baseline -0.002 -13"><span class='ocrx_word' id='word_1_176' title='bbox 457 1959 648 2001; x_wconf 87' lang='lat' dir='ltr'><strong>fossatos</strong></span> <span class='ocrx_word' id='word_1_177' title='bbox 677 1957 809 2014; x_wconf 83' lang='lat' dir='ltr'><strong>vulgo</strong></span> <span class='ocrx_word' id='word_1_178' title='bbox 830 1957 905 1999; x_wconf 89' lang='lat' dir='ltr'><strong>the</strong></span> <span class='ocrx_word' id='word_1_179' title='bbox 927 1957 1099 1998; x_wconf 90' lang='lat' dir='ltr'><strong>merche</strong></span> <span class='ocrx_word' id='word_1_180' title='bbox 1121 1956 1260 1998; x_wconf 82' lang='lat' dir='ltr'><strong>stanis</strong></span> <span class='ocrx_word' id='word_1_181' title='bbox 1279 1958 1458 1998; x_wconf 85' lang='lat' dir='ltr'><strong>vocatos</strong></span> <span class='ocrx_word' id='word_1_182' title='bbox 1487 1955 1543 1997; x_wconf 85' lang='lat' dir='ltr'><strong>ad</strong></span> <span class='ocrx_word' id='word_1_183' title='bbox 1574 1969 1844 1997; x_wconf 88' lang='lat' dir='ltr'><strong>communem</strong></span> <span class='ocrx_word' id='word_1_184' title='bbox 1864 1956 1980 1997; x_wconf 81' lang='lat' dir='ltr'><strong>viam</strong></span> <span class='ocrx_word' id='word_1_185' title='bbox 2001 1956 2047 1997; x_wconf 90' lang='lat' dir='ltr'><strong>in</strong></span> <span class='ocrx_word' id='word_1_186' title='bbox 2068 1956 2251 1998; x_wconf 79' lang='lat' dir='ltr'><strong>australi</strong></span> <span class='ocrx_word' id='word_1_187' title='bbox 2272 1962 2399 2012; x_wconf 79' lang='lat' dir='ltr'><strong>parte</strong></span> 
     </span>
     <span class='ocr_line' id='line_1_17' title="bbox 459 2034 2402 2093; baseline -0.002 -14"><span class='ocrx_word' id='word_1_188' title='bbox 459 2038 699 2080; x_wconf 89' lang='lat' dir='ltr'><strong>communis</strong></span> <span class='ocrx_word' id='word_1_189' title='bbox 719 2037 829 2079; x_wconf 92' lang='lat' dir='ltr'><strong>mori</strong></span> <span class='ocrx_word' id='word_1_190' title='bbox 849 2037 1032 2093; x_wconf 87' lang='lat' dir='ltr'><strong>predicti</strong></span> <span class='ocrx_word' id='word_1_191' title='bbox 1063 2050 1147 2092; x_wconf 90' lang='lat' dir='ltr'><strong>que</strong></span> <span class='ocrx_word' id='word_1_192' title='bbox 1182 2036 1254 2077; x_wconf 82' lang='lat' dir='ltr'><strong>via</strong></span> <span class='ocrx_word' id='word_1_193' title='bbox 1277 2035 1396 2078; x_wconf 90' lang='lat' dir='ltr'><strong>ducit</strong></span> <span class='ocrx_word' id='word_1_194' title='bbox 1424 2034 1698 2077; x_wconf 80' lang='lat' dir='ltr'><strong>orientaliter</strong></span> <span class='ocrx_word' id='word_1_195' title='bbox 1727 2035 1783 2076; x_wconf 84' lang='lat' dir='ltr'><strong>ad</strong></span> <span class='ocrx_word' id='word_1_196' title='bbox 1817 2035 2125 2077; x_wconf 82' lang='lat' dir='ltr'><strong>domunculum</strong></span> <span class='ocrx_word' id='word_1_197' title='bbox 2160 2035 2292 2092; x_wconf 83' lang='lat' dir='ltr'><strong>vulgo</strong></span> <span class='ocrx_word' id='word_1_198' title='bbox 2327 2036 2402 2078; x_wconf 88' lang='lat' dir='ltr'><strong>the</strong></span> 
     </span>
     <span class='ocr_line' id='line_1_18' title="bbox 461 2114 2401 2170; baseline -0.002 -10"><span class='ocrx_word' id='word_1_199' title='bbox 461 2119 726 2160; x_wconf 87' lang='lat' dir='ltr'><strong>Mnrehouse</strong></span> <span class='ocrx_word' id='word_1_200' title='bbox 759 2117 810 2159; x_wconf 87' lang='lat' dir='ltr'><strong>of</strong></span> <span class='ocrx_word' id='word_1_201' title='bbox 837 2115 1093 2158; x_wconf 85' lang='lat' dir='ltr'><strong>Fendowrie</strong></span> <span class='ocrx_word' id='word_1_202' title='bbox 1135 2118 1335 2157; x_wconf 85' lang='lat' dir='ltr'><strong>vocatum</strong></span> <span class='ocrx_word' id='word_1_203' title='bbox 1376 2129 1475 2156; x_wconf 89' lang='lat' dir='ltr'><strong>cum</strong></span> <span class='ocrx_word' id='word_1_204' title='bbox 1505 2147 1515 2156; x_wconf 95' lang='lat'>.</span> <span class='ocrx_word' id='word_1_205' title='bbox 1548 2146 1558 2156; x_wconf 88' lang='lat'><strong>.</strong></span> <span class='ocrx_word' id='word_1_206' title='bbox 1592 2144 1604 2155; x_wconf 88' lang='lat'><strong>.</strong></span> <span class='ocrx_word' id='word_1_207' title='bbox 1634 2114 1911 2170; x_wconf 88' lang='lat' dir='ltr'><strong>pertinentiis</strong></span> <span class='ocrx_word' id='word_1_208' title='bbox 1952 2114 2147 2156; x_wconf 91' lang='lat' dir='ltr'><strong>eiusdem</strong></span> <span class='ocrx_word' id='word_1_209' title='bbox 2182 2114 2401 2169; x_wconf 86' lang='lat' dir='ltr'><strong>jacentem</strong></span> 
     </span>
     <span class='ocr_line' id='line_1_19' title="bbox 459 2193 2404 2251; baseline -0.002 -12"><span class='ocrx_word' id='word_1_210' title='bbox 459 2198 574 2239; x_wconf 87' lang='lat' dir='ltr'><strong>infra</strong></span> <span class='ocrx_word' id='word_1_211' title='bbox 608 2196 963 2238; x_wconf 85' lang='lat' dir='ltr'><strong>communitatem</strong></span> <span class='ocrx_word' id='word_1_212' title='bbox 992 2194 1292 2251; x_wconf 84' lang='lat' dir='ltr'><strong>prenominate</strong></span> <span class='ocrx_word' id='word_1_213' title='bbox 1323 2197 1472 2236; x_wconf 88' lang='lat' dir='ltr'><strong>nostre</strong></span> <span class='ocrx_word' id='word_1_214' title='bbox 1494 2193 1702 2236; x_wconf 83' lang='lat' dir='ltr'><strong>Ciuitatis</strong></span> <span class='ocrx_word' id='word_1_215' title='bbox 1722 2193 1767 2235; x_wconf 89' lang='lat' dir='ltr'><strong>in</strong></span> <span class='ocrx_word' id='word_1_216' title='bbox 1788 2194 1994 2250; x_wconf 87' lang='lat' dir='ltr'><strong>parochia</strong></span> <span class='ocrx_word' id='word_1_217' title='bbox 2014 2194 2205 2235; x_wconf 90' lang='lat' dir='ltr'><strong>eiusdem</strong></span> <span class='ocrx_word' id='word_1_218' title='bbox 2226 2198 2272 2236; x_wconf 84' lang='lat' dir='ltr'><strong>et</strong></span> <span class='ocrx_word' id='word_1_219' title='bbox 2291 2195 2404 2236; x_wconf 84' lang='lat' dir='ltr'><strong>vice-</strong></span> 
     </span>
     <span class='ocr_line' id='line_1_20' title="bbox 459 2272 2402 2329; baseline -0.003 -10"><span class='ocrx_word' id='word_1_220' title='bbox 459 2277 712 2320; x_wconf 88' lang='lat' dir='ltr'><strong>comitatum</strong></span> <span class='ocrx_word' id='word_1_221' title='bbox 751 2276 805 2318; x_wconf 90' lang='lat' dir='ltr'><strong>de</strong></span> <span class='ocrx_word' id='word_1_222' title='bbox 840 2275 998 2317; x_wconf 88' lang='lat' dir='ltr'><strong>Forfar</strong></span> <span class='ocrx_word' id='word_1_223' title='bbox 1027 2307 1038 2317; x_wconf 85' lang='lat'><strong>.</strong></span> <span class='ocrx_word' id='word_1_224' title='bbox 1070 2274 1320 2316; x_wconf 85' lang='lat' dir='ltr'><strong>Tenendam</strong></span> <span class='ocrx_word' id='word_1_225' title='bbox 1352 2307 1362 2316; x_wconf 91' lang='lat'><strong>.</strong></span> <span class='ocrx_word' id='word_1_226' title='bbox 1395 2306 1405 2316; x_wconf 90' lang='lat'><strong>.</strong></span> <span class='ocrx_word' id='word_1_227' title='bbox 1438 2306 1448 2316; x_wconf 94' lang='lat'><strong>.</strong></span> <span class='ocrx_word' id='word_1_228' title='bbox 1478 2274 1766 2329; x_wconf 88' lang='lat' dir='ltr'><strong>prescriptam</strong></span> <span class='ocrx_word' id='word_1_229' title='bbox 1800 2272 1921 2315; x_wconf 87' lang='lat' dir='ltr'><strong>illam</strong></span> <span class='ocrx_word' id='word_1_230' title='bbox 1961 2273 2123 2329; x_wconf 86' lang='lat' dir='ltr'><strong>petiam</strong></span> <span class='ocrx_word' id='word_1_231' title='bbox 2163 2274 2402 2315; x_wconf 89' lang='lat' dir='ltr'><strong>communis</strong></span> 
     </span>
     <span class='ocr_line' id='line_1_21' title="bbox 458 2352 2404 2411; baseline -0.002 -12"><span class='ocrx_word' id='word_1_232' title='bbox 458 2357 569 2399; x_wconf 90' lang='lat' dir='ltr'><strong>mori</strong></span> <span class='ocrx_word' id='word_1_233' title='bbox 589 2357 729 2399; x_wconf 90' lang='lat' dir='ltr'><strong>nostri</strong></span> <span class='ocrx_word' id='word_1_234' title='bbox 760 2389 769 2398; x_wconf 93' lang='lat'><strong>.</strong></span> <span class='ocrx_word' id='word_1_235' title='bbox 802 2388 812 2397; x_wconf 91' lang='lat'><strong>.</strong></span> <span class='ocrx_word' id='word_1_236' title='bbox 842 2388 852 2398; x_wconf 90' lang='lat'><strong>.</strong></span> <span class='ocrx_word' id='word_1_237' title='bbox 884 2355 1077 2411; x_wconf 88' lang='lat' dir='ltr'><strong>predicto</strong></span> <span class='ocrx_word' id='word_1_238' title='bbox 1101 2354 1287 2410; x_wconf 89' lang='lat' dir='ltr'><strong>Georgio</strong></span> <span class='ocrx_word' id='word_1_239' title='bbox 1307 2353 1539 2395; x_wconf 88' lang='lat' dir='ltr'><strong>heredibus</strong></span> <span class='ocrx_word' id='word_1_240' title='bbox 1559 2353 1650 2394; x_wconf 91' lang='lat' dir='ltr'><strong>suis</strong></span> <span class='ocrx_word' id='word_1_241' title='bbox 1681 2356 1727 2395; x_wconf 86' lang='lat' dir='ltr'><strong>et</strong></span> <span class='ocrx_word' id='word_1_242' title='bbox 1755 2353 1993 2409; x_wconf 85' lang='lat' dir='ltr'><strong>assignatis</strong></span> <span class='ocrx_word' id='word_1_243' title='bbox 2022 2352 2075 2394; x_wconf 91' lang='lat' dir='ltr'><strong>de</strong></span> <span class='ocrx_word' id='word_1_244' title='bbox 2096 2353 2222 2394; x_wconf 91' lang='lat' dir='ltr'><strong>nobis</strong></span> <span class='ocrx_word' id='word_1_245' title='bbox 2241 2357 2288 2395; x_wconf 92' lang='lat' dir='ltr'><strong>et</strong></span> <span class='ocrx_word' id='word_1_246' title='bbox 2308 2367 2404 2395; x_wconf 84' lang='lat' dir='ltr'><strong>suc-</strong></span> 
     </span>
     <span class='ocr_line' id='line_1_22' title="bbox 462 2432 2401 2487; baseline -0.003 -9"><span class='ocrx_word' id='word_1_247' title='bbox 462 2436 706 2478; x_wconf 87' lang='lat' dir='ltr'><strong>cessoribus</strong></span> <span class='ocrx_word' id='word_1_248' title='bbox 755 2435 918 2477; x_wconf 86' lang='lat' dir='ltr'><strong>nostris</strong></span> <span class='ocrx_word' id='word_1_249' title='bbox 950 2467 959 2475; x_wconf 92' lang='lat'>.</span> <span class='ocrx_word' id='word_1_250' title='bbox 993 2466 1003 2476; x_wconf 89' lang='lat'>.</span> <span class='ocrx_word' id='word_1_251' title='bbox 1038 2464 1050 2475; x_wconf 91' lang='lat'><strong>.</strong></span> <span class='ocrx_word' id='word_1_252' title='bbox 1080 2434 1124 2474; x_wconf 89' lang='lat' dir='ltr'><strong>in</strong></span> <span class='ocrx_word' id='word_1_253' title='bbox 1165 2432 1410 2474; x_wconf 86' lang='lat' dir='ltr'><strong>feudifirma</strong></span> <span class='ocrx_word' id='word_1_254' title='bbox 1441 2464 1451 2474; x_wconf 92' lang='lat'><strong>.</strong></span> <span class='ocrx_word' id='word_1_255' title='bbox 1483 2463 1493 2472; x_wconf 92' lang='lat'><strong>.</strong></span> <span class='ocrx_word' id='word_1_256' title='bbox 1530 2464 1537 2472; x_wconf 94' lang='lat'>.</span> <span class='ocrx_word' id='word_1_257' title='bbox 1568 2437 1614 2473; x_wconf 88' lang='lat' dir='ltr'><strong>et</strong></span> <span class='ocrx_word' id='word_1_258' title='bbox 1661 2432 1903 2474; x_wconf 88' lang='lat' dir='ltr'><strong>hereditate</strong></span> <span class='ocrx_word' id='word_1_259' title='bbox 1952 2432 2269 2487; x_wconf 87' lang='lat' dir='ltr'><strong>imperpetuum</strong></span> <span class='ocrx_word' id='word_1_260' title='bbox 2303 2462 2313 2472; x_wconf 91' lang='lat'>.</span> <span class='ocrx_word' id='word_1_261' title='bbox 2348 2464 2357 2473; x_wconf 89' lang='lat'><strong>.</strong></span> <span class='ocrx_word' id='word_1_262' title='bbox 2390 2464 2401 2473; x_wconf 88' lang='lat'><strong>.</strong></span> 
     </span>
     <span class='ocr_line' id='line_1_23' title="bbox 460 2511 2400 2564; baseline -0.002 -7"><span class='ocrx_word' id='word_1_263' title='bbox 460 2515 695 2558; x_wconf 88' lang='lat' dir='ltr'><strong>Reddendo</strong></span> <span class='ocrx_word' id='word_1_264' title='bbox 734 2514 833 2555; x_wconf 89' lang='lat' dir='ltr'><strong>inde</strong></span> <span class='ocrx_word' id='word_1_265' title='bbox 873 2513 1099 2555; x_wconf 85' lang='lat' dir='ltr'><strong>annuatim</strong></span> <span class='ocrx_word' id='word_1_266' title='bbox 1128 2549 1137 2555; x_wconf 79' lang='grc'><strong>,</strong></span> <span class='ocrx_word' id='word_1_267' title='bbox 1175 2544 1184 2553; x_wconf 92' lang='grc'><strong>.</strong></span> <span class='ocrx_word' id='word_1_268' title='bbox 1215 2543 1225 2553; x_wconf 92' lang='grc'><strong>.</strong></span> <span class='ocrx_word' id='word_1_269' title='bbox 1256 2511 1382 2554; x_wconf 87' lang='lat' dir='ltr'><strong>nobis</strong></span> <span class='ocrx_word' id='word_1_270' title='bbox 1422 2515 1468 2552; x_wconf 88' lang='lat' dir='ltr'><strong>et</strong></span> <span class='ocrx_word' id='word_1_271' title='bbox 1508 2511 1828 2553; x_wconf 86' lang='lat' dir='ltr'><strong>successoribus</strong></span> <span class='ocrx_word' id='word_1_272' title='bbox 1863 2511 2026 2553; x_wconf 83' lang='lat' dir='ltr'><strong>nostris</strong></span> <span class='ocrx_word' id='word_1_273' title='bbox 2060 2543 2069 2552; x_wconf 92' lang='lat'><strong>.</strong></span> <span class='ocrx_word' id='word_1_274' title='bbox 2103 2543 2112 2552; x_wconf 90' lang='lat'><strong>.</strong></span> <span class='ocrx_word' id='word_1_275' title='bbox 2147 2543 2155 2551; x_wconf 93' lang='lat'>.</span> <span class='ocrx_word' id='word_1_276' title='bbox 2187 2525 2400 2564; x_wconf 79' lang='lat' dir='ltr'><strong>summam</strong></span> 
     </span>
     <span class='ocr_line' id='line_1_24' title="bbox 462 2590 2401 2646; baseline -0.002 -10"><span class='ocrx_word' id='word_1_277' title='bbox 462 2594 668 2636; x_wconf 90' lang='lat' dir='ltr'><strong>tredecim</strong></span> <span class='ocrx_word' id='word_1_278' title='bbox 708 2593 944 2635; x_wconf 87' lang='lat' dir='ltr'><strong>solidorum</strong></span> <span class='ocrx_word' id='word_1_279' title='bbox 977 2595 1022 2633; x_wconf 92' lang='lat' dir='ltr'><strong>et</strong></span> <span class='ocrx_word' id='word_1_280' title='bbox 1053 2594 1240 2646; x_wconf 82' lang='lat' dir='ltr'><strong>quatuor</strong></span> <span class='ocrx_word' id='word_1_281' title='bbox 1271 2591 1548 2632; x_wconf 84' lang='lat' dir='ltr'><strong>denariorum</strong></span> <span class='ocrx_word' id='word_1_282' title='bbox 1580 2623 1590 2632; x_wconf 91' lang='lat'>.</span> <span class='ocrx_word' id='word_1_283' title='bbox 1624 2623 1633 2632; x_wconf 94' lang='lat'><strong>.</strong></span> <span class='ocrx_word' id='word_1_284' title='bbox 1667 2623 1677 2632; x_wconf 86' lang='lat'><strong>.</strong></span> <span class='ocrx_word' id='word_1_285' title='bbox 1709 2593 1881 2632; x_wconf 88' lang='lat' dir='ltr'><strong>monete</strong></span> <span class='ocrx_word' id='word_1_286' title='bbox 1911 2622 1922 2631; x_wconf 91' lang='lat'><strong>.</strong></span> <span class='ocrx_word' id='word_1_287' title='bbox 1958 2621 1969 2632; x_wconf 90' lang='lat'>.</span> <span class='ocrx_word' id='word_1_288' title='bbox 1999 2621 2009 2632; x_wconf 88' lang='lat'><strong><em>.</em></strong></span> <span class='ocrx_word' id='word_1_289' title='bbox 2054 2590 2195 2632; x_wconf 74' lang='lat' dir='ltr'><strong>Seotie</strong></span> <span class='ocrx_word' id='word_1_290' title='bbox 2216 2591 2272 2632; x_wconf 88' lang='lat' dir='ltr'><strong>ad</strong></span> <span class='ocrx_word' id='word_1_291' title='bbox 2292 2591 2401 2633; x_wconf 91' lang='lat' dir='ltr'><strong>duos</strong></span> 
     </span>
     <span class='ocr_line' id='line_1_25' title="bbox 462 2668 2401 2726; baseline -0.001 -11"><span class='ocrx_word' id='word_1_292' title='bbox 462 2673 565 2715; x_wconf 86' lang='lat' dir='ltr'><strong>anni</strong></span> <span class='ocrx_word' id='word_1_293' title='bbox 584 2672 794 2715; x_wconf 86' lang='lat' dir='ltr'><strong>terminos</strong></span> <span class='ocrx_word' id='word_1_294' title='bbox 814 2675 1045 2713; x_wconf 88' lang='lat' dir='ltr'><strong>consuetos</strong></span> <span class='ocrx_word' id='word_1_295' title='bbox 1079 2701 1088 2710; x_wconf 93' lang='lat'><em>.</em></span> <span class='ocrx_word' id='word_1_296' title='bbox 1123 2702 1132 2710; x_wconf 91' lang='lat'>.</span> <span class='ocrx_word' id='word_1_297' title='bbox 1164 2699 1175 2710; x_wconf 90' lang='lat'><strong><em>.</em></strong></span> <span class='ocrx_word' id='word_1_298' title='bbox 1206 2669 1413 2710; x_wconf 84' lang='lat' dir='ltr'><strong>Preterea</strong></span> <span class='ocrx_word' id='word_1_299' title='bbox 1432 2669 1574 2711; x_wconf 87' lang='lat' dir='ltr'><strong>dictus</strong></span> <span class='ocrx_word' id='word_1_300' title='bbox 1592 2668 1805 2725; x_wconf 82' lang='lat' dir='ltr'><strong>Georgius</strong></span> <span class='ocrx_word' id='word_1_301' title='bbox 1835 2669 2016 2711; x_wconf 89' lang='lat' dir='ltr'><strong>heredes</strong></span> <span class='ocrx_word' id='word_1_302' title='bbox 2038 2670 2104 2710; x_wconf 90' lang='lat' dir='ltr'><strong>sui</strong></span> <span class='ocrx_word' id='word_1_303' title='bbox 2125 2674 2170 2712; x_wconf 85' lang='lat' dir='ltr'><strong>et</strong></span> <span class='ocrx_word' id='word_1_304' title='bbox 2189 2671 2401 2726; x_wconf 82' lang='lat' dir='ltr'><strong>assignati</strong></span> 
     </span>
     <span class='ocr_line' id='line_1_26' title="bbox 461 2749 2403 2810; baseline -0.002 -15"><span class='ocrx_word' id='word_1_305' title='bbox 461 2753 745 2810; x_wconf 81' lang='lat' dir='ltr'><strong>duplicabant</strong></span> <span class='ocrx_word' id='word_1_306' title='bbox 764 2751 926 2793; x_wconf 84' lang='lat' dir='ltr'><strong>dictam</strong></span> <span class='ocrx_word' id='word_1_307' title='bbox 947 2763 1161 2792; x_wconf 86' lang='lat' dir='ltr'><strong>summam</strong></span> <span class='ocrx_word' id='word_1_308' title='bbox 1182 2749 1389 2791; x_wconf 87' lang='lat' dir='ltr'><strong>tredecim</strong></span> <span class='ocrx_word' id='word_1_309' title='bbox 1411 2749 1646 2791; x_wconf 87' lang='lat' dir='ltr'><strong>solidorum</strong></span> <span class='ocrx_word' id='word_1_310' title='bbox 1676 2752 1721 2791; x_wconf 92' lang='lat' dir='ltr'><strong>et</strong></span> <span class='ocrx_word' id='word_1_311' title='bbox 1750 2752 1939 2804; x_wconf 90' lang='lat' dir='ltr'><strong>quatuor</strong></span> <span class='ocrx_word' id='word_1_312' title='bbox 1957 2749 2232 2792; x_wconf 86' lang='lat' dir='ltr'><strong>denariorum</strong></span> <span class='ocrx_word' id='word_1_313' title='bbox 2262 2751 2307 2792; x_wconf 89' lang='lat' dir='ltr'><strong>in</strong></span> <span class='ocrx_word' id='word_1_314' title='bbox 2337 2752 2403 2792; x_wconf 89' lang='lat' dir='ltr'><strong>in-</strong></span> 
     </span>
     <span class='ocr_line' id='line_1_27' title="bbox 462 2827 2400 2885; baseline -0.002 -10"><span class='ocrx_word' id='word_1_315' title='bbox 462 2833 599 2875; x_wconf 87' lang='lat' dir='ltr'><strong>troitu</strong></span> <span class='ocrx_word' id='word_1_316' title='bbox 633 2831 864 2873; x_wconf 89' lang='lat' dir='ltr'><strong>cuiuslibet</strong></span> <span class='ocrx_word' id='word_1_317' title='bbox 892 2829 1066 2873; x_wconf 88' lang='lat' dir='ltr'><strong>heredis</strong></span> <span class='ocrx_word' id='word_1_318' title='bbox 1098 2860 1109 2870; x_wconf 86' lang='lat'><strong>.</strong></span> <span class='ocrx_word' id='word_1_319' title='bbox 1143 2860 1153 2870; x_wconf 88' lang='lat'><strong>.</strong></span> <span class='ocrx_word' id='word_1_320' title='bbox 1184 2861 1195 2871; x_wconf 93' lang='lat'><strong>.</strong></span> <span class='ocrx_word' id='word_1_321' title='bbox 1226 2829 1403 2884; x_wconf 89' lang='lat' dir='ltr'><strong>prouiso</strong></span> <span class='ocrx_word' id='word_1_322' title='bbox 1432 2832 1579 2870; x_wconf 83' lang='lat' dir='ltr'><strong>tamen</strong></span> <span class='ocrx_word' id='word_1_323' title='bbox 1609 2828 1723 2883; x_wconf 90' lang='lat' dir='ltr'><strong>quod</strong></span> <span class='ocrx_word' id='word_1_324' title='bbox 1754 2827 1782 2869; x_wconf 93' lang='lat' dir='ltr'><strong>J</strong></span> <span class='ocrx_word' id='word_1_325' title='bbox 1784 2829 1945 2870; x_wconf 83' lang='lat' dir='ltr'><strong>acobus</strong></span> <span class='ocrx_word' id='word_1_326' title='bbox 1976 2827 2211 2884; x_wconf 89' lang='lat' dir='ltr'><strong>Dempster</strong></span> <span class='ocrx_word' id='word_1_327' title='bbox 2239 2830 2400 2885; x_wconf 87' lang='lat' dir='ltr'><strong>portio·</strong></span> 
     </span>
     <span class='ocr_line' id='line_1_28' title="bbox 464 2907 2402 2963; baseline -0.002 -9"><span class='ocrx_word' id='word_1_328' title='bbox 464 2912 615 2954; x_wconf 89' lang='lat' dir='ltr'><strong>narius</strong></span> <span class='ocrx_word' id='word_1_329' title='bbox 634 2911 688 2953; x_wconf 90' lang='lat' dir='ltr'><strong>de</strong></span> <span class='ocrx_word' id='word_1_330' title='bbox 709 2909 929 2952; x_wconf 86' lang='lat' dir='ltr'><strong>Petforkie</strong></span> <span class='ocrx_word' id='word_1_331' title='bbox 949 2913 995 2951; x_wconf 92' lang='lat' dir='ltr'><strong>et</strong></span> <span class='ocrx_word' id='word_1_332' title='bbox 1015 2907 1175 2950; x_wconf 88' lang='lat' dir='ltr'><strong>Pethill</strong></span> <span class='ocrx_word' id='word_1_333' title='bbox 1196 2908 1377 2949; x_wconf 86' lang='lat' dir='ltr'><strong>heredes</strong></span> <span class='ocrx_word' id='word_1_334' title='bbox 1399 2907 1467 2949; x_wconf 89' lang='lat' dir='ltr'><strong>sui</strong></span> <span class='ocrx_word' id='word_1_335' title='bbox 1488 2920 1760 2948; x_wconf 87' lang='lat' dir='ltr'><strong>successores</strong></span> <span class='ocrx_word' id='word_1_336' title='bbox 1780 2910 1825 2948; x_wconf 92' lang='lat' dir='ltr'><strong>et</strong></span> <span class='ocrx_word' id='word_1_337' title='bbox 1840 2907 2053 2963; x_wconf 84' lang='lat' dir='ltr'><strong>assignati</strong></span> <span class='ocrx_word' id='word_1_338' title='bbox 2074 2907 2130 2949; x_wconf 88' lang='lat' dir='ltr'><strong>ad</strong></span> <span class='ocrx_word' id='word_1_339' title='bbox 2160 2908 2402 2952; x_wconf 81' lang='lat' dir='ltr'><strong>dimidieta-</strong></span> 
     </span>
     <span class='ocr_line' id='line_1_29' title="bbox 459 2985 2402 3043; baseline -0.003 -9"><span class='ocrx_word' id='word_1_340' title='bbox 459 2996 549 3034; x_wconf 81' lang='lat' dir='ltr'><strong>tem</strong></span> <span class='ocrx_word' id='word_1_341' title='bbox 578 2990 812 3033; x_wconf 84' lang='lat' dir='ltr'><strong>earundem</strong></span> <span class='ocrx_word' id='word_1_342' title='bbox 842 2993 1060 3031; x_wconf 86' lang='lat' dir='ltr'><strong>terrarum</strong></span> <span class='ocrx_word' id='word_1_343' title='bbox 1089 3001 1204 3029; x_wconf 90' lang='lat' dir='ltr'><strong>nunc</strong></span> <span class='ocrx_word' id='word_1_344' title='bbox 1233 2987 1349 3029; x_wconf 86' lang='lat' dir='ltr'><strong>dicto</strong></span> <span class='ocrx_word' id='word_1_345' title='bbox 1381 2985 1545 3029; x_wconf 87' lang='lat' dir='ltr'><strong>Jacobo</strong></span> <span class='ocrx_word' id='word_1_346' title='bbox 1576 2985 1811 3042; x_wconf 83' lang='lat' dir='ltr'><strong>Dempster</strong></span> <span class='ocrx_word' id='word_1_347' title='bbox 1840 2986 2102 3029; x_wconf 84' lang='lat' dir='ltr'><strong>hereditarie</strong></span> <span class='ocrx_word' id='word_1_348' title='bbox 2133 2991 2402 3043; x_wconf 77' lang='lat' dir='ltr'><strong>spectantem</strong></span> 
     </span>
     <span class='ocr_line' id='line_1_30' title="bbox 461 3064 2402 3125; baseline -0.002 -12"><span class='ocrx_word' id='word_1_349' title='bbox 461 3071 651 3113; x_wconf 85' lang='lat' dir='ltr'><strong>habeant</strong></span> <span class='ocrx_word' id='word_1_350' title='bbox 670 3073 716 3112; x_wconf 89' lang='lat' dir='ltr'><strong>et</strong></span> <span class='ocrx_word' id='word_1_351' title='bbox 737 3069 987 3125; x_wconf 87' lang='lat' dir='ltr'><strong>possideant</strong></span> <span class='ocrx_word' id='word_1_352' title='bbox 1006 3080 1276 3109; x_wconf 90' lang='lat' dir='ltr'><strong>communem</strong></span> <span class='ocrx_word' id='word_1_353' title='bbox 1294 3069 1518 3122; x_wconf 85' lang='lat' dir='ltr'><strong>pasturam</strong></span> <span class='ocrx_word' id='word_1_354' title='bbox 1548 3065 1594 3106; x_wconf 91' lang='lat' dir='ltr'><strong>in</strong></span> <span class='ocrx_word' id='word_1_355' title='bbox 1622 3064 1739 3106; x_wconf 84' lang='lat' dir='ltr'><strong>dicta</strong></span> <span class='ocrx_word' id='word_1_356' title='bbox 1767 3065 1886 3120; x_wconf 86' lang='lat' dir='ltr'><strong>petia</strong></span> <span class='ocrx_word' id='word_1_357' title='bbox 1914 3067 2155 3109; x_wconf 88' lang='lat' dir='ltr'><strong>communis</strong></span> <span class='ocrx_word' id='word_1_358' title='bbox 2184 3069 2294 3109; x_wconf 88' lang='lat' dir='ltr'><strong>mori</strong></span> <span class='ocrx_word' id='word_1_359' title='bbox 2325 3082 2402 3110; x_wconf 90' lang='lat' dir='ltr'><strong>seu</strong></span> 
     </span>
     <span class='ocr_line' id='line_1_31' title="bbox 461 3143 2401 3202; baseline -0.002 -10"><span class='ocrx_word' id='word_1_360' title='bbox 461 3149 659 3192; x_wconf 85' lang='lat' dir='ltr'><strong>marresii</strong></span> <span class='ocrx_word' id='word_1_361' title='bbox 679 3149 822 3191; x_wconf 82' lang='lat' dir='ltr'><strong>vocati</strong></span> <span class='ocrx_word' id='word_1_362' title='bbox 844 3147 1035 3202; x_wconf 88' lang='lat' dir='ltr'><strong>Monboy</strong></span> <span class='ocrx_word' id='word_1_363' title='bbox 1056 3160 1155 3188; x_wconf 90' lang='lat' dir='ltr'><strong>cum</strong></span> <span class='ocrx_word' id='word_1_364' title='bbox 1174 3147 1391 3201; x_wconf 86' lang='lat' dir='ltr'><strong>potestate</strong></span> <span class='ocrx_word' id='word_1_365' title='bbox 1422 3143 1651 3187; x_wconf 88' lang='lat' dir='ltr'><strong>effodiendi</strong></span> <span class='ocrx_word' id='word_1_366' title='bbox 1677 3144 1864 3199; x_wconf 83' lang='lat' dir='ltr'><strong>cespites</strong></span> <span class='ocrx_word' id='word_1_367' title='bbox 1892 3144 2022 3200; x_wconf 84' lang='lat' dir='ltr'><strong>vulgo</strong></span> <span class='ocrx_word' id='word_1_368' title='bbox 2043 3145 2101 3187; x_wconf 92' lang='lat' dir='ltr'><strong>lie</strong></span> <span class='ocrx_word' id='word_1_369' title='bbox 2121 3147 2285 3189; x_wconf 88' lang='lat' dir='ltr'><strong>turviss</strong></span> <span class='ocrx_word' id='word_1_370' title='bbox 2302 3147 2401 3188; x_wconf 78' lang='lat' dir='ltr'><strong>&#39;faill</strong></span> 
     </span>
     <span class='ocr_line' id='line_1_32' title="bbox 462 3222 2402 3281; baseline -0.002 -11"><span class='ocrx_word' id='word_1_371' title='bbox 462 3228 550 3270; x_wconf 85' lang='lat' dir='ltr'><strong>and</strong></span> <span class='ocrx_word' id='word_1_372' title='bbox 568 3227 699 3270; x_wconf 83' lang='lat' dir='ltr'><strong>dovet</strong></span> <span class='ocrx_word' id='word_1_373' title='bbox 718 3226 886 3268; x_wconf 90' lang='lat' dir='ltr'><strong>cunctis</strong></span> <span class='ocrx_word' id='word_1_374' title='bbox 906 3225 1174 3281; x_wconf 88' lang='lat' dir='ltr'><strong>temporibus</strong></span> <span class='ocrx_word' id='word_1_375' title='bbox 1194 3223 1353 3266; x_wconf 84' lang='lat' dir='ltr'><strong>futuris</strong></span> <span class='ocrx_word' id='word_1_376' title='bbox 1384 3255 1395 3266; x_wconf 88' lang='lat'><strong>.</strong></span> <span class='ocrx_word' id='word_1_377' title='bbox 1426 3256 1436 3266; x_wconf 89' lang='lat'><strong>.</strong></span> <span class='ocrx_word' id='word_1_378' title='bbox 1468 3255 1478 3265; x_wconf 95' lang='lat'><strong><em>.</em></strong></span> <span class='ocrx_word' id='word_1_379' title='bbox 1512 3223 1698 3278; x_wconf 90' lang='lat' dir='ltr'><strong>Insuper</strong></span> <span class='ocrx_word' id='word_1_380' title='bbox 1716 3222 1886 3265; x_wconf 90' lang='lat' dir='ltr'><strong>dilectis</strong></span> <span class='ocrx_word' id='word_1_381' title='bbox 1915 3224 2079 3266; x_wconf 86' lang='lat' dir='ltr'><strong>nostris</strong></span> <span class='ocrx_word' id='word_1_382' title='bbox 2099 3224 2263 3267; x_wconf 86' lang='lat' dir='ltr'><strong>Jacobo</strong></span> <span class='ocrx_word' id='word_1_383' title='bbox 2296 3226 2402 3267; x_wconf 86' lang='lat' dir='ltr'><strong>Gra-</strong></span> 
     </span>
     <span class='ocr_line' id='line_1_33' title="bbox 462 3292 2401 3359; baseline -0.001 -10"><span class='ocrx_word' id='word_1_384' title='bbox 462 3309 589 3349; x_wconf 89' lang='lat' dir='ltr'><strong>hame</strong></span> <span class='ocrx_word' id='word_1_385' title='bbox 610 3310 656 3349; x_wconf 93' lang='lat' dir='ltr'><strong>et</strong></span> <span class='ocrx_word' id='word_1_386' title='bbox 683 3309 877 3348; x_wconf 84' lang='lat' dir='ltr'><strong>vestrum</strong></span> <span class='ocrx_word' id='word_1_387' title='bbox 907 3304 1084 3346; x_wconf 90' lang='lat' dir='ltr'><strong>cuilibet</strong></span> <span class='ocrx_word' id='word_1_388' title='bbox 1114 3336 1123 3346; x_wconf 92' lang='lat'><strong><em>.</em></strong></span> <span class='ocrx_word' id='word_1_389' title='bbox 1156 3335 1166 3347; x_wconf 88' lang='lat'><strong>.</strong></span> <span class='ocrx_word' id='word_1_390' title='bbox 1200 3334 1211 3344; x_wconf 91' lang='lat'><strong>.</strong></span> <span class='ocrx_word' id='word_1_391' title='bbox 1242 3303 1416 3346; x_wconf 89' lang='lat' dir='ltr'><strong>balliuis</strong></span> <span class='ocrx_word' id='word_1_392' title='bbox 1447 3302 1608 3344; x_wconf 89' lang='lat' dir='ltr'><strong>nostris</strong></span> <span class='ocrx_word' id='word_1_393' title='bbox 1638 3333 1649 3344; x_wconf 86' lang='lat'><strong>.</strong></span> <span class='ocrx_word' id='word_1_394' title='bbox 1680 3292 1692 3344; x_wconf 60' lang='grc' dir='ltr'><em>ζ</em></span> <span class='ocrx_word' id='word_1_395' title='bbox 1725 3333 1734 3343; x_wconf 95' lang='grc'><strong>.</strong></span> <span class='ocrx_word' id='word_1_396' title='bbox 1765 3302 2026 3358; x_wconf 90' lang='lat' dir='ltr'><strong>precipimus</strong></span> <span class='ocrx_word' id='word_1_397' title='bbox 2060 3318 2075 3344; x_wconf 90' lang='grc'><strong>.·</strong></span> <span class='ocrx_word' id='word_1_398' title='bbox 2101 3336 2110 3345; x_wconf 94' lang='grc'><strong>.</strong></span> <span class='ocrx_word' id='word_1_399' title='bbox 2144 3336 2154 3346; x_wconf 92' lang='grc'><em>.</em></span> <span class='ocrx_word' id='word_1_400' title='bbox 2185 3309 2401 3359; x_wconf 85' lang='lat' dir='ltr'><strong>quatenus</strong></span> 
     </span>
    </p>

    <p class='ocr_par' dir='ltr' id='par_1_5' title="bbox 510 3381 2402 3440">
     <span class='ocr_line' id='line_1_34' title="bbox 510 3381 2402 3440; baseline -0.002 -11"><span class='ocrx_word' id='word_1_401' title='bbox 510 3420 519 3429; x_wconf 91' lang='lat'><strong>.</strong></span> <span class='ocrx_word' id='word_1_402' title='bbox 554 3419 564 3429; x_wconf 85' lang='lat'><strong><em>.</em></strong></span> <span class='ocrx_word' id='word_1_403' title='bbox 595 3386 783 3429; x_wconf 89' lang='lat' dir='ltr'><strong>sasinam</strong></span> <span class='ocrx_word' id='word_1_404' title='bbox 814 3417 825 3428; x_wconf 93' lang='lat'><strong>.</strong></span> <span class='ocrx_word' id='word_1_405' title='bbox 858 3415 871 3426; x_wconf 88' lang='lat'><strong>.</strong></span> <span class='ocrx_word' id='word_1_406' title='bbox 905 3416 914 3426; x_wconf 85' lang='lat'><strong>.</strong></span> <span class='ocrx_word' id='word_1_407' title='bbox 944 3384 1136 3440; x_wconf 85' lang='lat' dir='ltr'><strong>predicte</strong></span> <span class='ocrx_word' id='word_1_408' title='bbox 1155 3383 1271 3440; x_wconf 85' lang='lat' dir='ltr'><strong>petie</strong></span> <span class='ocrx_word' id='word_1_409' title='bbox 1292 3382 1531 3425; x_wconf 90' lang='lat' dir='ltr'><strong>communis</strong></span> <span class='ocrx_word' id='word_1_410' title='bbox 1551 3381 1661 3424; x_wconf 91' lang='lat' dir='ltr'><strong>mori</strong></span> <span class='ocrx_word' id='word_1_411' title='bbox 1691 3413 1701 3423; x_wconf 88' lang='lat'>.</span> <span class='ocrx_word' id='word_1_412' title='bbox 1734 3411 1746 3423; x_wconf 87' lang='lat'><strong>.</strong></span> <span class='ocrx_word' id='word_1_413' title='bbox 1777 3410 1790 3422; x_wconf 87' lang='lat'><strong>.</strong></span> <span class='ocrx_word' id='word_1_414' title='bbox 1820 3396 1918 3423; x_wconf 91' lang='lat' dir='ltr'><strong>cum</strong></span> <span class='ocrx_word' id='word_1_415' title='bbox 1938 3383 2212 3438; x_wconf 84' lang='lat' dir='ltr'><strong>pertinentiis</strong></span> <span class='ocrx_word' id='word_1_416' title='bbox 2242 3398 2402 3426; x_wconf 90' lang='lat' dir='ltr'><strong>memo-</strong></span> 
     </span>
    </p>
   </div>
  </div>
 </body>
</html>
