3008 3996
583 633 616 686 6
1144 635 1435 690 CARTAE
1479 635 1975 690 ORIGINALES.

583 820 701 869 sisse
724 822 980 871 venerabili
1006 822 1140 872 Patri
1165 823 1213 870 in
1239 823 1352 887 Xpo
1375 823 1410 869 J
1414 823 1588 872 ohanni
1613 823 1707 872 Dei
1729 824 1890 887 gracia
1914 823 2153 887 Episcopo
2178 824 2511 880 Brechenensi,

585 909 822 973 Capitulo,
846 914 895 958 et
921 910 1174 960 Canonicis
1199 910 1415 960 Ecclesie
1452 912 1627 960 Sancte
1652 911 1904 960 Trinitatis
1931 909 2024 959 loci
2049 910 2258 960 eiusdem
2281 915 2331 959 et
2355 928 2515 960 eorum

587 998 947 1048 Successoribus
980 1000 1325 1064 imperpetuum
1350 1001 1475 1064 quod
1503 1000 1730 1048 Habeant
1752 1002 1949 1047 teneant
1985 1002 2034 1047 et
2068 998 2342 1062 possideant
2365 1000 2515 1047 forum

586 1086 634 1134 in
670 1087 867 1136 ciuitate
904 1088 1223 1137 Brechenensi
1257 1088 1452 1151 singulis
1494 1088 1659 1137 diebus
1684 1087 1945 1143 dominicis,
1987 1087 2110 1136 sicut
2135 1087 2277 1136 dictis
2300 1087 2516 1136 Ecclesie

586 1179 636 1224 et
659 1175 914 1225 Canonicis
938 1192 1211 1226 concessum
1242 1181 1314 1226 est
1349 1193 1434 1241 per
1467 1193 1601 1239 reges
1638 1175 1804 1225 Scocie
1839 1176 2196 1239 predecessores
2230 1179 2432 1231 nostros,
2467 1179 2516 1223 et

586 1264 709 1313 sicut
731 1263 954 1314 libertate
990 1266 1107 1314 dicti
1142 1266 1231 1314 fori
1266 1265 1464 1329 plenius,
1500 1264 1706 1320 liberius,
1742 1268 1792 1312 et
1827 1264 2038 1327 quiecius
2071 1264 2142 1312 vsi
2175 1264 2364 1311 fuerunt
2399 1268 2517 1311 tem-

585 1369 698 1415 pore
734 1353 856 1401 bone
893 1354 1118 1402 memorie
1157 1353 1333 1401 domini
1372 1353 1635 1401 Alexandri
1659 1352 1782 1415 regis
1806 1351 1972 1400 Scocie
1996 1352 2343 1415 predecessoris
2366 1353 2515 1401 nostri

586 1440 752 1489 ultimo
789 1442 999 1490 defuncti
1036 1469 1048 1480 ·
1085 1442 1242 1497 Quare
1281 1441 1559 1489 mandamus
1594 1444 1644 1488 et
1681 1440 1880 1488 firmiter
1912 1439 2195 1503 precipimus
2224 1434 2516 1502 justiciariis,

586 1530 956 1587 vicecomitibus,
1003 1530 1254 1593 prepositis
1289 1534 1338 1577 et
1373 1545 1535 1577 eorum
1581 1528 1771 1576 balliuis
1816 1528 1937 1591 quod
1989 1528 2167 1576 dictum
2215 1528 2517 1592 Episcopum,

589 1617 860 1680 Capitulum
887 1622 936 1665 et
962 1617 1229 1666 Canonicos
1262 1633 1317 1665 ac
1350 1633 1511 1665 eorum
1538 1617 1845 1665 Successores
1881 1615 1930 1663 in
1964 1615 2184 1664 libertate
2207 1617 2298 1664 fori
2320 1617 2392 1665 sui
2415 1634 2520 1681 pre-

589 1706 705 1754 dicti
731 1706 853 1754 iuste
876 1710 1215 1754 manuteneant
1253 1710 1302 1753 et
1339 1705 1609 1759 defendant,
1647 1720 1741 1752 non
1764 1704 2083 1768 permittendo
2106 1721 2187 1753 eos
2210 1709 2377 1754 contra
2398 1706 2519 1754 hanc

587 1793 935 1842 concessionem
974 1797 1184 1842 nostram
1222 1798 1455 1857 quatenus
1492 1793 1540 1839 in
1581 1792 1650 1841 eis
1688 1793 1831 1841 fuerit
1872 1791 2170 1856 aliquatenus
2209 1794 2381 1843 iniuste
2416 1811 2521 1858 per-

585 1882 767 1930 turbari
806 1910 815 1919 ·
852 1883 912 1929 In
949 1882 1082 1930 cuius
1119 1882 1187 1929 rei
1222 1880 1546 1930 testimonium
1581 1881 1791 1944 presenti
1814 1881 2106 1929 concessioni
2130 1886 2290 1930 nostre
2314 1882 2517 1945 sigillum

586 1974 798 2019 nostrum
837 1970 1132 2034 precepimus
1169 1969 1342 2033 apponi
1380 1996 1390 2006 ·
1430 1967 1651 2016 Testibus
1689 1968 2033 2018 venerabilibus
2071 1969 2119 2016 in
2157 1970 2270 2034 Xpo
2307 1972 2520 2034 patribus

589 2057 789 2106 WiHmo
826 2086 837 2096 ·
876 2058 1075 2106 WiHmo
1115 2062 1165 2105 et
1203 2056 1370 2104 Hem-⁰·
1413 2056 1507 2103 Dei
1543 2056 1704 2118 gracia
1750 2056 1915 2104 Sancti
1957 2057 2162 2113 Andree,
2209 2057 2520 2108 Dunkeldefi:

589 2151 637 2195 et
663 2147 907 2196 Abirdoii:
934 2146 1256 2195 Ecclesiarum
1284 2146 1538 2210 Episcopis
1565 2173 1575 2183 ·
1602 2145 1835 2192 Duncano
1856 2144 2042 2193 Comite
2067 2146 2126 2193 de
2151 2145 2249 2208 Fyf
2280 2174 2290 2184 ·
2329 2147 2520 2196 Malisio

588 2235 761 2283 comite
785 2236 843 2283 de
881 2235 1106 2299 St⁸heryn
1145 2263 1155 2272 ·
1195 2234 1415 2282 Waltero
1449 2234 1545 2281 Seii
1571 2233 1737 2282 Scocie
1776 2261 1785 2271 ·
1823 2237 1872 2281 et
1901 2233 2055 2281 Aleio
2080 2228 2230 2282 FrasD
2253 2235 2523 2284 Camerario

590 2324 755 2372 Scocie
778 2323 1006 2371 militibus
1043 2351 1053 2360 ·
1093 2321 1239 2386 Apud
1265 2322 1468 2370 Soonam
1508 2350 1518 2360 ·
1555 2321 1739 2370 decimo
1778 2322 1854 2369 die
1891 2320 2012 2369 Julii
2051 2349 2062 2360 ·
2099 2323 2238 2370 Anno
2262 2324 2392 2386 regni
2416 2341 2524 2373 nos-

587 2414 651 2461 tri
675 2412 997 2462 sextodecimo
1033 2447 1043 2456 .

594 2613 742 2660 Carta
762 2613 987 2676 Episcopi
1009 2612 1214 2675 Philippi
1234 2626 1459 2659 concessa
1478 2610 1674 2658 Helisco
1699 2595 1879 2656 Falcoii
1903 2625 2044 2672 super
2066 2610 2207 2659 terris
2230 2611 2277 2657 in
2305 2611 2524 2662 Monross

594 2701 733 2749 unius
755 2701 899 2748 annui
924 2701 1137 2749 redditus
1163 2700 1296 2764 Epo:
1335 2699 1568 2746 Brechifi:

510 2859 566 2905 V.
607 2825 794 2904 Sciant
818 2859 1062 2920 presentes
1085 2858 1134 2902 et
1156 2855 1304 2902 futuri
1331 2854 1430 2902 Nos
1455 2853 1724 2917 Philippum
1743 2852 2048 2916 permissione
2071 2851 2231 2900 diuina
2254 2853 2523 2917 episcopum

597 2945 794 2994 ecclesie
814 2943 1161 2998 Brechinensis'‚
1183 2943 1365 2990 Habito
1382 2941 1629 3005 sollempni
1644 2940 1881 3004 frequenti
1895 2944 1945 2988 et
1960 2939 2174 3002 diligenti
2191 2944 2401 2989 tractatu
2416 2957 2521 2989 cum

598 3032 806 3097 capitulo
824 3035 1000 3087 nostro,
1020 3029 1228 3078 vtilitate
1247 3046 1337 3094 que
1357 3029 1556 3078 ecclesie
1575 3032 1734 3077 nostre
1752 3031 1964 3091 pensata,
1985 3028 2043 3075 de
2061 3027 2268 3075 unanimi
2293 3043 2521 3077 consensu

598 3122 807 3170 eiusdem
842 3118 1039 3182 capituli
1073 3118 1360 3167 concessisse
1395 3121 1445 3166 et
1479 3117 1542 3164 ad
1574 3116 1895 3164 feodofirmam
1933 3115 2190 3164 dimississe
2223 3131 2280 3163 ac
2312 3118 2520 3178 presenti

599 3214 734 3259 carta
755 3212 921 3257 nostra
955 3207 1254 3256 confirmasse
1292 3204 1490 3254 Helisco
1530 3204 1780 3273 Faucuner
1817 3202 2036 3266 burgensi
2071 3204 2129 3251 de
2172 3203 2367 3251 Monros
2405 3205 2522 3253 duas

600 3298 860 3362 perticatas
900 3299 949 3343 et
990 3294 1232 3342 dimidiam
1273 3293 1555 3357 perticatam
1588 3295 1715 3340 terre
1750 3306 1858 3339 cum
1891 3290 2195 3354 pertinenciis
2227 3291 2438 3340 iacentes
2471 3294 2519 3340 in

601 3388 749 3448 burgo
785 3386 844 3432 de
883 3384 1079 3432 Monros
1129 3398 1190 3429 ex
1240 3379 1458 3430 orientali
1500 3383 1636 3443 parte
1675 3379 1766 3428 vici
1805 3379 1895 3427 fori
1943 3378 2067 3428 inter
2115 3383 2290 3428 terram
2334 3379 2519 3428 Wiflmi
