3016 3958
1098 574 1394 629 OARTAE
1439 572 1945 630 ORIGINALES.
2406 570 2514 625 145

545 758 731 808 balliuis
757 762 875 810 meis
899 763 946 810 in
971 763 1060 811 hac
1085 769 1222 828 parte
1262 794 1271 803 ·
1312 793 1320 804 ·
1362 794 1371 803 ·
1409 766 1534 822 Quia
1571 766 1680 812 dedi
1716 768 1765 812 et
1801 763 2017 812 concessi
2048 760 2336 810 hereditarie
2362 776 2500 808 vene-

542 848 679 896 rabili
703 850 808 898 viro
832 853 1059 916 magistro
1079 856 1270 903 Andree
1291 855 1415 904 Liell
1440 855 1739 905 thesaurario
1765 853 2099 903 Aberdonensi
2123 869 2264 901 vnum
2289 867 2496 899 annuum

540 939 979 990 redditumdecem
1018 960 1284 994 marcarum
1323 945 1498 994 vsualis
1522 949 1712 994 monete
1751 973 1762 982 ·
1801 973 1811 982 -
1852 973 1861 982 ·
1899 945 1958 992 de
1985 944 2203 1006 Redmyr
2238 946 2287 990 et
2325 941 2492 997 Quhit-

538 1028 679 1093 riggis
715 1058 724 1068 ·
765 1060 774 1069 -
814 1061 825 1070 -
864 1033 1014 1082 Vobis
1068 1034 1212 1098 igitur
1250 1063 1259 1073 ·
1299 1063 1310 1073 ·
1349 1064 1359 1072 ·
1397 1035 1609 1099 precipio
1647 1062 1658 1074 ι
1700 1062 1709 1072 ·
1748 1063 1759 1072 -
1796 1037 2032 1098 quatenus
2079 1032 2211 1080 dicto
2258 1030 2490 1094 magistro

536 1119 727 1168 Andree
766 1150 775 1159 ·
815 1151 825 1159 ·
864 1150 876 1159 -
911 1123 1134 1172 saisinam
1173 1125 1512 1174 hereditariam
1548 1125 1701 1174 totius
1735 1128 1786 1173 et
1821 1123 1993 1186 integri
2024 1121 2142 1170 dicti
2166 1121 2310 1169 annui
2334 1120 2491 1168 reddi-

531 1212 611 1257 tus
649 1237 659 1247 ·
699 1237 708 1247 ·
748 1238 758 1247 ·
795 1211 1069 1262 deliberetis
1106 1241 1116 1250 ·
1156 1241 1166 1251 ·
1207 1242 1216 1251 ·
1256 1213 1442 1263 Datum
1481 1215 1567 1263 sub
1611 1212 1766 1277 sigillo
1806 1228 1913 1260 meo
1955 1212 2082 1275 apud
2125 1209 2378 1257 Aberdene
2420 1209 2486 1257 vi-

532 1299 707 1348 cesimo
746 1301 822 1348 die
860 1301 1109 1350 Februarii
1148 1319 1272 1350 anno
1311 1304 1520 1351 Domino
1556 1301 1808 1351 millesimo
1846 1298 2314 1365 quadringentesimo
2340 1313 2486 1347 nona-

527 1390 706 1451 gesimo
729 1391 933 1454 septimo
972 1420 981 1429 ·

527 1590 836 1642 Mortificatio
871 1596 904 1641 J
908 1596 1044 1643 acobi
1070 1599 1227 1660 quarti
1255 1597 1401 1660 Regis
1427 1598 1484 1644 de
1509 1595 1652 1644 terris
1677 1597 1735 1644 de
1763 1596 2006 1658 Redemyr
2030 1598 2080 1642 et
2107 1583 2428 1655 Quhiteriggis
2466 1620 2475 1629 ·

204 1740 492 1794 LXXXIV.
525 1717 767 1805 Jacobus
793 1750 886 1799 Dei
909 1752 1064 1814 gratia
1090 1753 1202 1801 Rex
1236 1754 1511 1802 Scottorum
1552 1780 1562 1790 ·
1603 1780 1612 1790 ·
1652 1780 1662 1789 -
1701 1751 1877 1800 Sciatis
1901 1766 1988 1800 nos
2012 1751 2264 1814 quamdam
2290 1752 2472 1797 cartam

516 1838 679 1887 dilecti
727 1839 888 1889 clerici
929 1842 1080 1891 nostri
1130 1843 1352 1906 Magistri
1392 1843 1586 1890 Andree
1631 1841 1755 1890 Liell
1794 1840 2083 1890 thesaurarii
2126 1838 2471 1887 Abirdonensis

512 1929 689 1977 factam
715 1935 880 1978 sancte
904 1936 953 1979 et
978 1930 1221 1980 indiuiduo
1255 1932 1482 1980 Trinitati
1507 1947 1564 1979 ac
1589 1930 1850 1995 capellanis
1879 1929 2102 1978 choristis
2126 1933 2176 1977 et
2201 1928 2470 1986 communia

511 2019 849 2083 recipientibus
891 2022 939 2069 in
974 2023 1119 2071 choro
1143 2022 1343 2072 ecclesie
1369 2022 1659 2072 cathedralis
1683 2020 2018 2069 Brechinensis
2055 2047 2066 2057 ·
2105 2047 2116 2058 -
2156 2047 2166 2057 ·
2202 2034 2288 2083 pro
2312 2017 2466 2066 salute

509 2110 772 2159 animarum
806 2111 1212 2176 infrascriptarum
1253 2141 1262 2151 -
1303 2141 1313 2150 ·
1353 2141 1363 2150 ·
1400 2111 1694 2160 intellexisse
1732 2112 1819 2160 sub
1858 2111 1948 2158 hac
1993 2110 2146 2157 forma
2184 2137 2194 2146 ·
2232 2108 2464 2156 Omnibus

512 2228 522 2238 ·
562 2228 571 2237 ·
610 2227 621 2239 ·
661 2201 894 2263 Magister
935 2202 1160 2251 Andreas
1199 2202 1323 2250 Liell
1358 2202 1684 2251 thesaurarius
1720 2199 2071 2249 Abirdonensis
2099 2198 2314 2247 Salutem
2354 2226 2364 2235 ·
2403 2226 2414 2236 ·
2453 2226 2462 2235 ·

511 2290 754 2340 Noueritis
777 2307 852 2339 me
877 2291 925 2339 iu
949 2290 1136 2340 laudem
1162 2296 1327 2341 sancte
1363 2296 1413 2339 et
1448 2291 1692 2352 indiuiduo
1718 2290 1969 2338 Trinitatis
1992 2304 2079 2353 pro
2102 2288 2257 2338 salute
2281 2288 2462 2337 anima-

508 2396 610 2427 rum
652 2380 1039 2432 excellentissimi
1081 2381 1307 2445 principis
1349 2382 1586 2445 quondam
1628 2380 1663 2428 J
1666 2380 1804 2428 acobi
1845 2379 1979 2427 tertii
2015 2378 2266 2427 Scotorum
2310 2377 2458 2441 Regis

507 2468 813 2518 illustrissimi
851 2474 901 2518 et
943 2471 1216 2533 Margarete
1257 2472 1440 2534 Regine
1479 2470 1642 2519 Scotie
1667 2469 1901 2518 consortis
1926 2484 2010 2518 sue
2050 2472 2100 2516 et
2138 2467 2457 2531 prosperitate

507 2559 882 2608 metuendissimi
918 2560 1113 2607 Domini
1148 2561 1299 2609 nostri
1326 2560 1473 2623 Regis
1498 2559 1710 2608 moderni
1733 2559 1767 2606 J
1770 2559 1906 2607 acobi
1933 2558 2091 2622 quarti
2118 2557 2267 2620 Regis
2291 2557 2459 2606 Scoto-

510 2665 612 2696 rum
649 2653 1002 2698 antecessorum
1042 2653 1091 2697 et
1133 2665 1457 2698 successorum
1499 2665 1690 2698 suorum
1729 2676 1739 2686 ·
1777 2648 1873 2696 Pro
1907 2647 2155 2711 saluteque
2195 2647 2457 2695 animarum

509 2739 660 2801 patris
699 2738 792 2786 mei
833 2742 883 2786 et
923 2739 1090 2787 matris
1130 2754 1234 2786 mee
1277 2739 1485 2786 omnium
1525 2737 1734 2786 fidelium
1771 2738 2101 2786 defunctorum
2143 2741 2192 2785 et
2233 2738 2455 2801 precipue

507 2844 667 2876 eorum
693 2828 903 2876 omnium
926 2828 1096 2892 quibus
1121 2843 1354 2892 uncquam
1380 2827 1567 2875 debitor
1600 2827 1668 2874 fui
1708 2831 1757 2875 et
1796 2843 1942 2891 penes
1967 2842 2085 2891 quos
2108 2826 2382 2890 aliqualiter
2404 2828 2454 2875 in

506 2919 596 2966 hoc
621 2918 796 2966 mundo
835 2917 1012 2981 deliqui
1050 2921 1132 2966 aut
1173 2919 1230 2965 de
1269 2933 1431 2965 eorum
1469 2917 1605 2965 bonis
1643 2917 2050 2980 qualitercumque
2086 2916 2229 2967 habui
2266 2917 2452 2966 dedisse

510 3036 519 3045 ·
560 3036 568 3044 -
610 3035 619 3045 ·
657 3007 784 3055 dicte
819 3011 983 3056 sancte
1022 3012 1071 3055 et
1109 3007 1353 3054 indiuidue
1393 3006 1619 3054 Trinitati
1643 3021 1700 3054 ac
1724 3005 1983 3070 capellanis
2006 3005 2228 3054 choristis
2252 3010 2301 3054 et
2325 3022 2451 3055 com-

506 3097 669 3145 munia
714 3096 1052 3160 recipientibus
1093 3091 1149 3144 in*
1187 3096 1331 3144 choro
1378 3095 1578 3144 ecclesie
1626 3095 1914 3144 cathedralis
1962 3095 2298 3145 Brechinensis
2335 3124 2346 3134 ·
2387 3125 2397 3134 ·
2436 3125 2446 3134 ·

507 3202 712 3233 annuum
737 3187 974 3234 redditum
1010 3187 1173 3234 decem
1209 3201 1474 3233 marcarum
1499 3185 1674 3234 vsualis
1708 3189 1898 3234 monete
1930 3185 2085 3249 Regni
2124 3213 2134 3223 ·
2173 3213 2183 3224 ·
2223 3214 2233 3224 ·
2269 3202 2448 3235 annua-

507 3279 594 3322 tim
632 3303 641 3313 ·
682 3304 691 3313 ·
733 3303 742 3313 ·
780 3275 1032 3323 leuandum
1073 3275 1134 3323 ad
1176 3276 1293 3322 duos
1333 3274 1445 3322 anni
1485 3274 1716 3323 terminos
1757 3274 1943 3324 vsuales
1981 3304 1991 3313 ·
2031 3304 2040 3313 ·
2081 3304 2090 3312 ·
2127 3291 2212 3338 per
2254 3275 2447 3339 equales

1466 3370 1483 3410 t
