3016 3958
568 645 674 698 112
1150 645 1441 700 OARTAE
1487 645 1987 700 ORIGINALES.

569 862 579 871 ·
607 861 629 872 -·
669 861 678 870 ·
715 837 930 881 tenorem
967 838 1099 881 carte
1137 850 1222 897 per
1261 834 1438 882 dictum
1483 834 1746 882 Robertum
1783 835 1982 898 prefatis
2017 833 2275 899 capellanis
2311 836 2517 899 desuper

568 923 782 970 confecto
820 949 832 961 ·
870 950 881 960 -
921 950 930 960 ·
969 922 1044 969 De
1070 927 1119 970 et
1143 938 1285 985 super
1310 922 1479 986 quibus
1518 951 1527 960 ·
1567 950 1577 960 ·
1618 950 1628 960 ·
1665 923 1822 971 dictus
1860 923 2078 971 dominus
2103 923 2362 971 Nicholaus
2385 939 2415 971 a
2439 939 2514 970 me

567 1011 755 1058 notario
793 1039 803 1050 ·
843 1039 853 1049 ·
893 1039 903 1048 ·
940 1011 1081 1074 petiit
1120 1039 1129 1048 ·
1168 1038 1177 1047 ·
1219 1040 1229 1048 ·
1266 1011 1583 1059 instrumenta
1619 1039 1629 1049 ·
1670 1011 1800 1059 Acta
1835 1012 2026 1060 fuerunt
2061 1013 2150 1060 hec
2185 1016 2296 1060 ante
2331 1016 2515 1076 portam

571 1100 687 1147 dicti
725 1099 987 1147 tenementi
1035 1100 1152 1147 hora
1194 1100 1329 1163 quasi
1375 1099 1580 1163 septima
1625 1104 1734 1163 post
1781 1100 2025 1148 meridiem
2063 1129 2074 1138 ·
2113 1129 2123 1137 ·
2164 1129 2173 1138 ·
2212 1100 2517 1148 Presentibus

575 1189 788 1236 Roberto
828 1187 1012 1236 Litstar
1051 1187 1296 1235 Willelmo
1336 1187 1712 1252 Strathauquhin
1752 1193 1800 1236 et
1835 1188 1868 1235 J
1873 1189 2057 1236 ohanne
2094 1187 2298 1236 Sadiller
2334 1188 2518 1236 ciuibus

574 1277 702 1325 dicte
726 1277 944 1325 ciuitatis
981 1305 990 1314 -
1030 1305 1040 1314 ·
1081 1304 1090 1313 ·

644 1367 708 1413 Et
750 1382 837 1428 ego
877 1366 1114 1414 Patricius
1155 1366 1383 1413 Massoun
1416 1365 1651 1428 presbiter
1687 1365 2022 1413 Brechinensis
2056 1365 2270 1413 dioecesis
2304 1365 2520 1428 publicus

576 1455 862 1503 auctoritate
887 1453 1120 1517 imperiali
1145 1453 1359 1502 notarius
1383 1453 1495 1517 quia
1531 1481 1540 1491 ·
1586 1482 1595 1491 ·
1635 1482 1645 1491 ·

578 1655 724 1704 Carta
751 1656 951 1703 Roberti
977 1654 1217 1702 Thoulace
1243 1669 1329 1717 pro
1364 1669 1415 1701 se
1452 1658 1500 1700 et
1535 1654 1568 1700 J
1573 1654 1757 1701 ohanne
1785 1653 2047 1717 Dempstar
2069 1670 2210 1717 super
2232 1671 2388 1702 annuo
2413 1655 2516 1701 red-

577 1745 679 1792 ditu
718 1773 727 1782 ·

386 1902 552 1950 LXII.
588 1869 860 1949 Omnibus
899 1899 1021 1946 hanc
1062 1902 1243 1946 cartam
1285 1896 1454 1945 visuris
1494 1896 1569 1943 vel
1609 1897 1842 1945 audituris
1880 1896 2121 1946 Robertus
2170 1899 2228 1945 de
2277 1898 2516 1946 Thoulace

576 1989 695 2036 ciuis
744 1987 1078 2035 Brechinensis
1133 1985 1344 2033 Salutem
1386 2014 1395 2022 -
1435 2013 1444 2022 ·
1484 2013 1493 2022 ·
1534 1985 1775 2033 Noueritis
1819 2001 1894 2032 me
1937 2013 1947 2022 -
1986 2013 1995 2022 ·
2035 2013 2045 2023 ·
2081 1986 2368 2034 concessisse
2406 2015 2417 2023 -
2456 2016 2465 2025 ·
2505 2016 2515 2024 ·

578 2078 684 2126 Deo
709 2076 1021 2140 omnipotenti
1055 2075 1327 2123 beatissime
1351 2073 1519 2137 virgini
1556 2073 1712 2120 Marie
1742 2078 1791 2122 et
1827 2074 2042 2122 omnibus
2065 2075 2243 2123 sanctis
2277 2079 2326 2123 et
2362 2075 2517 2139 capel-

575 2167 696 2214 lanis
735 2166 865 2213 chori
903 2164 1101 2212 ecclesie
1137 2162 1425 2211 cathedralis
1461 2162 1796 2210 Brechinensis
1831 2190 1842 2200 ·
1882 2190 1892 2200 ·
1931 2191 1940 2201 ·
1978 2167 2027 2211 et
2050 2164 2148 2212 suis
2171 2165 2520 2213 successoribus

579 2282 590 2294 ·
629 2283 639 2292 ·
679 2282 689 2291 -
725 2270 811 2317 pro
837 2253 990 2302 salute
1014 2252 1169 2299 anime
1194 2267 1297 2298 mee
1322 2251 1570 2313 animeque
1596 2251 1868 2313 Margarete
1899 2267 2069 2315 sponse
2106 2269 2210 2300 mee
2247 2269 2304 2301 ac
2340 2254 2518 2301 anima-

579 2325 681 2390 ruin
717 2343 868 2406 patris
902 2342 993 2388 mei
1031 2345 1080 2388 et
1116 2340 1281 2388 matris
1319 2355 1421 2387 mee
1459 2355 1642 2387 necnon
1677 2344 1726 2387 et
1761 2357 1846 2403 pro
1884 2341 2043 2388 anima
2068 2341 2303 2390 Nicholaii
2328 2342 2516 2405 Howye

580 2433 814 2495 quondam
839 2431 958 2478 ciuis
984 2429 1319 2477 Brechinensis
1353 2429 1402 2475 in
1437 2445 1601 2491 puram
1638 2433 1688 2476 et
1722 2434 1999 2492 perpetuam
2038 2429 2341 2478 elemosinam
2371 2447 2514 2478 unum

579 2537 784 2568 annuum
826 2519 1061 2567 redditum
1106 2519 1268 2581 viginti
1310 2519 1396 2566 sex
1443 2517 1698 2566 solidorum
1747 2522 1796 2565 et
1843 2522 1954 2566 octo
2000 2519 2295 2567 denariorum
2343 2519 2518 2568 vsualis

581 2613 768 2656 monete
809 2608 962 2671 Regni
1000 2607 1161 2655 Scotie
1199 2607 1257 2653 de
1294 2609 1400 2654 toto
1437 2609 1487 2653 et
1521 2605 1705 2667 integro
1739 2622 1846 2653 meo
1880 2610 2153 2655 tenemento
2181 2607 2373 2669 jacente
2397 2608 2519 2655 infra

581 2698 825 2745 ciuitatem
864 2696 1231 2743 Brechinensem
1271 2711 1333 2741 ex
1371 2698 1506 2757 parte
1545 2693 1765 2742 orientali
1807 2696 1963 2757 magni
2005 2695 2095 2743 vici
2138 2696 2346 2744 eiusdem
2393 2697 2518 2744 inter

478 2783 484 2789 ’
580 2792 734 2854 terras
760 2784 987 2832 Malcomi
1012 2783 1199 2832 Guthre
1223 2799 1284 2830 ex
1309 2786 1444 2846 parte
1468 2781 1650 2830 boreali
1674 2799 1736 2830 ex
1759 2787 1895 2846 parte
1919 2799 2014 2831 una
2047 2788 2097 2831 et
2131 2784 2164 2830 J
2169 2785 2366 2833 ohannis
2390 2784 2518 2833 Scall

582 2892 643 2922 ex
681 2877 816 2937 parte
853 2871 1050 2921 australi
1087 2888 1150 2918 ex
1186 2870 1340 2918 altera
1375 2870 1589 2934 partibus
1626 2886 1807 2918 necnon
1843 2874 1893 2918 et
1928 2872 1987 2918 de
2021 2887 2134 2919 acra
2166 2875 2292 2920 terre
2327 2873 2519 2923 arabilis

584 2963 734 3009 eidem
765 2964 1037 3009 tenemento
1061 2959 1323 3008 adiacentis
1362 2962 1412 3006 et
1447 2959 1507 3006 ab
1543 2958 1740 3021 antiquo
1763 2959 2047 3022 pertinentis
2085 2987 2095 2998 ·
2135 2988 2145 2998 ·
2184 2988 2194 2998 ·
2230 2976 2335 3008 cum
2375 2963 2519 3025 perti-

585 3049 758 3097 nentiis
776 3049 966 3110 jacente
991 3048 1116 3095 inter
1138 3063 1296 3095 acram
1319 3047 1354 3094 J
1356 3046 1493 3094 acobi
1518 3045 1763 3094 Tailzoure
1799 3063 1860 3094 ex
1895 3051 2032 3110 parte
2057 3047 2275 3096 orientali
2298 3066 2359 3096 ex
2384 3055 2519 3112 parte

588 3154 680 3186 una
717 3141 766 3185 et
803 3151 959 3183 acram
1000 3136 1178 3183 Thome
1218 3134 1361 3183 Alani
1399 3151 1459 3182 ex
1497 3137 1632 3198 parte
1671 3133 1955 3182 occidentali
1993 3151 2055 3182 ex
2093 3140 2228 3199 parte
2266 3136 2419 3185 altera
2458 3140 2518 3186 ad

589 3228 706 3274 duos
739 3224 851 3272 anni
885 3224 1111 3272 terminos
1135 3222 1325 3272 usuales
1362 3251 1372 3260 ·
1411 3250 1422 3260 ·
1461 3250 1472 3260 ·
1507 3221 1751 3269 annuatim
1779 3220 2031 3270 leuandum
2069 3251 2079 3260 ·
2119 3250 2130 3262 ·
2168 3252 2178 3262 ·
2217 3225 2282 3273 Et
2306 3226 2416 3287 quia
2439 3227 2521 3274 ho-

590 3313 814 3363 norabilis
855 3312 926 3360 vir
966 3312 999 3358 J
1003 3312 1212 3360 ohannes
1259 3312 1520 3375 Dempstar
1560 3310 1618 3357 de
1661 3309 1898 3358 Ochtirles
1945 3326 2081 3359 vnam
2127 3328 2333 3360 marcam
2380 3316 2522 3362 annui
