3016 3958
462 648 574 702 212
1009 648 1302 704 OARTAE
1347 648 1849 704 ORIGINALES.

464 838 565 885 fato
605 838 873 887 molendino
915 839 1287 887 necessariarum
1330 854 1388 887 ac
1429 855 1537 886 cum
1580 838 1816 887 communi
1858 842 2055 902 pastura
2093 866 2102 876 -
2141 838 2406 886 Reddendo

466 943 693 976 summam
735 932 938 992 quatuor
978 944 1239 976 mercarum
1280 929 1422 976 trium
1472 928 1729 978 solidorum
1771 932 1820 976 et
1862 932 2068 992 quatuor
2108 927 2406 976 denariorum

103 1910 449 1959 CXXXVIII.

467 1022 685 1065 monetae
710 1017 901 1066 Scotiae
924 1022 1152 1081 tanquam
1177 1034 1264 1082 pro
1288 1019 1423 1066 firma
1457 1018 1655 1082 antiqua
1678 1018 1809 1081 prius
1831 1017 1950 1066 solvi
1975 1016 2130 1072 solita,
2153 1031 2335 1064 necnon
2359 1016 2408 1063 in

468 1107 898 1169 augmentationem
940 1107 1135 1156 tentalis
1183 1108 1299 1156 dicti
1346 1107 1557 1171 episcopi
1599 1123 1831 1155 summam
1871 1107 2016 1154 trium
2063 1105 2318 1154 solidorum
2360 1109 2409 1152 et

470 1199 672 1259 quatuor
696 1196 992 1243 denariorum
1019 1200 1239 1244 monetae
1263 1196 1538 1260 praedictae
1575 1198 1636 1243 ad
1675 1197 1793 1244 duos
1829 1195 1941 1243 anni
1965 1195 2193 1243 terminos
2231 1223 2241 1232 ·
2279 1194 2412 1242 Data

470 1285 556 1333 sub
582 1283 738 1347 sigillo
763 1285 967 1332 rotundo
991 1285 1108 1332 dicti
1133 1285 1343 1349 episcopi
1370 1301 1573 1333 unacum
1597 1284 1752 1347 sigillo
1777 1283 1974 1348 capituli
1998 1284 2071 1332 sui
2107 1287 2156 1332 et
2181 1282 2410 1331 ecclesiae

472 1373 807 1421 Brechinensis
829 1389 1083 1437 eorumque
1102 1374 1528 1437 subscriptionibus
1553 1373 1849 1423 manualibus
1866 1374 1991 1437 apud
2018 1372 2225 1421 Brechin
2252 1388 2411 1421 coram

471 1463 546 1510 his
578 1462 784 1510 testibus
817 1462 1005 1510 Jacobo
1030 1461 1278 1526 Campbell
1317 1464 1375 1510 de
1402 1462 1658 1526 Arkinglas
1691 1463 1724 1509 J
1730 1479 1882 1511 oanne
1908 1464 2062 1511 Butar
2103 1463 2160 1510 de
2201 1462 2412 1511 Gormok

472 1551 506 1598 J
510 1567 661 1599 oanne
688 1550 908 1599 Steward
936 1551 1150 1600 Roberto
1175 1552 1392 1600 Steward
1419 1556 1467 1600 et
1492 1552 1718 1615 magistro
1740 1552 1775 1598 J
1779 1568 1930 1600 oanne
1958 1552 2148 1600 Hutton
2185 1552 2243 1598 de
2281 1551 2414 1599 Estir

475 1640 734 1689 Belleleisk
758 1656 865 1688 cum
890 1640 1087 1690 diversis
1111 1640 1218 1690 aliis
1255 1669 1266 1680 ·
1305 1641 1369 1687 14
1394 1641 1428 1688 J
1431 1640 1616 1689 anuarii
1644 1641 1774 1689 1566
1814 1669 1824 1678 ·

488 1875 672 1955 Carta
710 1908 1000 1956 feodifirmae
1047 1924 1273 1957 concessa
1308 1926 1394 1973 per
1428 1910 1630 1957 eundem
1672 1909 1998 1957 Alexandrum
2048 1885 2414 1955 Erechinensem

479 1996 748 2060 episcopum
774 2013 878 2045 cum
905 2013 1137 2047 consensu
1161 1998 1357 2062 capituli
1382 1999 1454 2047 sui
1480 1998 1705 2060 magistro
1723 1997 1757 2044 J
1762 1997 1904 2045 oanni
1931 1997 2144 2045 Hwtoun
2170 1997 2230 2044 de
2255 1995 2417 2044 Eister

480 2084 736 2134 Belleleisk
760 2086 858 2134 suis
891 2086 1174 2135 haeredibus
1210 2092 1258 2135 et
1294 2087 1548 2150 assignatis
1584 2086 1711 2135 illius
1746 2091 1910 2135 vastae
1946 2086 2104 2150 petiae
2127 2089 2284 2133 terrae
2309 2100 2415 2132 cum

474 2173 777 2235 pertinentiis
793 2175 1002 2236 jacentis
1021 2175 1144 2223 infra
1162 2176 1418 2224 Civitatem
1446 2176 1814 2224 Brechinensem
1841 2176 1966 2223 inter
1988 2191 2205 2238 magnam
2230 2178 2417 2238 portam

470 2262 607 2325 vulgo
647 2279 707 2325 ye
749 2264 988 2327 bischopis
1027 2265 1121 2327 grit
1161 2269 1259 2313 zett
1300 2281 1363 2313 ex
1404 2256 1691 2313 occidentali
1731 2264 1883 2312 latere
1922 2264 2186 2312 tenementi
2225 2264 2415 2311 domino

472 2350 715 2399 Willelmo
741 2353 902 2400 Broun
927 2353 1212 2416 pertinentis
1236 2370 1298 2401 ex
1321 2353 1541 2406 orientali
1579 2352 1825 2401 Publicam
1850 2352 1976 2400 viam
2002 2352 2160 2400 dictae
2191 2352 2414 2401 Civitatis

468 2457 530 2487 cx
556 2440 734 2488 boreali
760 2458 961 2489 unacum
987 2444 1139 2490 cauda
1162 2443 1316 2490 eidem
1342 2446 1506 2491 vastae
1530 2441 1688 2506 petiae
1712 2445 1870 2489 terrae
1893 2441 2143 2502 adiacente
2180 2442 2239 2488 de
2275 2441 2414 2488 unica

467 2529 720 2577 latitudine
747 2534 877 2578 recte
914 2535 962 2578 et
998 2530 1236 2579 linealiter
1271 2532 1589 2580 descendente
1614 2531 1675 2578 ad
1701 2515 1884 2577 murum
1920 2530 2046 2578 horti
2075 2529 2213 2593 vulgo
2235 2545 2414 2578 nuncu-

466 2618 566 2681 pati
591 2618 672 2666 the
697 2619 935 2682 bischopis
953 2620 1087 2683 neyir
1102 2621 1242 2667 zarde
1263 2620 1388 2683 dyke
1413 2636 1475 2667 ex
1499 2607 1699 2668 australi
1719 2618 1936 2682 partibus
1956 2633 2061 2666 cum
2081 2619 2412 2682 pertinentiis;

466 2709 699 2755 tenendae
735 2708 783 2754 in
819 2708 1101 2772 emphiteosi
1137 2713 1186 2756 et
1222 2709 1520 2756 haereditate
1555 2708 1904 2771 imperpetuum
1943 2735 1953 2744 ·
1994 2706 2259 2755 Reddendo
2286 2722 2411 2756 sum-

467 2813 589 2842 mam
614 2812 699 2843 sex
724 2795 981 2844 solidorum
1017 2801 1066 2845 et
1102 2801 1212 2845 octo
1248 2797 1547 2845 denariorum
1584 2799 1805 2845 monetae
1835 2796 2026 2844 Scotiae
2051 2795 2238 2843 nomine
2262 2796 2410 2844 feodi-

466 2884 624 2931 flrmae
677 2885 736 2931 ad
788 2885 905 2933 duos
946 2886 1058 2933 anni
1103 2887 1343 2940 terminos,
1385 2901 1570 2933 necnon
1616 2885 1845 2933 haeredes
1894 2883 2179 2948 duplicando
2227 2884 2404 2932 dictam

466 2973 771 3020 feodiflrmam
823 2974 973 3036 primo
1014 2991 1138 3022 anno
1185 2991 1345 3023 eorum
1390 2974 1613 3023 introitus
1652 3002 1662 3012 ·
1699 2972 1832 3021 Data
1877 2973 1964 3022 sub
2011 2972 2164 3035 sigillo
2205 2975 2407 3021 rotundo

468 3061 584 3108 dicti
610 3062 818 3124 episcopi
856 3079 1053 3110 unacum
1091 3063 1514 3127 subscriptionibus
1547 3061 1844 3110 manualibus
1883 3061 2128 3125 sigilloque
2172 3064 2406 3110 communi

468 3149 583 3196 dicti
619 3149 813 3212 capituli
847 3153 971 3213 apud
1009 3152 1186 3200 dictam
1223 3152 1479 3200 Civitatem
1506 3150 1874 3199 Brechinensem
1900 3166 2059 3198 coram
2095 3150 2169 3198 his
2203 3151 2406 3200 testibus

466 3238 704 3300 magistris
726 3239 915 3286 Joanne
935 3239 1063 3288 Wod
1089 3242 1271 3289 Thoma
1291 3240 1638 3304 Balquhannan
1659 3238 1873 3287 Roberto
1893 3238 2119 3288 Flescher
2141 3243 2190 3286 et
2213 3240 2247 3286 J
2251 3240 2399 3288 acobo

429 3313 431 3315 ⁵
468 3326 701 3375 Cuthbert
726 3342 831 3374 cum
857 3327 1053 3377 diversis
1076 3328 1183 3377 aliis
1221 3357 1230 3367 ·
1270 3331 1331 3377 16
1356 3329 1388 3375 J
1394 3327 1577 3376 anuarii
1605 3327 1733 3375 1566
1772 3354 1781 3364 ·
