<?xml version="1.0" encoding="UTF-8"?>
<!DOCTYPE html PUBLIC "-//W3C//DTD XHTML 1.0 Transitional//EN"
    "http://www.w3.org/TR/xhtml1/DTD/xhtml1-transitional.dtd">
<html xmlns="http://www.w3.org/1999/xhtml" xml:lang="en" lang="en">
 <head>
  <title>
</title>
<meta http-equiv="Content-Type" content="text/html;charset=utf-8" />
  <meta name='ocr-system' content='tesseract 3.04.00' />
  <meta name='ocr-capabilities' content='ocr_page ocr_carea ocr_par ocr_line ocrx_word'/>
</head>
<body>
  <div class='ocr_page' id='page_1' title='image "./registrumepiscop02brecuoft_0339.png"; bbox 0 0 3016 3958; ppageno 0'>
   <div class='ocr_carea' id='block_1_1' title="bbox 989 564 2458 626">
    <p class='ocr_par' dir='ltr' id='par_1_1' title="bbox 989 564 2458 626">
     <span class='ocr_line' id='line_1_1' title="bbox 989 564 2458 626; baseline 0.004 -6"><span class='ocrx_word' id='word_1_1' title='bbox 989 564 1309 621; x_wconf 81' lang='lat' dir='ltr'><strong>OARTAE</strong></span> <span class='ocrx_word' id='word_1_2' title='bbox 1351 566 1977 624; x_wconf 81' lang='lat' dir='ltr'>MISOELLANEAE.</span> <span class='ocrx_word' id='word_1_3' title='bbox 2347 572 2458 626; x_wconf 85' lang='lat'>325</span> 
     </span>
    </p>
   </div>
   <div class='ocr_carea' id='block_1_2' title="bbox 509 822 2041 885">
    <p class='ocr_par' dir='ltr' id='par_1_2' title="bbox 509 822 2041 885">
     <span class='ocr_line' id='line_1_2' title="bbox 509 822 2041 885; baseline 0.003 -20"><span class='ocrx_word' id='word_1_4' title='bbox 509 822 642 865; x_wconf 79' lang='lat' dir='ltr'>Carta</span> <span class='ocrx_word' id='word_1_5' title='bbox 664 825 1005 867; x_wconf 87' lang='lat' dir='ltr'>confirmationis</span> <span class='ocrx_word' id='word_1_6' title='bbox 1027 826 1233 882; x_wconf 75' lang='lat' dir='ltr'>Magistri</span> <span class='ocrx_word' id='word_1_7' title='bbox 1255 826 1400 869; x_wconf 86' lang='lat' dir='ltr'>Dauid</span> <span class='ocrx_word' id='word_1_8' title='bbox 1423 827 1635 885; x_wconf 83' lang='lat' dir='ltr'>Oarnegie</span> <span class='ocrx_word' id='word_1_9' title='bbox 1657 829 1709 870; x_wconf 87' lang='lat' dir='ltr'>de</span> <span class='ocrx_word' id='word_1_10' title='bbox 1732 828 1938 885; x_wconf 87' lang='lat' dir='ltr'>Colluthy</span> <span class='ocrx_word' id='word_1_11' title='bbox 1959 832 2041 872; x_wconf 82' lang='lat' dir='ltr'>etc.</span> 
     </span>
    </p>
   </div>
   <div class='ocr_carea' id='block_1_3' title="bbox 159 971 2456 1442">
    <p class='ocr_par' dir='ltr' id='par_1_3' title="bbox 159 971 2456 1442">
     <span class='ocr_line' id='line_1_3' title="bbox 159 971 2454 1047; baseline 0.005 -26"><span class='ocrx_word' id='word_1_12' title='bbox 159 981 479 1025; x_wconf 74' lang='lat' dir='ltr'><strong>COLXXXH.</strong></span> <span class='ocrx_word' id='word_1_13' title='bbox 504 971 708 1028; x_wconf 79' lang='lat' dir='ltr'>Jacobus</span> <span class='ocrx_word' id='word_1_14' title='bbox 739 986 821 1029; x_wconf 91' lang='lat' dir='ltr'>Dei</span> <span class='ocrx_word' id='word_1_15' title='bbox 849 988 994 1043; x_wconf 86' lang='lat' dir='ltr'>gratia</span> <span class='ocrx_word' id='word_1_16' title='bbox 1015 1002 1092 1030; x_wconf 85' lang='lat' dir='ltr'>rex</span> <span class='ocrx_word' id='word_1_17' title='bbox 1117 988 1344 1031; x_wconf 85' lang='lat' dir='ltr'>Scotorum</span> <span class='ocrx_word' id='word_1_18' title='bbox 1372 989 1584 1032; x_wconf 78' lang='lat' dir='ltr'><strong>Omnibus</strong></span> <span class='ocrx_word' id='word_1_19' title='bbox 1617 1023 1625 1032; x_wconf 96' lang='lat'><strong>.</strong></span> <span class='ocrx_word' id='word_1_20' title='bbox 1660 1023 1669 1033; x_wconf 93' lang='lat'><strong>.</strong></span> <span class='ocrx_word' id='word_1_21' title='bbox 1701 1021 1710 1032; x_wconf 91' lang='lat'><strong>.</strong></span> <span class='ocrx_word' id='word_1_22' title='bbox 1746 991 1931 1034; x_wconf 90' lang='lat' dir='ltr'>salutem</span> <span class='ocrx_word' id='word_1_23' title='bbox 1956 991 2114 1033; x_wconf 81' lang='lat' dir='ltr'>Sciatis</span> <span class='ocrx_word' id='word_1_24' title='bbox 2136 1005 2216 1033; x_wconf 91' lang='lat' dir='ltr'>nos</span> <span class='ocrx_word' id='word_1_25' title='bbox 2238 990 2454 1047; x_wconf 91' lang='lat' dir='ltr'>quandam</span> 
     </span>
     <span class='ocr_line' id='line_1_4' title="bbox 504 1067 2456 1126; baseline 0.002 -19"><span class='ocrx_word' id='word_1_26' title='bbox 504 1069 670 1108; x_wconf 84' lang='lat' dir='ltr'>cartam</span> <span class='ocrx_word' id='word_1_27' title='bbox 704 1099 713 1109; x_wconf 93' lang='lat'><strong>.</strong></span> <span class='ocrx_word' id='word_1_28' title='bbox 747 1100 757 1109; x_wconf 91' lang='lat'><strong><em>.</em></strong></span> <span class='ocrx_word' id='word_1_29' title='bbox 793 1098 803 1108; x_wconf 91' lang='lat'><strong>.</strong></span> <span class='ocrx_word' id='word_1_30' title='bbox 834 1067 1104 1110; x_wconf 84' lang='lat' dir='ltr'>intellexisse</span> <span class='ocrx_word' id='word_1_31' title='bbox 1146 1069 1226 1110; x_wconf 89' lang='lat' dir='ltr'>sub</span> <span class='ocrx_word' id='word_1_32' title='bbox 1266 1069 1348 1110; x_wconf 89' lang='lat' dir='ltr'>hac</span> <span class='ocrx_word' id='word_1_33' title='bbox 1388 1069 1529 1111; x_wconf 86' lang='lat' dir='ltr'>forma</span> <span class='ocrx_word' id='word_1_34' title='bbox 1562 1099 1572 1111; x_wconf 89' lang='lat'>.</span> <span class='ocrx_word' id='word_1_35' title='bbox 1606 1069 1816 1112; x_wconf 86' lang='lat' dir='ltr'><strong>Omnibus</strong></span> <span class='ocrx_word' id='word_1_36' title='bbox 1849 1100 1859 1111; x_wconf 89' lang='lat'><strong>.</strong></span> <span class='ocrx_word' id='word_1_37' title='bbox 1895 1103 1904 1112; x_wconf 89' lang='lat'><strong>.</strong></span> <span class='ocrx_word' id='word_1_38' title='bbox 1936 1103 1945 1113; x_wconf 88' lang='lat'>.</span> <span class='ocrx_word' id='word_1_39' title='bbox 1980 1070 2197 1126; x_wconf 80' lang='lat' dir='ltr'>Magister</span> <span class='ocrx_word' id='word_1_40' title='bbox 2237 1070 2456 1113; x_wconf 89' lang='lat' dir='ltr'>Robertus</span> 
     </span>
     <span class='ocr_line' id='line_1_5' title="bbox 505 1147 2455 1207; baseline 0.002 -19"><span class='ocrx_word' id='word_1_41' title='bbox 505 1147 718 1203; x_wconf 84' lang='lat' dir='ltr'>Carnegie</span> <span class='ocrx_word' id='word_1_42' title='bbox 739 1151 967 1203; x_wconf 78' lang='lat' dir='ltr'>preceptor</span> <span class='ocrx_word' id='word_1_43' title='bbox 997 1147 1152 1190; x_wconf 90' lang='lat' dir='ltr'>domus</span> <span class='ocrx_word' id='word_1_44' title='bbox 1173 1147 1257 1190; x_wconf 90' lang='lat' dir='ltr'>Dei</span> <span class='ocrx_word' id='word_1_45' title='bbox 1277 1148 1518 1204; x_wconf 87' lang='lat' dir='ltr'>vulgariter</span> <span class='ocrx_word' id='word_1_46' title='bbox 1548 1148 1792 1192; x_wconf 88' lang='lat' dir='ltr'>Masondeu</span> <span class='ocrx_word' id='word_1_47' title='bbox 1812 1154 2060 1207; x_wconf 89' lang='lat' dir='ltr'>nuncupate</span> <span class='ocrx_word' id='word_1_48' title='bbox 2084 1150 2200 1192; x_wconf 84' lang='lat' dir='ltr'>infra</span> <span class='ocrx_word' id='word_1_49' title='bbox 2223 1149 2455 1193; x_wconf 84' lang='lat' dir='ltr'>Ciuitatem</span> 
     </span>
     <span class='ocr_line' id='line_1_6' title="bbox 504 1227 2455 1284; baseline 0.001 -15"><span class='ocrx_word' id='word_1_50' title='bbox 504 1227 840 1270; x_wconf 88' lang='lat' dir='ltr'>Brechinensem</span> <span class='ocrx_word' id='word_1_51' title='bbox 880 1228 1039 1270; x_wconf 87' lang='lat' dir='ltr'>situate</span> <span class='ocrx_word' id='word_1_52' title='bbox 1076 1227 1263 1270; x_wconf 89' lang='lat' dir='ltr'>salutem</span> <span class='ocrx_word' id='word_1_53' title='bbox 1299 1229 1344 1269; x_wconf 90' lang='lat' dir='ltr'>in</span> <span class='ocrx_word' id='word_1_54' title='bbox 1380 1227 1567 1271; x_wconf 90' lang='lat' dir='ltr'>Domino</span> <span class='ocrx_word' id='word_1_55' title='bbox 1606 1229 1915 1284; x_wconf 88' lang='lat' dir='ltr'>sempiternam</span> <span class='ocrx_word' id='word_1_56' title='bbox 1947 1264 1957 1272; x_wconf 91' lang='lat'><em>.</em></span> <span class='ocrx_word' id='word_1_57' title='bbox 1990 1230 2217 1272; x_wconf 86' lang='lat' dir='ltr'>Noueritis</span> <span class='ocrx_word' id='word_1_58' title='bbox 2247 1244 2327 1273; x_wconf 90' lang='lat' dir='ltr'>nos</span> <span class='ocrx_word' id='word_1_59' title='bbox 2358 1245 2455 1272; x_wconf 91' lang='lat' dir='ltr'>cum</span> 
     </span>
     <span class='ocr_line' id='line_1_7' title="bbox 503 1307 2452 1364; baseline 0.001 -15"><span class='ocrx_word' id='word_1_60' title='bbox 503 1322 709 1363; x_wconf 86' lang='lat' dir='ltr'>expresso</span> <span class='ocrx_word' id='word_1_61' title='bbox 741 1321 955 1350; x_wconf 90' lang='lat' dir='ltr'>consensu</span> <span class='ocrx_word' id='word_1_62' title='bbox 977 1311 1021 1349; x_wconf 88' lang='lat' dir='ltr'>et</span> <span class='ocrx_word' id='word_1_63' title='bbox 1040 1321 1225 1349; x_wconf 88' lang='lat' dir='ltr'>assensu</span> <span class='ocrx_word' id='word_1_64' title='bbox 1252 1307 1410 1349; x_wconf 89' lang='lat' dir='ltr'>nobilis</span> <span class='ocrx_word' id='word_1_65' title='bbox 1432 1311 1478 1349; x_wconf 91' lang='lat' dir='ltr'>et</span> <span class='ocrx_word' id='word_1_66' title='bbox 1507 1309 1777 1364; x_wconf 87' lang='lat' dir='ltr'>prepotentis</span> <span class='ocrx_word' id='word_1_67' title='bbox 1799 1309 1961 1350; x_wconf 89' lang='lat' dir='ltr'>domini</span> <span class='ocrx_word' id='word_1_68' title='bbox 1993 1309 2021 1351; x_wconf 90' lang='lat' dir='ltr'>J</span> <span class='ocrx_word' id='word_1_69' title='bbox 2024 1310 2178 1352; x_wconf 90' lang='lat' dir='ltr'>oannis</span> <span class='ocrx_word' id='word_1_70' title='bbox 2207 1311 2379 1352; x_wconf 88' lang='lat' dir='ltr'>comitis</span> <span class='ocrx_word' id='word_1_71' title='bbox 2400 1310 2452 1351; x_wconf 87' lang='lat' dir='ltr'>de</span> 
     </span>
     <span class='ocr_line' id='line_1_8' title="bbox 504 1387 2455 1442; baseline 0.001 -13"><span class='ocrx_word' id='word_1_72' title='bbox 504 1388 606 1430; x_wconf 87' lang='lat' dir='ltr'>Mar</span> <span class='ocrx_word' id='word_1_73' title='bbox 640 1387 802 1429; x_wconf 89' lang='lat' dir='ltr'>domini</span> <span class='ocrx_word' id='word_1_74' title='bbox 832 1387 1006 1442; x_wconf 87' lang='lat' dir='ltr'>Erskyn</span> <span class='ocrx_word' id='word_1_75' title='bbox 1037 1390 1082 1429; x_wconf 89' lang='lat' dir='ltr'>et</span> <span class='ocrx_word' id='word_1_76' title='bbox 1112 1387 1299 1428; x_wconf 84' lang='lat' dir='ltr'>Brechin</span> <span class='ocrx_word' id='word_1_77' title='bbox 1331 1401 1381 1428; x_wconf 88' lang='lat' dir='ltr'>ac</span> <span class='ocrx_word' id='word_1_78' title='bbox 1413 1387 1655 1429; x_wconf 89' lang='lat' dir='ltr'>Aunabelle</span> <span class='ocrx_word' id='word_1_79' title='bbox 1686 1388 1905 1430; x_wconf 76' lang='lat' dir='ltr'>comitisse</span> <span class='ocrx_word' id='word_1_80' title='bbox 1936 1389 1989 1430; x_wconf 92' lang='lat' dir='ltr'>de</span> <span class='ocrx_word' id='word_1_81' title='bbox 2022 1390 2124 1430; x_wconf 89' lang='lat' dir='ltr'>Mar</span> <span class='ocrx_word' id='word_1_82' title='bbox 2153 1390 2379 1432; x_wconf 89' lang='lat' dir='ltr'>curatricis</span> <span class='ocrx_word' id='word_1_83' title='bbox 2410 1394 2455 1431; x_wconf 91' lang='lat' dir='ltr'>et</span> 
     </span>
    </p>
   </div>
   <div class='ocr_carea' id='block_1_4' title="bbox 495 1470 2454 3363">
    <p class='ocr_par' dir='ltr' id='par_1_4' title="bbox 495 1470 2454 3363">
     <span class='ocr_line' id='line_1_9' title="bbox 502 1470 2454 1530; baseline 0.001 -16"><span class='ocrx_word' id='word_1_84' title='bbox 502 1473 742 1515; x_wconf 84' lang='lat' dir='ltr'>Alexandri</span> <span class='ocrx_word' id='word_1_85' title='bbox 763 1471 937 1527; x_wconf 88' lang='lat' dir='ltr'>Erskyn</span> <span class='ocrx_word' id='word_1_86' title='bbox 958 1471 1010 1512; x_wconf 91' lang='lat' dir='ltr'>de</span> <span class='ocrx_word' id='word_1_87' title='bbox 1035 1470 1181 1526; x_wconf 85' lang='lat' dir='ltr'>Gogar</span> <span class='ocrx_word' id='word_1_88' title='bbox 1676 1486 1852 1514; x_wconf 90' lang='lat' dir='ltr'>suorum</span> <span class='ocrx_word' id='word_1_89' title='bbox 1875 1476 2124 1515; x_wconf 89' lang='lat' dir='ltr'>curatorum</span> <span class='ocrx_word' id='word_1_90' title='bbox 2147 1474 2336 1515; x_wconf 89' lang='lat' dir='ltr'>eiusdem</span> <span class='ocrx_word' id='word_1_91' title='bbox 2359 1488 2454 1530; x_wconf 91' lang='lat' dir='ltr'>pre-</span> 
     </span>
     <span class='ocr_line' id='line_1_10' title="bbox 500 1551 2451 1610; baseline 0.001 -15"><span class='ocrx_word' id='word_1_92' title='bbox 500 1553 690 1609; x_wconf 88' lang='lat' dir='ltr'>ceptorie</span> <span class='ocrx_word' id='word_1_93' title='bbox 712 1551 946 1594; x_wconf 72' lang='lat' dir='ltr'>indubitati</span> <span class='ocrx_word' id='word_1_94' title='bbox 965 1551 1140 1607; x_wconf 89' lang='lat' dir='ltr'>patroni</span> <span class='ocrx_word' id='word_1_95' title='bbox 1161 1564 1329 1592; x_wconf 84' lang='lat' dir='ltr'>necnon</span> <span class='ocrx_word' id='word_1_96' title='bbox 1350 1551 1603 1594; x_wconf 88' lang='lat' dir='ltr'>attendente</span> <span class='ocrx_word' id='word_1_97' title='bbox 1626 1551 1758 1593; x_wconf 85' lang='lat' dir='ltr'>etiam</span> <span class='ocrx_word' id='word_1_98' title='bbox 1774 1566 1990 1594; x_wconf 89' lang='lat' dir='ltr'>consensu</span> <span class='ocrx_word' id='word_1_99' title='bbox 2011 1553 2333 1609; x_wconf 82' lang='lat' dir='ltr'>capellanorum</span> <span class='ocrx_word' id='word_1_100' title='bbox 2357 1568 2451 1610; x_wconf 92' lang='lat' dir='ltr'>pre-</span> 
     </span>
     <span class='ocr_line' id='line_1_11' title="bbox 501 1630 2454 1689; baseline 0 -14"><span class='ocrx_word' id='word_1_101' title='bbox 501 1633 590 1675; x_wconf 85' lang='lat' dir='ltr'>fate</span> <span class='ocrx_word' id='word_1_102' title='bbox 626 1633 779 1675; x_wconf 87' lang='lat' dir='ltr'>domus</span> <span class='ocrx_word' id='word_1_103' title='bbox 815 1634 860 1673; x_wconf 89' lang='lat' dir='ltr'>et</span> <span class='ocrx_word' id='word_1_104' title='bbox 895 1630 1073 1687; x_wconf 87' lang='lat' dir='ltr'>capituli</span> <span class='ocrx_word' id='word_1_105' title='bbox 1109 1631 1301 1672; x_wconf 87' lang='lat' dir='ltr'>eiusdem</span> <span class='ocrx_word' id='word_1_106' title='bbox 1343 1631 1398 1672; x_wconf 89' lang='lat' dir='ltr'>ad</span> <span class='ocrx_word' id='word_1_107' title='bbox 1438 1631 1519 1672; x_wconf 89' lang='lat' dir='ltr'>hoc</span> <span class='ocrx_word' id='word_1_108' title='bbox 1561 1631 1862 1687; x_wconf 81' lang='lat' dir='ltr'>capitulariter</span> <span class='ocrx_word' id='word_1_109' title='bbox 1895 1633 2147 1689; x_wconf 86' lang='lat' dir='ltr'>congregati</span> <span class='ocrx_word' id='word_1_110' title='bbox 2181 1633 2373 1676; x_wconf 88' lang='lat' dir='ltr'>utilitate</span> <span class='ocrx_word' id='word_1_111' title='bbox 2409 1638 2454 1675; x_wconf 90' lang='lat' dir='ltr'>et</span> 
     </span>
     <span class='ocr_line' id='line_1_12' title="bbox 500 1711 2451 1769; baseline 0 -14"><span class='ocrx_word' id='word_1_112' title='bbox 500 1712 724 1755; x_wconf 89' lang='lat' dir='ltr'>commodo</span> <span class='ocrx_word' id='word_1_113' title='bbox 744 1712 854 1754; x_wconf 88' lang='lat' dir='ltr'>meis</span> <span class='ocrx_word' id='word_1_114' title='bbox 876 1725 1258 1766; x_wconf 81' lang='lat' dir='ltr'>successorumque</span> <span class='ocrx_word' id='word_1_115' title='bbox 1274 1725 1469 1752; x_wconf 87' lang='lat' dir='ltr'>meorum</span> <span class='ocrx_word' id='word_1_116' title='bbox 1485 1711 1652 1766; x_wconf 89' lang='lat' dir='ltr'>prefate</span> <span class='ocrx_word' id='word_1_117' title='bbox 1670 1711 1823 1753; x_wconf 87' lang='lat' dir='ltr'>domus</span> <span class='ocrx_word' id='word_1_118' title='bbox 1844 1711 1927 1753; x_wconf 89' lang='lat' dir='ltr'>Dei</span> <span class='ocrx_word' id='word_1_119' title='bbox 1942 1716 2243 1769; x_wconf 84' lang='lat' dir='ltr'>preceptorum</span> <span class='ocrx_word' id='word_1_120' title='bbox 2265 1714 2451 1769; x_wconf 88' lang='lat' dir='ltr'>vndique</span> 
     </span>
     <span class='ocr_line' id='line_1_13' title="bbox 500 1790 2449 1849; baseline 0.001 -15"><span class='ocrx_word' id='word_1_121' title='bbox 500 1792 687 1849; x_wconf 88' lang='lat' dir='ltr'>preuisis</span> <span class='ocrx_word' id='word_1_122' title='bbox 701 1795 746 1834; x_wconf 88' lang='lat' dir='ltr'>et</span> <span class='ocrx_word' id='word_1_123' title='bbox 757 1791 953 1848; x_wconf 84' lang='lat' dir='ltr'>pensatis</span> <span class='ocrx_word' id='word_1_124' title='bbox 966 1805 1132 1833; x_wconf 86' lang='lat' dir='ltr'>necnon</span> <span class='ocrx_word' id='word_1_125' title='bbox 1145 1791 1328 1833; x_wconf 88' lang='lat' dir='ltr'>rentalis</span> <span class='ocrx_word' id='word_1_126' title='bbox 1341 1791 1454 1832; x_wconf 86' lang='lat' dir='ltr'>dicte</span> <span class='ocrx_word' id='word_1_127' title='bbox 1471 1791 1623 1833; x_wconf 86' lang='lat' dir='ltr'>domus</span> <span class='ocrx_word' id='word_1_128' title='bbox 1638 1790 1720 1833; x_wconf 91' lang='lat' dir='ltr'>Dei</span> <span class='ocrx_word' id='word_1_129' title='bbox 1738 1793 2092 1848; x_wconf 84' lang='lat' dir='ltr'>augmentatione</span> <span class='ocrx_word' id='word_1_130' title='bbox 2109 1807 2255 1836; x_wconf 89' lang='lat' dir='ltr'>annua</span> <span class='ocrx_word' id='word_1_131' title='bbox 2267 1793 2449 1836; x_wconf 87' lang='lat' dir='ltr'>acetiam</span> 
     </span>
     <span class='ocr_line' id='line_1_14' title="bbox 500 1870 2449 1928; baseline 0.001 -15"><span class='ocrx_word' id='word_1_132' title='bbox 500 1887 580 1928; x_wconf 91' lang='lat' dir='ltr'>pro</span> <span class='ocrx_word' id='word_1_133' title='bbox 602 1873 731 1914; x_wconf 88' lang='lat' dir='ltr'>certis</span> <span class='ocrx_word' id='word_1_134' title='bbox 752 1872 1034 1927; x_wconf 87' lang='lat' dir='ltr'>pecuniarum</span> <span class='ocrx_word' id='word_1_135' title='bbox 1056 1871 1235 1913; x_wconf 87' lang='lat' dir='ltr'>summis</span> <span class='ocrx_word' id='word_1_136' title='bbox 1260 1870 1366 1912; x_wconf 91' lang='lat' dir='ltr'>mihi</span> <span class='ocrx_word' id='word_1_137' title='bbox 1395 1885 1471 1928; x_wconf 88' lang='lat' dir='ltr'>per</span> <span class='ocrx_word' id='word_1_138' title='bbox 1495 1870 1699 1913; x_wconf 89' lang='lat' dir='ltr'>dilectum</span> <span class='ocrx_word' id='word_1_139' title='bbox 1725 1885 1867 1913; x_wconf 90' lang='lat' dir='ltr'>meum</span> <span class='ocrx_word' id='word_1_140' title='bbox 1890 1871 2154 1928; x_wconf 84' lang='lat' dir='ltr'>Magistrum</span> <span class='ocrx_word' id='word_1_141' title='bbox 2177 1872 2322 1914; x_wconf 88' lang='lat' dir='ltr'>Dauid</span> <span class='ocrx_word' id='word_1_142' title='bbox 2345 1873 2449 1915; x_wconf 85' lang='lat' dir='ltr'>Car-</span> 
     </span>
     <span class='ocr_line' id='line_1_15' title="bbox 501 1950 2448 2009; baseline 0 -15"><span class='ocrx_word' id='word_1_143' title='bbox 501 1953 627 2009; x_wconf 88' lang='lat' dir='ltr'>negie</span> <span class='ocrx_word' id='word_1_144' title='bbox 642 1953 695 1995; x_wconf 86' lang='lat' dir='ltr'>de</span> <span class='ocrx_word' id='word_1_145' title='bbox 714 1952 918 2008; x_wconf 82' lang='lat' dir='ltr'>Colluthy</span> <span class='ocrx_word' id='word_1_146' title='bbox 934 1955 1128 2007; x_wconf 85' lang='lat' dir='ltr'>tempore</span> <span class='ocrx_word' id='word_1_147' title='bbox 1145 1950 1426 1993; x_wconf 89' lang='lat' dir='ltr'>confectionis</span> <span class='ocrx_word' id='word_1_148' title='bbox 1442 1951 1707 2006; x_wconf 84' lang='lat' dir='ltr'>presentium</span> <span class='ocrx_word' id='word_1_149' title='bbox 1724 1954 1952 2006; x_wconf 83' lang='lat' dir='ltr'>gratanter</span> <span class='ocrx_word' id='word_1_150' title='bbox 1969 1955 2014 1994; x_wconf 88' lang='lat' dir='ltr'>et</span> <span class='ocrx_word' id='word_1_151' title='bbox 2027 1951 2197 2007; x_wconf 88' lang='lat' dir='ltr'>integre</span> <span class='ocrx_word' id='word_1_152' title='bbox 2213 1952 2448 2007; x_wconf 84' lang='lat' dir='ltr'>persolutis</span> 
     </span>
     <span class='ocr_line' id='line_1_16' title="bbox 500 2029 2449 2090; baseline -0.001 -15"><span class='ocrx_word' id='word_1_153' title='bbox 500 2034 630 2089; x_wconf 87' lang='lat' dir='ltr'>inque</span> <span class='ocrx_word' id='word_1_154' title='bbox 662 2047 767 2075; x_wconf 89' lang='lat' dir='ltr'>vsus</span> <span class='ocrx_word' id='word_1_155' title='bbox 797 2046 917 2073; x_wconf 87' lang='lat' dir='ltr'>meos</span> <span class='ocrx_word' id='word_1_156' title='bbox 946 2035 990 2073; x_wconf 89' lang='lat' dir='ltr'>et</span> <span class='ocrx_word' id='word_1_157' title='bbox 1019 2031 1252 2073; x_wconf 85' lang='lat' dir='ltr'>vtilitatem</span> <span class='ocrx_word' id='word_1_158' title='bbox 1279 2030 1463 2090; x_wconf 75' lang='lat' dir='ltr'>ecclesie¹</span> <span class='ocrx_word' id='word_1_159' title='bbox 1491 2034 1534 2071; x_wconf 91' lang='lat' dir='ltr'>et</span> <span class='ocrx_word' id='word_1_160' title='bbox 1559 2030 1726 2086; x_wconf 89' lang='lat' dir='ltr'>prefate</span> <span class='ocrx_word' id='word_1_161' title='bbox 1751 2030 1905 2073; x_wconf 88' lang='lat' dir='ltr'>domus</span> <span class='ocrx_word' id='word_1_162' title='bbox 1936 2029 2020 2072; x_wconf 92' lang='lat' dir='ltr'>Dei</span> <span class='ocrx_word' id='word_1_163' title='bbox 2049 2032 2449 2088; x_wconf 88' lang='lat' dir='ltr'>augmentationem</span> 
     </span>
     <span class='ocr_line' id='line_1_17' title="bbox 498 2110 2447 2167; baseline -0.001 -12"><span class='ocrx_word' id='word_1_164' title='bbox 498 2113 715 2155; x_wconf 79' lang='lat' dir='ltr'>trifariam</span> <span class='ocrx_word' id='word_1_165' title='bbox 738 2111 961 2154; x_wconf 85' lang='lat' dir='ltr'>conuersis</span> <span class='ocrx_word' id='word_1_166' title='bbox 981 2111 1152 2153; x_wconf 82' lang='lat' dir='ltr'>dedisse</span> <span class='ocrx_word' id='word_1_167' title='bbox 1185 2142 1195 2152; x_wconf 95' lang='lat'><strong>.</strong></span> <span class='ocrx_word' id='word_1_168' title='bbox 1228 2143 1237 2153; x_wconf 91' lang='lat'><strong>.</strong></span> <span class='ocrx_word' id='word_1_169' title='bbox 1271 2143 1281 2153; x_wconf 91' lang='lat'><strong>.</strong></span> <span class='ocrx_word' id='word_1_170' title='bbox 1313 2114 1358 2153; x_wconf 88' lang='lat' dir='ltr'>et</span> <span class='ocrx_word' id='word_1_171' title='bbox 1378 2111 1433 2152; x_wconf 91' lang='lat' dir='ltr'>ad</span> <span class='ocrx_word' id='word_1_172' title='bbox 1458 2110 1746 2152; x_wconf 90' lang='lat' dir='ltr'>feudifirmam</span> <span class='ocrx_word' id='word_1_173' title='bbox 1778 2143 1788 2153; x_wconf 90' lang='lat'><strong>.</strong></span> <span class='ocrx_word' id='word_1_174' title='bbox 1821 2143 1831 2152; x_wconf 86' lang='lat'><em>.</em></span> <span class='ocrx_word' id='word_1_175' title='bbox 1863 2143 1873 2153; x_wconf 86' lang='grc'><strong>.</strong></span> <span class='ocrx_word' id='word_1_176' title='bbox 1904 2115 2159 2167; x_wconf 89' lang='lat' dir='ltr'>perpetuam</span> <span class='ocrx_word' id='word_1_177' title='bbox 2188 2112 2447 2155; x_wconf 86' lang='lat' dir='ltr'>hereditarie</span> 
     </span>
     <span class='ocr_line' id='line_1_18' title="bbox 499 2189 2446 2247; baseline -0.001 -12"><span class='ocrx_word' id='word_1_178' title='bbox 499 2193 715 2235; x_wconf 85' lang='lat' dir='ltr'>dimisisse</span> <span class='ocrx_word' id='word_1_179' title='bbox 750 2223 760 2233; x_wconf 93' lang='lat'>.</span> <span class='ocrx_word' id='word_1_180' title='bbox 796 2223 807 2233; x_wconf 92' lang='lat'>.</span> <span class='ocrx_word' id='word_1_181' title='bbox 839 2224 848 2233; x_wconf 88' lang='lat'><strong>.</strong></span> <span class='ocrx_word' id='word_1_182' title='bbox 881 2191 1050 2247; x_wconf 83' lang='lat' dir='ltr'>prefato</span> <span class='ocrx_word' id='word_1_183' title='bbox 1083 2221 1094 2232; x_wconf 92' lang='lat'><strong><em>.</em></strong></span> <span class='ocrx_word' id='word_1_184' title='bbox 1126 2223 1135 2233; x_wconf 88' lang='lat'><em>.</em></span> <span class='ocrx_word' id='word_1_185' title='bbox 1170 2223 1179 2233; x_wconf 91' lang='lat'><strong>.</strong></span> <span class='ocrx_word' id='word_1_186' title='bbox 1212 2189 1357 2233; x_wconf 86' lang='lat' dir='ltr'>Dauid</span> <span class='ocrx_word' id='word_1_187' title='bbox 1391 2222 1400 2231; x_wconf 87' lang='lat'><strong>.</strong></span> <span class='ocrx_word' id='word_1_188' title='bbox 1432 2223 1442 2232; x_wconf 87' lang='lat'><strong>.</strong></span> <span class='ocrx_word' id='word_1_189' title='bbox 1476 2223 1485 2232; x_wconf 92' lang='lat'>.</span> <span class='ocrx_word' id='word_1_190' title='bbox 1517 2204 1666 2232; x_wconf 87' lang='lat' dir='ltr'>omnes</span> <span class='ocrx_word' id='word_1_191' title='bbox 1688 2194 1732 2232; x_wconf 91' lang='lat' dir='ltr'>et</span> <span class='ocrx_word' id='word_1_192' title='bbox 1759 2190 1953 2246; x_wconf 90' lang='lat' dir='ltr'>singulas</span> <span class='ocrx_word' id='word_1_193' title='bbox 1983 2191 2166 2247; x_wconf 85' lang='lat' dir='ltr'>triginta</span> <span class='ocrx_word' id='word_1_194' title='bbox 2186 2205 2311 2234; x_wconf 88' lang='lat' dir='ltr'>acras</span> <span class='ocrx_word' id='word_1_195' title='bbox 2332 2195 2446 2234; x_wconf 88' lang='lat' dir='ltr'>terre</span> 
     </span>
     <span class='ocr_line' id='line_1_19' title="bbox 499 2271 2447 2328; baseline -0.001 -12"><span class='ocrx_word' id='word_1_196' title='bbox 499 2273 679 2316; x_wconf 85' lang='lat' dir='ltr'>arabilis</span> <span class='ocrx_word' id='word_1_197' title='bbox 721 2273 833 2315; x_wconf 85' lang='lat' dir='ltr'>dicte</span> <span class='ocrx_word' id='word_1_198' title='bbox 864 2272 1133 2328; x_wconf 85' lang='lat' dir='ltr'>preceptorie</span> <span class='ocrx_word' id='word_1_199' title='bbox 1164 2274 1405 2313; x_wconf 86' lang='lat' dir='ltr'>annexatas</span> <span class='ocrx_word' id='word_1_200' title='bbox 1436 2275 1481 2313; x_wconf 86' lang='lat' dir='ltr'>et</span> <span class='ocrx_word' id='word_1_201' title='bbox 1521 2271 1574 2313; x_wconf 87' lang='lat' dir='ltr'>ad</span> <span class='ocrx_word' id='word_1_202' title='bbox 1615 2271 1923 2327; x_wconf 89' lang='lat' dir='ltr'>patrimonium</span> <span class='ocrx_word' id='word_1_203' title='bbox 1966 2272 2158 2313; x_wconf 90' lang='lat' dir='ltr'>eiusdem</span> <span class='ocrx_word' id='word_1_204' title='bbox 2201 2275 2447 2328; x_wconf 87' lang='lat' dir='ltr'>spectantes</span> 
     </span>
     <span class='ocr_line' id='line_1_20' title="bbox 495 2350 2442 2409; baseline -0.002 -13"><span class='ocrx_word' id='word_1_205' title='bbox 495 2355 694 2409; x_wconf 79' lang='lat' dir='ltr'>jacentes</span> <span class='ocrx_word' id='word_1_206' title='bbox 714 2354 758 2394; x_wconf 92' lang='lat' dir='ltr'>in</span> <span class='ocrx_word' id='word_1_207' title='bbox 780 2353 837 2394; x_wconf 90' lang='lat' dir='ltr'>lie</span> <span class='ocrx_word' id='word_1_208' title='bbox 860 2353 986 2394; x_wconf 89' lang='lat' dir='ltr'>Bank</span> <span class='ocrx_word' id='word_1_209' title='bbox 1007 2353 1058 2393; x_wconf 92' lang='lat' dir='ltr'>de</span> <span class='ocrx_word' id='word_1_210' title='bbox 1083 2351 1326 2393; x_wconf 88' lang='lat' dir='ltr'>Masondeu</span> <span class='ocrx_word' id='word_1_211' title='bbox 1352 2353 1467 2393; x_wconf 89' lang='lat' dir='ltr'>inter</span> <span class='ocrx_word' id='word_1_212' title='bbox 1482 2365 1606 2393; x_wconf 84' lang='lat' dir='ltr'>acras</span> <span class='ocrx_word' id='word_1_213' title='bbox 1628 2350 1815 2392; x_wconf 84' lang='lat' dir='ltr'>arabiles</span> <span class='ocrx_word' id='word_1_214' title='bbox 1844 2354 2091 2406; x_wconf 87' lang='lat' dir='ltr'>spectantes</span> <span class='ocrx_word' id='word_1_215' title='bbox 2112 2351 2279 2393; x_wconf 85' lang='lat' dir='ltr'>duobus</span> <span class='ocrx_word' id='word_1_216' title='bbox 2301 2352 2442 2407; x_wconf 90' lang='lat' dir='ltr'>capel-</span> 
     </span>
     <span class='ocr_line' id='line_1_21' title="bbox 499 2431 2442 2487; baseline -0.002 -11"><span class='ocrx_word' id='word_1_217' title='bbox 499 2435 612 2477; x_wconf 84' lang='lat' dir='ltr'>lanis</span> <span class='ocrx_word' id='word_1_218' title='bbox 644 2435 696 2476; x_wconf 91' lang='lat' dir='ltr'>de</span> <span class='ocrx_word' id='word_1_219' title='bbox 729 2433 974 2476; x_wconf 89' lang='lat' dir='ltr'>Masondeu</span> <span class='ocrx_word' id='word_1_220' title='bbox 1004 2446 1119 2474; x_wconf 91' lang='lat' dir='ltr'>nunc</span> <span class='ocrx_word' id='word_1_221' title='bbox 1155 2435 1387 2487; x_wconf 88' lang='lat' dir='ltr'>occupatas</span> <span class='ocrx_word' id='word_1_222' title='bbox 1418 2446 1495 2487; x_wconf 85' lang='lat' dir='ltr'>per</span> <span class='ocrx_word' id='word_1_223' title='bbox 1526 2431 1765 2473; x_wconf 87' lang='lat' dir='ltr'>Robertum</span> <span class='ocrx_word' id='word_1_224' title='bbox 1797 2434 1842 2473; x_wconf 90' lang='lat' dir='ltr'>et</span> <span class='ocrx_word' id='word_1_225' title='bbox 1873 2431 2137 2487; x_wconf 87' lang='lat' dir='ltr'>Magistrum</span> <span class='ocrx_word' id='word_1_226' title='bbox 2168 2431 2442 2473; x_wconf 88' lang='lat' dir='ltr'>Willelmum</span> 
     </span>
     <span class='ocr_line' id='line_1_22' title="bbox 499 2509 2442 2568; baseline -0.003 -12"><span class='ocrx_word' id='word_1_227' title='bbox 499 2514 645 2557; x_wconf 88' lang='lat' dir='ltr'>Lowis</span> <span class='ocrx_word' id='word_1_228' title='bbox 677 2528 730 2555; x_wconf 89' lang='lat' dir='ltr'>ex</span> <span class='ocrx_word' id='word_1_229' title='bbox 760 2517 885 2568; x_wconf 84' lang='lat' dir='ltr'>parte</span> <span class='ocrx_word' id='word_1_230' title='bbox 910 2511 1094 2554; x_wconf 89' lang='lat' dir='ltr'>australi</span> <span class='ocrx_word' id='word_1_231' title='bbox 1123 2515 1167 2553; x_wconf 88' lang='lat' dir='ltr'>et</span> <span class='ocrx_word' id='word_1_232' title='bbox 1194 2524 1464 2552; x_wconf 87' lang='lat' dir='ltr'>communem</span> <span class='ocrx_word' id='word_1_233' title='bbox 1492 2510 1607 2552; x_wconf 89' lang='lat' dir='ltr'>viam</span> <span class='ocrx_word' id='word_1_234' title='bbox 1633 2525 1720 2566; x_wconf 91' lang='lat' dir='ltr'>qua</span> <span class='ocrx_word' id='word_1_235' title='bbox 1745 2511 1834 2552; x_wconf 89' lang='lat' dir='ltr'>itur</span> <span class='ocrx_word' id='word_1_236' title='bbox 1864 2525 1890 2551; x_wconf 91' lang='lat' dir='ltr'>a</span> <span class='ocrx_word' id='word_1_237' title='bbox 1918 2510 2104 2552; x_wconf 89' lang='lat' dir='ltr'>Brechin</span> <span class='ocrx_word' id='word_1_238' title='bbox 2129 2510 2184 2551; x_wconf 92' lang='lat' dir='ltr'>ad</span> <span class='ocrx_word' id='word_1_239' title='bbox 2212 2509 2360 2552; x_wconf 89' lang='lat' dir='ltr'>villam</span> <span class='ocrx_word' id='word_1_240' title='bbox 2391 2511 2442 2551; x_wconf 91' lang='lat' dir='ltr'>de</span> 
     </span>
     <span class='ocr_line' id='line_1_23' title="bbox 499 2589 2443 2646; baseline -0.002 -10"><span class='ocrx_word' id='word_1_241' title='bbox 499 2594 827 2636; x_wconf 87' lang='lat' dir='ltr'>Auchnacarret</span> <span class='ocrx_word' id='word_1_242' title='bbox 851 2592 905 2634; x_wconf 88' lang='lat' dir='ltr'>ad</span> <span class='ocrx_word' id='word_1_243' title='bbox 927 2591 1190 2633; x_wconf 89' lang='lat' dir='ltr'>occidentem</span> <span class='ocrx_word' id='word_1_244' title='bbox 1217 2594 1260 2631; x_wconf 89' lang='lat' dir='ltr'>et</span> <span class='ocrx_word' id='word_1_245' title='bbox 1285 2594 1427 2632; x_wconf 87' lang='lat' dir='ltr'>terras</span> <span class='ocrx_word' id='word_1_246' title='bbox 1452 2590 1504 2631; x_wconf 90' lang='lat' dir='ltr'>de</span> <span class='ocrx_word' id='word_1_247' title='bbox 1534 2589 1668 2646; x_wconf 85' lang='lat' dir='ltr'>Lytill</span> <span class='ocrx_word' id='word_1_248' title='bbox 1695 2590 1938 2632; x_wconf 88' lang='lat' dir='ltr'>Masondeu</span> <span class='ocrx_word' id='word_1_249' title='bbox 1959 2589 2013 2631; x_wconf 89' lang='lat' dir='ltr'>ad</span> <span class='ocrx_word' id='word_1_250' title='bbox 2034 2590 2208 2631; x_wconf 90' lang='lat' dir='ltr'>boream</span> <span class='ocrx_word' id='word_1_251' title='bbox 2232 2604 2282 2632; x_wconf 89' lang='lat' dir='ltr'>ac</span> <span class='ocrx_word' id='word_1_252' title='bbox 2302 2594 2443 2632; x_wconf 84' lang='lat' dir='ltr'>terras</span> 
     </span>
     <span class='ocr_line' id='line_1_24' title="bbox 498 2669 2444 2725; baseline -0.002 -10"><span class='ocrx_word' id='word_1_253' title='bbox 498 2673 686 2716; x_wconf 86' lang='lat' dir='ltr'>arabiles</span> <span class='ocrx_word' id='word_1_254' title='bbox 706 2673 759 2714; x_wconf 88' lang='lat' dir='ltr'>de</span> <span class='ocrx_word' id='word_1_255' title='bbox 782 2671 1025 2714; x_wconf 82' lang='lat' dir='ltr'>Cuikstoun</span> <span class='ocrx_word' id='word_1_256' title='bbox 1054 2670 1108 2712; x_wconf 90' lang='lat' dir='ltr'>ad</span> <span class='ocrx_word' id='word_1_257' title='bbox 1130 2669 1354 2719; x_wconf 86' lang='lat' dir='ltr'>orientem,</span> <span class='ocrx_word' id='word_1_258' title='bbox 1385 2683 1553 2711; x_wconf 91' lang='lat' dir='ltr'>necnon</span> <span class='ocrx_word' id='word_1_259' title='bbox 1585 2683 1734 2711; x_wconf 92' lang='lat' dir='ltr'>omnes</span> <span class='ocrx_word' id='word_1_260' title='bbox 1754 2673 1798 2711; x_wconf 87' lang='lat' dir='ltr'>et</span> <span class='ocrx_word' id='word_1_261' title='bbox 1819 2669 2015 2725; x_wconf 90' lang='lat' dir='ltr'>singulas</span> <span class='ocrx_word' id='word_1_262' title='bbox 2045 2672 2187 2711; x_wconf 87' lang='lat' dir='ltr'>terras</span> <span class='ocrx_word' id='word_1_263' title='bbox 2207 2684 2327 2712; x_wconf 89' lang='lat' dir='ltr'>meas</span> <span class='ocrx_word' id='word_1_264' title='bbox 2347 2685 2444 2725; x_wconf 89' lang='lat' dir='ltr'>pre-</span> 
     </span>
     <span class='ocr_line' id='line_1_25' title="bbox 496 2748 2440 2796; baseline -0.003 0"><span class='ocrx_word' id='word_1_265' title='bbox 496 2755 612 2796; x_wconf 86' lang='lat' dir='ltr'>fatas</span> <span class='ocrx_word' id='word_1_266' title='bbox 643 2753 696 2794; x_wconf 87' lang='lat' dir='ltr'>de</span> <span class='ocrx_word' id='word_1_267' title='bbox 726 2752 1055 2794; x_wconf 87' lang='lat' dir='ltr'>Auchnacarret</span> <span class='ocrx_word' id='word_1_268' title='bbox 1075 2749 1198 2791; x_wconf 88' lang='lat' dir='ltr'>Litill</span> <span class='ocrx_word' id='word_1_269' title='bbox 1221 2749 1467 2791; x_wconf 87' lang='lat' dir='ltr'>Masondeu</span> <span class='ocrx_word' id='word_1_270' title='bbox 1491 2752 1536 2791; x_wconf 90' lang='lat' dir='ltr'>et</span> <span class='ocrx_word' id='word_1_271' title='bbox 1567 2748 1664 2790; x_wconf 88' lang='lat' dir='ltr'>Hill</span> <span class='ocrx_word' id='word_1_272' title='bbox 1694 2748 1746 2790; x_wconf 89' lang='lat' dir='ltr'>de</span> <span class='ocrx_word' id='word_1_273' title='bbox 1774 2749 2019 2791; x_wconf 88' lang='lat' dir='ltr'>Masondeu</span> <span class='ocrx_word' id='word_1_274' title='bbox 2051 2748 2162 2791; x_wconf 86' lang='lat' dir='ltr'>alias</span> <span class='ocrx_word' id='word_1_275' title='bbox 2185 2749 2440 2791; x_wconf 83' lang='lat' dir='ltr'>Bellishillis</span> 
     </span>
     <span class='ocr_line' id='line_1_26' title="bbox 497 2828 2445 2888; baseline -0.003 -12"><span class='ocrx_word' id='word_1_276' title='bbox 497 2837 677 2876; x_wconf 84' lang='lat' dir='ltr'>vocatas</span> <span class='ocrx_word' id='word_1_277' title='bbox 699 2847 795 2874; x_wconf 90' lang='lat' dir='ltr'>cum</span> <span class='ocrx_word' id='word_1_278' title='bbox 819 2831 1003 2888; x_wconf 88' lang='lat' dir='ltr'>singulis</span> <span class='ocrx_word' id='word_1_279' title='bbox 1026 2830 1117 2872; x_wconf 89' lang='lat' dir='ltr'>suis</span> <span class='ocrx_word' id='word_1_280' title='bbox 1146 2829 1388 2885; x_wconf 88' lang='lat' dir='ltr'>pendiculis</span> <span class='ocrx_word' id='word_1_281' title='bbox 1410 2833 1454 2870; x_wconf 91' lang='lat' dir='ltr'>et</span> <span class='ocrx_word' id='word_1_282' title='bbox 1473 2828 1746 2884; x_wconf 87' lang='lat' dir='ltr'>pertinentiis</span> <span class='ocrx_word' id='word_1_283' title='bbox 1771 2828 1969 2883; x_wconf 85' lang='lat' dir='ltr'>jacentes</span> <span class='ocrx_word' id='word_1_284' title='bbox 1990 2828 2105 2870; x_wconf 88' lang='lat' dir='ltr'>infra</span> <span class='ocrx_word' id='word_1_285' title='bbox 2124 2829 2372 2884; x_wconf 90' lang='lat' dir='ltr'>parochiam</span> <span class='ocrx_word' id='word_1_286' title='bbox 2394 2829 2445 2870; x_wconf 88' lang='lat' dir='ltr'>de</span> 
     </span>
     <span class='ocr_line' id='line_1_27' title="bbox 498 2907 2442 2964; baseline -0.003 -8"><span class='ocrx_word' id='word_1_287' title='bbox 498 2914 685 2956; x_wconf 88' lang='lat' dir='ltr'>Brechin</span> <span class='ocrx_word' id='word_1_288' title='bbox 707 2917 751 2954; x_wconf 88' lang='lat' dir='ltr'>et</span> <span class='ocrx_word' id='word_1_289' title='bbox 771 2911 1120 2954; x_wconf 87' lang='lat' dir='ltr'>vicecomitatum</span> <span class='ocrx_word' id='word_1_290' title='bbox 1145 2909 1197 2950; x_wconf 90' lang='lat' dir='ltr'>de</span> <span class='ocrx_word' id='word_1_291' title='bbox 1229 2908 1384 2951; x_wconf 84' lang='lat' dir='ltr'>Forfar</span> <span class='ocrx_word' id='word_1_292' title='bbox 1417 2940 1426 2949; x_wconf 89' lang='lat'>.</span> <span class='ocrx_word' id='word_1_293' title='bbox 1459 2908 1688 2950; x_wconf 88' lang='lat' dir='ltr'>Tenendas</span> <span class='ocrx_word' id='word_1_294' title='bbox 1719 2939 1729 2950; x_wconf 87' lang='lat'><strong>.</strong></span> <span class='ocrx_word' id='word_1_295' title='bbox 1763 2940 1772 2949; x_wconf 84' lang='lat'><strong>.</strong></span> <span class='ocrx_word' id='word_1_296' title='bbox 1806 2940 1814 2950; x_wconf 90' lang='lat'><strong>.</strong></span> <span class='ocrx_word' id='word_1_297' title='bbox 1846 2908 2016 2963; x_wconf 90' lang='lat' dir='ltr'>prefato</span> <span class='ocrx_word' id='word_1_298' title='bbox 2046 2908 2265 2964; x_wconf 89' lang='lat' dir='ltr'>Magistro</span> <span class='ocrx_word' id='word_1_299' title='bbox 2298 2907 2442 2951; x_wconf 88' lang='lat' dir='ltr'>Dauid</span> 
     </span>
     <span class='ocr_line' id='line_1_28' title="bbox 500 2988 2440 3050; baseline -0.003 -14"><span class='ocrx_word' id='word_1_300' title='bbox 500 2993 712 3050; x_wconf 85' lang='lat' dir='ltr'>Garnegie</span> <span class='ocrx_word' id='word_1_301' title='bbox 743 2993 796 3034; x_wconf 91' lang='lat' dir='ltr'>de</span> <span class='ocrx_word' id='word_1_302' title='bbox 834 2991 1039 3046; x_wconf 84' lang='lat' dir='ltr'>Colluthy</span> <span class='ocrx_word' id='word_1_303' title='bbox 1068 2990 1384 3044; x_wconf 88' lang='lat' dir='ltr'>heredibusque</span> <span class='ocrx_word' id='word_1_304' title='bbox 1418 2988 1507 3030; x_wconf 88' lang='lat' dir='ltr'>suis</span> <span class='ocrx_word' id='word_1_305' title='bbox 1539 2989 1743 3030; x_wconf 87' lang='lat' dir='ltr'>masculis</span> <span class='ocrx_word' id='word_1_306' title='bbox 1775 2993 1819 3030; x_wconf 89' lang='lat' dir='ltr'>et</span> <span class='ocrx_word' id='word_1_307' title='bbox 1848 2988 2084 3044; x_wconf 88' lang='lat' dir='ltr'>assignatis</span> <span class='ocrx_word' id='word_1_308' title='bbox 2115 2988 2440 3044; x_wconf 88' lang='lat' dir='ltr'>quibuscunque</span> 
     </span>
     <span class='ocr_line' id='line_1_29' title="bbox 498 3067 2439 3129; baseline -0.003 -14"><span class='ocrx_word' id='word_1_309' title='bbox 498 3075 654 3129; x_wconf 87' lang='lat' dir='ltr'>quibus</span> <span class='ocrx_word' id='word_1_310' title='bbox 684 3072 985 3115; x_wconf 87' lang='lat' dir='ltr'>deficientibus</span> <span class='ocrx_word' id='word_1_311' title='bbox 1017 3070 1176 3112; x_wconf 85' lang='lat' dir='ltr'>seniori</span> <span class='ocrx_word' id='word_1_312' title='bbox 1206 3069 1412 3110; x_wconf 89' lang='lat' dir='ltr'>heredum</span> <span class='ocrx_word' id='word_1_313' title='bbox 1444 3083 1618 3110; x_wconf 87' lang='lat' dir='ltr'>suarum</span> <span class='ocrx_word' id='word_1_314' title='bbox 1646 3068 1931 3110; x_wconf 88' lang='lat' dir='ltr'>feminearum</span> <span class='ocrx_word' id='word_1_315' title='bbox 1956 3068 2120 3123; x_wconf 88' lang='lat' dir='ltr'>absque</span> <span class='ocrx_word' id='word_1_316' title='bbox 2148 3067 2360 3110; x_wconf 91' lang='lat' dir='ltr'>diuisione</span> <span class='ocrx_word' id='word_1_317' title='bbox 2388 3069 2439 3109; x_wconf 94' lang='lat' dir='ltr'>de</span> 
     </span>
     <span class='ocr_line' id='line_1_30' title="bbox 497 3147 2437 3203; baseline -0.005 -7"><span class='ocrx_word' id='word_1_318' title='bbox 497 3169 566 3196; x_wconf 89' lang='lat' dir='ltr'>me</span> <span class='ocrx_word' id='word_1_319' title='bbox 597 3157 641 3195; x_wconf 89' lang='lat' dir='ltr'>et</span> <span class='ocrx_word' id='word_1_320' title='bbox 672 3151 994 3195; x_wconf 88' lang='lat' dir='ltr'>successoribus</span> <span class='ocrx_word' id='word_1_321' title='bbox 1025 3151 1133 3192; x_wconf 88' lang='lat' dir='ltr'>meis</span> <span class='ocrx_word' id='word_1_322' title='bbox 1165 3182 1175 3191; x_wconf 93' lang='lat'>.</span> <span class='ocrx_word' id='word_1_323' title='bbox 1209 3182 1218 3191; x_wconf 90' lang='lat'><strong>.</strong></span> <span class='ocrx_word' id='word_1_324' title='bbox 1255 3181 1263 3190; x_wconf 91' lang='lat'><strong><em>.</em></strong></span> <span class='ocrx_word' id='word_1_325' title='bbox 1295 3149 1340 3190; x_wconf 93' lang='lat' dir='ltr'>in</span> <span class='ocrx_word' id='word_1_326' title='bbox 1372 3148 1615 3190; x_wconf 85' lang='lat' dir='ltr'>feudifirma</span> <span class='ocrx_word' id='word_1_327' title='bbox 1646 3151 1688 3189; x_wconf 90' lang='lat' dir='ltr'>et</span> <span class='ocrx_word' id='word_1_328' title='bbox 1720 3148 1961 3189; x_wconf 85' lang='lat' dir='ltr'>hereditate</span> <span class='ocrx_word' id='word_1_329' title='bbox 1990 3147 2308 3203; x_wconf 85' lang='lat' dir='ltr'>imperpetuum</span> <span class='ocrx_word' id='word_1_330' title='bbox 2338 3178 2348 3190; x_wconf 88' lang='lat'><strong>.</strong></span> <span class='ocrx_word' id='word_1_331' title='bbox 2383 3179 2392 3188; x_wconf 88' lang='lat'><strong>.</strong></span> <span class='ocrx_word' id='word_1_332' title='bbox 2427 3177 2437 3187; x_wconf 89' lang='lat'>.</span> 
     </span>
     <span class='ocr_line' id='line_1_31' title="bbox 498 3227 2438 3285; baseline -0.005 -9"><span class='ocrx_word' id='word_1_333' title='bbox 498 3233 731 3276; x_wconf 83' lang='lat' dir='ltr'>Reddendo</span> <span class='ocrx_word' id='word_1_334' title='bbox 762 3233 860 3274; x_wconf 89' lang='lat' dir='ltr'>inde</span> <span class='ocrx_word' id='word_1_335' title='bbox 891 3231 1116 3274; x_wconf 85' lang='lat' dir='ltr'>annuatim</span> <span class='ocrx_word' id='word_1_336' title='bbox 1161 3262 1170 3271; x_wconf 92' lang='lat'><strong><em>.</em></strong></span> <span class='ocrx_word' id='word_1_337' title='bbox 1213 3262 1221 3271; x_wconf 94' lang='lat'><strong>.</strong></span> <span class='ocrx_word' id='word_1_338' title='bbox 1265 3261 1274 3271; x_wconf 91' lang='lat'>.</span> <span class='ocrx_word' id='word_1_339' title='bbox 1316 3244 1394 3285; x_wconf 92' lang='lat' dir='ltr'>pro</span> <span class='ocrx_word' id='word_1_340' title='bbox 1425 3228 1619 3283; x_wconf 90' lang='lat' dir='ltr'>qualibet</span> <span class='ocrx_word' id='word_1_341' title='bbox 1648 3242 1750 3270; x_wconf 91' lang='lat' dir='ltr'>acra</span> <span class='ocrx_word' id='word_1_342' title='bbox 1785 3227 1997 3269; x_wconf 89' lang='lat' dir='ltr'>dictarum</span> <span class='ocrx_word' id='word_1_343' title='bbox 2027 3227 2211 3282; x_wconf 87' lang='lat' dir='ltr'>triginta</span> <span class='ocrx_word' id='word_1_344' title='bbox 2240 3241 2438 3268; x_wconf 85' lang='lat' dir='ltr'>acrarum</span> 
     </span>
     <span class='ocr_line' id='line_1_32' title="bbox 498 3306 2437 3363; baseline -0.004 -7"><span class='ocrx_word' id='word_1_345' title='bbox 498 3319 613 3357; x_wconf 87' lang='lat' dir='ltr'>terre</span> <span class='ocrx_word' id='word_1_346' title='bbox 634 3312 811 3354; x_wconf 88' lang='lat' dir='ltr'>arabilis</span> <span class='ocrx_word' id='word_1_347' title='bbox 834 3325 1043 3353; x_wconf 88' lang='lat' dir='ltr'>summam</span> <span class='ocrx_word' id='word_1_348' title='bbox 1069 3310 1272 3352; x_wconf 85' lang='lat' dir='ltr'>tredecim</span> <span class='ocrx_word' id='word_1_349' title='bbox 1306 3308 1540 3351; x_wconf 87' lang='lat' dir='ltr'>solidorum</span> <span class='ocrx_word' id='word_1_350' title='bbox 1563 3311 1608 3351; x_wconf 88' lang='lat' dir='ltr'>et</span> <span class='ocrx_word' id='word_1_351' title='bbox 1628 3311 1816 3363; x_wconf 87' lang='lat' dir='ltr'>quatuor</span> <span class='ocrx_word' id='word_1_352' title='bbox 1835 3306 2110 3350; x_wconf 85' lang='lat' dir='ltr'>denariorum</span> <span class='ocrx_word' id='word_1_353' title='bbox 2132 3320 2299 3348; x_wconf 90' lang='lat' dir='ltr'>necnon</span> <span class='ocrx_word' id='word_1_354' title='bbox 2322 3319 2437 3349; x_wconf 84' lang='lat' dir='ltr'>sum—</span> 
     </span>
    </p>
   </div>
  </div>
 </body>
</html>
