3016 3958
520 627 628 682 258
1042 621 1356 679 CARTAE
1402 620 1504 674 DE
1546 615 1946 673 ECCLESIIS

337 890 496 932 CCIII,
527 870 589 926 In
624 882 754 925 simili
786 882 925 933 modo,
963 894 1041 937 per
1082 878 1275 935 singulas
1309 880 1467 926 cartas,
1500 876 1553 917 de
1588 873 1784 917 ecclesiis
1815 873 1868 915 de
1897 871 2206 928 Kingoldrum‚
2239 871 2456 929 Panbryd,

526 962 773 1019 Moniekyn‚
795 961 1006 1016 Kateryn,
1032 962 1077 1001 et
1098 958 1324 1013 Gutheryn
1358 988 1367 998 .
1398 955 1603 998 Testibus
1623 954 1775 996 iisdem
1809 984 1819 995 .

527 1134 802 1179 Confirmatio
821 1132 1002 1189 Turpini
1023 1130 1210 1187 episcopi
1232 1127 1547 1185 Brechynensis
1566 1127 1620 1169 de
1641 1126 1841 1170 omnibus
1862 1124 2056 1168 ecclesiis
2090 1157 2098 1166 .

349 1283 502 1327 CCIV.
529 1270 761 1338 Turpinus
792 1280 874 1322 Dei
907 1279 1050 1336 gratia
1085 1276 1400 1334 Brechynensis
1421 1276 1664 1332 episcopus,
1686 1273 1903 1316 vniuersis
1925 1276 2075 1316 sancte
2094 1273 2250 1316 matris
2283 1273 2463 1316 ecclesie

533 1361 634 1404 filiis
665 1364 711 1403 et
742 1359 950 1408 fidelibus,
982 1362 1235 1414 perpetuam
1268 1355 1452 1399 salutem
1474 1356 1519 1397 in
1549 1354 1737 1398 Domino
1771 1386 1780 1395 .
1814 1353 1965 1396 Sciant
1997 1357 2224 1410 presentes
2253 1357 2300 1397 et
2327 1354 2465 1397 futuri

532 1456 611 1484 nos
631 1440 799 1483 dedisse
818 1442 863 1482 et
882 1437 1144 1481 concessisse
1166 1439 1211 1480 et
1230 1435 1466 1493 episcopali
1498 1435 1762 1478 auctoritate
1783 1437 1828 1477 et
1849 1434 1932 1476 hac
1951 1434 2146 1490 presenti
2168 1438 2292 1477 carta
2313 1437 2466 1478 nostra

533 1519 807 1564 confirmasse
828 1517 920 1560 Deo
941 1520 986 1559 et
1005 1517 1182 1560 ecclesie
1205 1516 1343 1559 sancti
1365 1516 1532 1559 Thome
1561 1516 1755 1558 martiris
1775 1515 1828 1558 de
1850 1514 2155 1566 Abirbrothoc,
2178 1519 2224 1558 et
2243 1515 2467 1559 monacbis

534 1601 691 1643 ibidem
711 1598 804 1642 Deo
826 1598 1116 1641 seruientibus
1141 1601 1187 1640 et
1216 1597 1472 1647 seruituris;
1502 1597 1548 1639 in
1577 1596 1759 1639 liberam
1780 1599 1825 1638 et
1845 1609 2000 1652 puram
2030 1599 2076 1639 et
2103 1600 2359 1653 perpetuam
2381 1596 2468 1639 ele-

535 1679 744 1722 mosinam
763 1677 985 1720 ecclesiam
1005 1677 1057 1719 de
1078 1677 1214 1720 veteri
1238 1677 1433 1728 Monros,
1457 1680 1503 1720 et
1522 1677 1748 1719 ecclesiam
1769 1676 1821 1718 de
1844 1675 2151 1733 Dunnechtyn,
2173 1680 2218 1720 et
2238 1677 2466 1720 ecclesiam

534 1761 586 1802 de
607 1758 909 1814 Kingoldrum‚
943 1761 988 1799 et
1019 1757 1242 1799 ecclesiam
1274 1757 1327 1799 de
1360 1757 1577 1813 Panbryd‚
1608 1760 1654 1800 et
1683 1756 1909 1800 ecclesiam
1931 1756 1984 1798 de
2011 1755 2248 1814 Moniekyn
2279 1771 2378 1799 cum
2397 1770 2469 1799 ca·

534 1838 659 1894 pellis
679 1840 724 1880 et
743 1836 871 1879 terris
891 1840 936 1878 et
955 1836 1130 1879 decimis
1160 1841 1205 1880 et
1234 1829 1544 1888 oblacionibus,
1570 1851 1668 1879 cum
1698 1837 1898 1880 omnibus
1922 1835 2020 1878 aliis
2041 1836 2169 1879 iustis
2192 1835 2470 1893 pertinenciis

537 1919 625 1962 suis
656 1949 666 1959 .
699 1917 999 1960 Concessimus
1021 1917 1153 1960 etiam
1173 1918 1355 1975 prefatis
1384 1918 1609 1960 monachis
1638 1921 1688 1960 vt
1716 1917 2009 1974 predictarum
2030 1914 2310 1957 ecclesiarum
2331 1913 2473 1956 reddi-

536 2003 609 2041 tus
630 2002 674 2041 et
692 2000 928 2054 prouentus
947 1997 1173 2040 vniuersos
1203 1998 1249 2039 in
1279 2012 1384 2041 vsus
1404 1999 1616 2055 proprios,
1648 2001 1692 2041 et
1721 1998 1768 2039 in
1798 2012 1947 2040 eorum
1980 1994 2351 2039 sustentacionem
2372 2009 2473 2037 con-

538 2081 712 2121 uertant
744 2108 754 2120 .
785 2077 925 2133 Quare
958 2076 1156 2119 volumus
1187 2080 1237 2121 vt
1266 2078 1495 2121 memorati
1524 2078 1727 2121 monachi
1755 2079 2010 2134 pretaxatas
2040 2074 2246 2118 ecclesias
2276 2089 2374 2117 cum
2405 2089 2476 2117 ca-

540 2157 665 2214 pellis
694 2160 740 2200 et
767 2157 895 2200 terris
925 2160 969 2199 et
996 2156 1172 2200 decimis
1203 2161 1248 2200 et
1278 2158 1478 2200 omnibus
1497 2157 1596 2200 aliis
1616 2157 1950 2200 rectitudinibus
1979 2155 2035 2198 ad
2065 2155 2239 2198 easdem
2270 2155 2475 2204 ecclesias

543 2240 655 2281 iuste
674 2237 988 2294 pertinentibus
1008 2242 1185 2281 teneant
1214 2242 1260 2281 et
1286 2238 1541 2295 possideant
1569 2238 1624 2281 ad
1655 2252 1761 2281 vsus
1789 2237 1988 2294 proprios
2009 2235 2073 2279 ita
2091 2235 2226 2278 libere
2256 2239 2300 2278 et
2331 2236 2475 2291 quiete

542 2318 732 2374 plenarie
761 2320 807 2360 et
832 2317 1080 2368 honorifice,
1113 2318 1225 2360 sicut
1254 2317 1391 2374 aliqui
1420 2318 1503 2361 viri
1533 2318 1728 2375 religiosi
1757 2317 1934 2374 aliquod
1975 2316 2314 2360 ecclesiasticum
2347 2317 2477 2359 bene-

543 2399 686 2442 ficium
705 2399 750 2441 in
771 2402 863 2442 toto
883 2413 1017 2455 regno
1040 2398 1183 2441 Scotie
1203 2397 1382 2440 liberius
1403 2398 1597 2453 quiecius
1626 2397 1798 2455 plenius
1819 2400 1864 2440 'et
1884 2396 2241 2440 honorificentius
2262 2399 2414 2440 tenent
2434 2402 2479 2439 et

544 2478 766 2534 possident
796 2508 807 2519 .
837 2477 897 2520 Et
927 2477 1059 2520 liceat
1093 2478 1157 2520 eis
1189 2477 1438 2533 capellanos
1472 2491 1582 2533 quos
1617 2477 1836 2520 voluerint
1865 2476 1913 2519 in
1950 2477 2112 2520 eisdem
2150 2476 2344 2519 ecclesiis
2380 2491 2481 2520 con-

549 2558 727 2619 stituere
758 2557 891 2600 saluis
924 2556 1240 2613 episcopalibus
1270 2588 1281 2599 .
1312 2557 1415 2599 Hiis
1447 2557 1635 2600 testibus
1665 2589 1675 2600 .
1710 2557 1920 2613 Gregorio
1956 2556 2272 2608 archidiacono,
2299 2556 2479 2600 Matheo

549 2638 709 2680 decano
743 2637 795 2679 de
817 2637 1013 2693 Brechyn
1045 2669 1054 2680 .
1086 2637 1264 2679 Andrea
1295 2651 1495 2693 persona,
1528 2637 1747 2694 Magistro
1778 2637 1927 2681 Ysaac
1960 2637 2014 2680 de
2049 2637 2264 2694 Brechyn,
2286 2637 2480 2681 Roberto

551 2717 704 2759 abbate
735 2717 787 2758 de
822 2716 973 2767 Scona,
994 2715 1194 2773 Wydone
1215 2717 1371 2760 abbate
1403 2717 1456 2759 de
1484 2717 1697 2768 Lundors,
1723 2717 1909 2774 Symone
1938 2718 2101 2760 decano
2131 2717 2184 2759 de
2214 2717 2349 2760 Perth
2380 2749 2391 2759 .
2422 2718 2478 2759 A.

553 2810 737 2853 persona
755 2796 807 2838 de
827 2796 1067 2853 Forgrund,
1091 2796 1306 2839 Michaele
1326 2797 1482 2840 clerico
1511 2798 1564 2840 de
1600 2798 1760 2849 Thau„
1783 2797 1984 2840 Johanne
2005 2798 2058 2840 de
2080 2797 2288 2853 Hasting‚
2319 2795 2396 2838 W.
2426 2796 2480 2838 de

556 2876 699 2932 Haya,
718 2875 794 2917 W.
814 2876 866 2918 de
889 2875 1101 2919 Montfort
1122 2877 1355 2919 Humfrido
1376 2878 1429 2919 de
1452 2878 1666 2933 Berkelay
1695 2909 1706 2920 .
1771 2877 1902 2934 (A.D.
1928 2877 2154 2931 1178—98.)

560 3047 837 3090 Confirmatio
858 3047 1073 3104 Radulphi
1094 3050 1283 3106 episcopi
1304 3050 1621 3106 Brechynensis
1640 3050 1693 3092 de
1715 3050 1915 3092 omnibus
1936 3049 2129 3092 ecclesiis
2162 3036 2173 3090 ζ

408 3190 537 3233 CCV.
560 3180 776 3236 Testibus
798 3190 1011 3247 Gwydone
1032 3193 1185 3236 abbate
1205 3194 1258 3236 de
1279 3194 1493 3245 Lundors,
1519 3193 1728 3250 Gregorio
1749 3193 2049 3237 archidiacono
2069 3197 2233 3245 nostro,
2255 3194 2481 3238 Willelmo

561 3271 730 3315 officiali
762 3274 923 3320 nostro,
959 3262 1135 3314 Matheo
1167 3273 1327 3316 decano
1357 3277 1523 3323 nostro,
1544 3277 1589 3315 et
1619 3273 1798 3315 Andrea
1828 3273 1881 3315 de
1911 3274 2123 3330 Brechyn,
2155 3274 2405 3317 Alexandro
2425 3275 2478 3317 de

565 3352 762 3402 Mohaut,
784 3356 827 3393 et
863 3350 1074 3406 Magistro
1102 3351 1262 3405 Ysaae,
1284 3353 1451 3396 clericis
1483 3352 1661 3403 nostris,
1691 3352 1719 3394 J
1722 3352 1890 3395 ohanne
1921 3352 1974 3395 de
2006 3351 2218 3403 Munfort,
2249 3351 2394 3395 Dauid
2425 3354 2478 3395 de
