3016 3958
497 652 605 705 218
1074 643 1369 700 GARTAE
1413 644 1914 700 ORIGINALES.

499 838 808 888 feodifirmam
851 852 934 885 seu
980 834 1307 898 emphiteosim
1354 834 1639 882 hereditarie
1682 834 1913 883 dimisisse
1952 862 1963 873 ·
2002 862 2013 873 ·
2051 862 2061 874 ·
2096 836 2296 898 prouido
2336 836 2437 884 viro

498 930 531 976 J
536 928 684 976 acobo
709 926 945 975 Grahame
968 923 1065 972 filio
1102 922 1308 971 Walteri
1336 923 1575 983 Grahame
1611 924 1669 971 de
1706 923 2020 972 Drumblaine
2056 925 2154 974 suis
2186 926 2439 974 heredibus

503 1022 552 1066 et
575 1015 827 1079 assignatis
848 1018 1000 1062 totam
1037 1017 1086 1060 et
1122 1012 1351 1075 integram
1388 1012 1622 1076 prefatam
1646 1012 1824 1076 petiam
1860 1017 1987 1061 terre
2023 1017 2157 1062 vaste
2195 1041 2206 1053 ·
2245 1042 2255 1052 ·
2294 1042 2305 1052 ·
2343 1015 2439 1062 Re-

502 1107 737 1155 seruando
770 1108 931 1153 tamen
966 1102 1101 1150 nobis
1137 1105 1186 1149 et
1221 1101 1571 1150 successoribus
1595 1103 1772 1150 nostris
1810 1129 1820 1139 ·
1860 1129 1870 1140 ·
1910 1130 1920 1140 ·
1949 1102 2123 1164 januas
2158 1118 2242 1151 seu
2276 1107 2440 1166 portas

502 1210 718 1257 magnam
760 1197 808 1241 et
848 1208 1041 1256 paruam
1080 1190 1128 1238 in
1170 1191 1500 1254 prenominata
1544 1195 1675 1239 turre
1723 1195 1894 1240 vocata
1940 1191 2173 1240 Carnokis
2211 1195 2348 1240 toure
2389 1196 2439 1239 et
2510 1229 2517 1234 .

503 1283 702 1330 liberum
741 1296 974 1344 egressum
1011 1283 1060 1326 et
1097 1279 1354 1342 ingressum
1390 1297 1474 1343 per
1512 1280 1702 1328 easdem
1738 1284 1786 1328 et
1822 1280 2051 1343 palatium
2075 1284 2288 1328 nostrum
2326 1308 2337 1318 ·
2375 1308 2386 1318 ·
2427 1308 2437 1317 ·

508 1371 780 1419 Tenendam
815 1398 825 1407 ·
861 1397 872 1407 ·
908 1397 918 1406 ·
951 1369 998 1415 in
1034 1368 1296 1416 feodifirma
1319 1372 1369 1416 et
1393 1369 1660 1417 hereditate
1686 1369 2032 1433 imperpetuum
2059 1397 2069 1407 ·
2098 1397 2107 1407 ·
2136 1397 2146 1407 ·
2175 1370 2438 1417 Reddendo

506 1461 613 1507 inde
637 1459 879 1507 annuatim
906 1487 916 1496 ·
944 1487 954 1497 ·
983 1487 992 1496 ·
1018 1459 1154 1507 nobis
1178 1462 1226 1506 et
1250 1459 1601 1508 successoribus
1619 1459 1796 1508 nostris
1820 1475 2053 1508 summam
2078 1475 2164 1508 sex
2183 1459 2439 1508 solidorum

507 1554 556 1597 et
596 1554 705 1597 octo
741 1548 1037 1596 denariorum
1076 1576 1086 1585 ·
1126 1576 1137 1585 ·
1177 1576 1186 1585 ·
1223 1552 1412 1596 monete
1450 1576 1460 1586 ·
1500 1576 1510 1586 ·
1549 1576 1561 1586 ·
1598 1548 1759 1596 Scotie
1794 1548 1982 1596 nomine
2029 1548 2290 1596 feodifirme
2327 1575 2339 1586 ·
2378 1576 2388 1585 ·
2428 1576 2437 1585 ·

507 1638 566 1685 In
602 1639 734 1686 cuius
769 1638 835 1684 rei
869 1637 1194 1685 testimonium
1229 1637 1527 1699 presentibus
1550 1652 1693 1684 manu
1716 1640 1880 1685 nostra
1899 1651 2082 1684 necnon
2107 1636 2438 1684 canonicorum

508 1728 718 1775 eiusdem
764 1730 924 1775 nostre
972 1725 1170 1774 ecclesie
1217 1725 1497 1789 subscriptis
1534 1753 1544 1763 ·
1584 1753 1595 1763 ·
1635 1753 1645 1763 ·
1681 1724 1888 1788 sigillum
1924 1729 2137 1773 nostrum
2185 1725 2437 1773 rotundum

507 1831 704 1863 unacum
742 1814 895 1878 sigillo
932 1814 1166 1863 communi
1205 1813 1321 1862 dicti
1358 1813 1555 1877 capituli
1589 1817 1699 1863 sunt
1735 1829 1946 1877 appensa
1979 1814 2105 1877 apud
2130 1814 2307 1861 dictam
2331 1829 2439 1862 nos-

505 1909 629 1952 tram
665 1903 919 1951 Civitatem
956 1902 1323 1950 Brechinensem
1360 1902 1544 1950 decimo
1582 1902 1658 1949 die
1698 1902 1872 1950 mensis
1908 1902 1943 1948 J
1949 1902 2044 1949 unii
2078 1918 2202 1950 anno
2243 1902 2438 1950 Domini

506 1992 754 2040 millesimo
789 1992 1162 2055 quingentesimo
1195 1991 1542 2055 septuagesimo
1576 2007 1701 2039 nono
1731 1991 2080 2054 Quamquidem
2106 1995 2287 2039 cartam
2325 2019 2335 2029 ·
2375 2019 2386 2029 ·
2426 2020 2436 2029 ·

507 2081 554 2128 in
594 2080 809 2129 omnibus
849 2080 946 2128 suis
983 2080 1169 2142 punctis
1205 2083 1254 2127 et
1288 2078 1502 2128 articulis
1539 2107 1549 2117 ·
1588 2107 1599 2117 ·
1638 2107 1647 2117 ·
1684 2080 2014 2128 confirmamus
2052 2108 2062 2118 ·
2103 2107 2113 2117 ·
2151 2105 2163 2119 ·
2199 2081 2260 2127 In
2303 2080 2437 2130 cuius

510 2169 579 2217 rei
602 2168 926 2217 testimonium
961 2168 1070 2215 huic
1103 2168 1311 2231 presenti
1336 2172 1466 2216 carte
1489 2171 1650 2216 nostre
1674 2168 2043 2217 confirmationis
2065 2184 2285 2232 magnum
2310 2169 2437 2233 sigil-

506 2258 602 2305 lum
626 2260 838 2305 nostrum
862 2256 1034 2319 apponi
1053 2256 1347 2319 precepimus
1364 2256 1566 2304 testibus
1582 2255 1855 2319 predilectis
1878 2257 2053 2305 nostris
2078 2258 2437 2320 consanguineis

507 2352 554 2394 et
580 2345 860 2395 consiliariis
885 2346 1030 2394 Esmo
1057 2346 1293 2393 Lennocie
1319 2347 1438 2393 duce
1465 2346 1637 2393 comite
1674 2347 1732 2392 de
1769 2346 1994 2393 Dernelie
2029 2347 2218 2395 domino
2244 2348 2439 2396 Tarbol-

505 2440 620 2483 toun
663 2434 893 2482 Dalkeith
934 2438 983 2482 et
1028 2434 1253 2497 Aubigny
1289 2438 1378 2481 etc.
1415 2450 1583 2497 magno
1617 2434 1746 2496 regni
1781 2434 1930 2482 nostri
1966 2435 2224 2483 camerario
2271 2436 2439 2484 Colino

508 2524 714 2587 Argadie
739 2523 911 2571 comite
937 2523 1125 2570 domino
1151 2522 1395 2585 Campbell
1419 2526 1469 2570 et
1494 2523 1648 2570 Lorne
1672 2526 1762 2570 etc.
1789 2522 2071 2571 cancellario
2095 2539 2151 2571 ac
2169 2524 2437 2586 justiciario

506 2617 667 2661 nostro
690 2610 895 2675 generali
919 2610 1309 2659 reuerendissimo
1332 2626 1389 2659 ac
1412 2611 1668 2660 venerabili
1692 2612 1739 2659 in
1765 2612 1954 2660 Christo
1978 2613 2192 2676 patribus
2227 2614 2438 2663 Patricio

507 2702 845 2750 Sanctiandree
880 2700 1233 2763 archiepiscopo
1271 2700 1486 2748 Roberto
1521 2701 1922 2749 commendatario
1967 2702 2241 2750 monasterii
2287 2704 2438 2752 nostri

507 2792 563 2838 de
600 2788 960 2851 Dunfermeling
993 2793 1155 2837 nostro
1189 2790 1445 2838 secretario
1480 2789 1666 2838 dilectis
1689 2790 1864 2838 nostris
1897 2790 2208 2840 familiaribus
2242 2795 2291 2839 et
2326 2807 2436 2840 con-

506 2879 695 2928 siliariis
719 2877 993 2926 Alexandro
1031 2878 1143 2941 Hay
1177 2881 1443 2927 nostrorum
1480 2878 1740 2927 rotulorum
1764 2879 1950 2941 registri
1974 2894 2032 2927 ac
2055 2878 2238 2928 consilii
2263 2879 2435 2929 clerico

508 2967 749 3015 Lodouico
774 2966 1034 3014 Bellenden
1069 2967 1127 3014 de
1163 2966 1431 3014 Auchnoull
1466 2965 1617 3015 milite
1651 2971 1811 3015 nostre
1840 2967 2104 3028 justiciarie
2129 2967 2301 3016 clerico
2338 2969 2434 3017 Ro-

506 3056 640 3103 berto
659 3055 795 3102 Scott
814 3058 972 3103 nostre
993 3054 1271 3103 cancellarie
1291 3054 1524 3103 directore
1549 3058 1598 3103 et
1622 3055 1846 3118 magistro
1871 3055 2053 3103 Thoma
2077 3056 2433 3120 Buquhannane

507 3146 565 3191 de
589 3143 743 3191 Ybert
766 3143 915 3192 nostri
939 3143 1110 3192 secreti
1135 3143 1274 3207 sigilli
1298 3143 1494 3192 custode
1529 3143 1655 3207 apud
1681 3142 2061 3192 Halierudehous
2097 3172 2109 3182 ·
2144 3145 2209 3191 24
2236 3146 2435 3194 Novem-

508 3232 604 3280 bris
629 3232 755 3279 1581
796 3259 807 3268 -
