3016 3958
1105 613 1397 670 GARTAE
1442 615 1942 674 ORIGINALES.
2391 623 2499 678 221

554 816 737 849 necnon
762 801 952 851 illarum
980 805 1177 852 duarum
1201 821 1417 853 acrarum
1441 809 1677 855 terrarum
1702 809 1949 857 arabilium
1968 810 2229 872 jacentium
2266 828 2326 860 ex
2362 818 2495 877 parte

555 891 735 943 boreali
777 892 840 941 lie
881 892 1041 942 latche
1085 895 1142 942 de
1186 894 1422 943 Brechine
1464 895 1589 944 inter
1629 901 1782 946 terras
1823 900 1881 946 de
1924 899 2207 948 Cuikistoun
2247 902 2308 948 ad
2344 902 2498 951 oriens

553 985 707 1030 terras
744 983 802 1031 de
840 983 1121 1033 Masondew
1155 985 1216 1032 ad
1252 985 1443 1033 boream
1481 990 1635 1035 terras
1670 992 1863 1036 vocatas
1888 988 2077 1038 Croillis
2100 989 2250 1038 hillok
2274 991 2497 1039 Villelmo

556 1071 714 1121 Periss
760 1078 1035 1137 spectantes
1082 1078 1131 1122 et
1177 1078 1332 1123 terras
1368 1075 1546 1123 domini
1582 1075 1739 1124 David
1777 1078 2000 1141 Lyndsay
2038 1080 2095 1127 de
2134 1079 2299 1128 Edzell
2333 1080 2497 1130 militis

551 1162 611 1210 ad
649 1162 870 1211 occidens
894 1167 943 1211 et
969 1163 1148 1211 dictum
1190 1163 1351 1212 latche
1393 1165 1455 1212 ad
1497 1170 1711 1214 austrum
1750 1194 1760 1204 ·
1800 1167 2128 1231 Quodquidem
2171 1173 2494 1218 tenementum

552 1268 736 1300 necnon
760 1268 902 1301 acrae
935 1257 1093 1301 terrae
1129 1253 1323 1302 arabilis
1357 1254 1681 1318 praescriptae
1716 1256 1906 1303 fuerunt
1941 1257 2070 1319 prius
2106 1258 2306 1320 Agnetis
2341 1259 2499 1308 Craw-

552 1343 726 1390 mound
751 1342 946 1391 relictae
972 1344 1210 1407 quondam
1238 1344 1459 1392 Andreae
1496 1344 1727 1392 Stratoun
1764 1349 1813 1394 et
1849 1361 1973 1393 nunc
2009 1362 2209 1409 sponsae
2235 1346 2496 1396 Alexandri

553 1432 865 1495 Kynnemont
888 1432 1009 1482 alias
1033 1433 1191 1481 Somir
1215 1434 1331 1482 civis
1368 1433 1526 1482 dictae
1557 1433 1781 1483 Civitatis
1806 1435 2122 1483 haereditarie
2158 1440 2207 1484 et
2242 1454 2327 1500 pro
2352 1438 2496 1486 certis

551 1521 734 1584 magnis
766 1522 1071 1585 pecuniarum
1112 1523 1310 1572 summis
1348 1524 1588 1587 resignata
1624 1525 1814 1572 fuerunt
1853 1541 1937 1588 per
1975 1525 2150 1573 dictam
2175 1524 2411 1588 Agnetem
2448 1527 2493 1573 in

550 1610 767 1658 manibus
793 1611 910 1658 dicti
934 1612 1260 1676 praeceptoris
1283 1613 1331 1660 in
1357 1614 1566 1661 favorem
1593 1613 1711 1662 dicti
1737 1614 1929 1677 Georgii
1956 1613 2269 1663 Crawmound
2295 1615 2496 1677 junioris

553 1700 742 1764 nepotis
796 1700 953 1749 dictae
1009 1701 1217 1765 Agnetis
1267 1703 1525 1751 haeredum
1569 1704 1671 1766 ejus
1711 1709 1760 1752 et
1802 1705 2144 1768 assignatorum
2199 1732 2210 1743 ·
2261 1706 2495 1754 Tenendis

550 1790 680 1838 dicto
727 1794 1002 1839 tenemento
1036 1807 1221 1840 necnon
1258 1793 1441 1842 duabus
1475 1793 1599 1842 acris
1634 1797 1866 1842 terrarum
1899 1793 2205 1858 praescriptis
2251 1794 2298 1841 in
2345 1795 2491 1842 feodi-

548 1880 684 1928 firma
728 1880 868 1928 feodo
918 1885 967 1929 et
1012 1881 1310 1930 haereditate
1352 1882 1700 1946 imperpetuum
1741 1911 1750 1921 ·
1790 1883 2055 1931 Reddendo
2096 1883 2204 1931 inde
2246 1885 2488 1931 annuatim

548 1971 705 2018 dictae
753 1971 921 2019 domus
965 1971 1354 2035 praeceptoribus
1400 1987 1631 2020 summam
1681 1972 1843 2020 decem
1892 1977 1942 2020 et
1989 1976 2100 2021 octo
2146 1971 2398 2021 solidorum
2442 1978 2489 2020 et

547 2065 753 2123 quatuor
777 2061 1075 2109 denariorum
1111 2051 1331 2109 monetae
1368 2061 1560 2109 Scotiae
1596 2061 1785 2110 nomine
1819 2062 2139 2118 feodifirmae3
2174 2077 2356 2110 necnon
2379 2063 2492 2109 faci-

547 2152 669 2198 endo
692 2155 792 2200 tres
815 2155 973 2200 sectas
997 2152 1056 2198 ad
1082 2151 1178 2199 tria
1199 2150 1381 2215 placita
1404 2150 1633 2215 capitalia
1656 2166 1859 2198 unacum
1883 2150 1991 2200 aliis
2026 2150 2230 2199 servitiis
2265 2151 2312 2198 in
2349 2152 2489 2200 curiis

546 2240 703 2288 dictae
741 2241 908 2289 domus
944 2244 1306 2304 praeceptorum
1346 2244 1487 2304 prout
1530 2241 1824 2290 consuetudo
1866 2240 2139 2304 expostulat
2178 2268 2187 2278 ·
2226 2241 2487 2289 Reservato

543 2334 705 2379 tamen
730 2331 888 2379 dictae
914 2330 1089 2393 Agneti
1115 2330 1434 2378 Crawmound
1480 2330 1581 2392 ejus
1604 2329 1739 2378 vitali
1764 2330 1953 2377 redditu
1977 2330 2237 2377 tenementi
2273 2333 2321 2377 et
2356 2346 2487 2377 acra-

544 2436 646 2468 rum
671 2419 1020 2468 antedictorum
1059 2447 1069 2456 ·
1108 2419 1245 2467 Haec
1282 2424 1417 2467 carta
1451 2419 1632 2468 habens
1667 2420 1716 2466 in
1751 2435 1802 2468 se
1827 2422 2133 2483 praeceptum
2158 2418 2359 2468 saisinae
2387 2421 2482 2467 Ro-

543 2511 680 2558 berto
707 2508 884 2557 Rollok
906 2508 1080 2556 ballivo
1105 2509 1220 2556 data
1254 2512 1328 2557 est
1364 2509 1450 2557 sub
1474 2508 1628 2571 sigillo
1663 2513 1712 2557 et
1747 2509 2092 2573 subscriptione
2129 2508 2335 2557 manuali
2362 2509 2476 2557 dicti

541 2599 866 2664 praeceptoris
889 2599 1014 2662 apud
1040 2598 1246 2646 Brechin
1284 2613 1442 2646 coram
1476 2599 1551 2647 his
1586 2599 1790 2647 testibus
1826 2598 2051 2661 magistro
2089 2595 2331 2645 Willelmo
2368 2597 2481 2644 Car-

541 2706 664 2753 negy
710 2705 796 2738 suo
841 2687 989 2736 fratre
1046 2703 1270 2750 germano
1328 2687 1362 2733 J
1367 2703 1518 2735 oanne
1566 2687 1833 2736 Auchinlec
1880 2703 1964 2736 suo
2012 2686 2237 2735 servitore
2293 2686 2480 2734 Joanne

541 2780 752 2842 R-amsay
799 2782 848 2826 et
895 2777 1120 2841 magistro
1169 2777 1352 2825 Thoma
1401 2777 1614 2842 Ramsay
1662 2778 1861 2827 notariis
1908 2776 2108 2841 publicis
2145 2805 2156 2815 ·
2195 2777 2258 2824 16
2300 2775 2478 2839 Aprilis

544 2869 673 2917 1586
713 2896 723 2906 ·
