3016 3958
345 1892 479 1939 LIV.

1062 640 1355 697 GARTAE
1403 640 1903 698 ORIGINALES.
2387 639 2458 692 99

511 827 819 878 Brecbinensi
859 857 868 867 ·
908 857 917 868 ·
960 858 970 868 ·
1006 831 1094 880 sub
1135 847 1260 880 611110
1299 860 1308 870 -
1347 859 1358 870 ·
1398 861 1407 870 ·
1446 831 1756 880 Presentibus
1793 830 1968 879 ibidem
2013 828 2367 878 honorabilibus
2401 843 2458 876 ac

509 916 721 977 prouidis
745 918 857 967 viris
879 919 913 966 J
918 919 1103 968 ohanne
1129 920 1320 983 Erskyn
1357 922 1416 969 de
1456 920 1569 968 Dun
1607 920 1791 968 Thoma
1827 919 1981 984 Lydal
2014 920 2049 967 J
2053 920 2236 968 ohanne
2275 918 2457 966 Litstar

507 1005 541 1050 J
546 1005 730 1054 ohanne
769 1007 893 1055 Aval
932 1009 966 1055 J
970 1009 1156 1057 ohanne
1196 1009 1396 1058 Walcar
1435 1010 1468 1056 J
1471 1009 1656 1058 ohanne
1693 1008 1863 1058 Talzor
1898 1008 2178 1057 Alexandro
2226 1007 2455 1055 Webstar

507 1098 766 1158 sergeando
790 1112 896 1145 cum
921 1098 1084 1148 multis
1107 1098 1215 1148 aliis
1253 1127 1263 1137 ·
1303 1127 1313 1138 ·
1354 1128 1364 1138 ·

577 1188 643 1237 Et
681 1190 784 1253 Ego
819 1192 854 1239 J
857 1191 1069 1242 ohannes
1105 1193 1183 1257 Gy
1221 1193 1465 1242 Presbiter
1499 1193 1835 1242 Brechinensis
1859 1192 2078 1242 dioecesis
2100 1191 2319 1256 publicus
2342 1206 2453 1238 auc-

507 1278 704 1327 toritate
729 1280 963 1343 imperiali
987 1282 1214 1338 notarius,
1240 1283 1352 1346 quia
1389 1311 1400 1320 ·
1439 1311 1449 1320 ·
1489 1311 1499 1320 ·

506 1477 653 1526 Carta
676 1480 960 1530 venditionis
983 1481 1043 1529 de
1072 1482 1255 1532 duabus
1290 1483 1462 1532 marcis
1498 1484 1556 1530 de
1591 1483 1734 1532 terris
1769 1484 1828 1531 de
1865 1483 2141 1531 Cukestoun
2163 1482 2294 1530 facta
2318 1479 2454 1528 Wal-

502 1569 608 1614 tero
632 1567 690 1615 de
715 1567 932 1633 Carnegy
954 1586 1040 1634 per
1056 1570 1091 1618 J
1095 1571 1330 1620 ohannem
1357 1573 1416 1620 de
1443 1571 1547 1619 Hill
1571 1573 1629 1620 de
1655 1572 1935 1621 Cukestoun
1974 1601 1984 1610 ·

573 1658 679 1704 Aue
703 1658 927 1707 chartour
959 1659 1087 1723 giffin
1111 1660 1171 1708 be
1204 1661 1337 1710 John
1362 1661 1466 1709 Hill
1488 1666 1542 1711 to
1568 1661 1758 1710 Walter
1782 1662 2000 1726 Carnegy
2034 1662 2102 1710 off
2133 1660 2350 1709 Kinnard
2388 1659 2455 1707 off

507 1746 618 1808 xxvj
645 1762 681 1795 6.
706 1748 784 1810 viij
812 1749 856 1796 d.
881 1752 965 1798 out
989 1749 1058 1798 off
1088 1749 1354 1799 Cuikstoun
1392 1778 1403 1789 ·

516 1867 787 1952 Omnibus
809 1904 931 1952 hanc
955 1908 1134 1953 cartam
1156 1905 1325 1954 visuris
1349 1905 1422 1954 vel
1446 1906 1680 1954 audituris
1697 1907 1732 1953 J
1735 1906 1946 1954 ohannes
1961 1905 2062 1969 Hyl
2086 1906 2145 1953 de
2165 1905 2443 1968 Cukystoun

505 1990 720 2040 Salutem
758 2020 769 2032 ·
802 2021 812 2030 ·
840 2021 850 2030 ·
887 1992 1063 2042 Sciatis
1081 2010 1156 2042 1116
1194 2021 1204 2032 ·
1236 2021 1248 2032 ·
1280 2022 1290 2032 ·
1326 1994 1593 2043 vendidisse
1631 2023 1642 2032 ·
1675 2023 1686 2032 ·
1717 2023 1728 2032 ·
1755 1994 1976 2043 Waltero
1993 1995 2208 2058 Carnegy
2228 1996 2286 2042 de
2308 1995 2443 2058 Kyn-

501 2079 620 2127 hard
655 2095 795 2128 vnum
829 2097 1036 2130 annuum
1060 2082 1298 2131 redditum
1334 2084 1529 2132 duarum
1567 2100 1830 2132 marcarum
1854 2083 2032 2133 usualis
2062 2088 2250 2133 monete
2288 2083 2444 2146 Regni

502 2170 663 2218 Scotie
704 2172 950 2219 annuatim
987 2200 998 2210 ·
1037 2201 1048 2210 ·
1088 2200 1098 2210 ·
1135 2173 1194 2221 de
1222 2177 1330 2222 tota
1364 2177 1414 2221 et
1451 2174 1637 2237 integra
1671 2178 1842 2238 quarta
1876 2179 2013 2238 parte
2044 2179 2282 2223 terrarum
2318 2191 2446 2223 mea-

502 2275 602 2306 rum
628 2261 687 2307 de
712 2259 959 2324 Cukyston
984 2261 1248 2323 jacentium
1273 2262 1321 2310 in
1346 2263 1542 2311 baronia
1565 2263 1624 2311 de
1650 2261 1891 2326 Roscolby
1915 2263 2038 2311 infra
2061 2264 2441 2312 vicecomitatum

503 2349 561 2395 de
604 2349 773 2397 Forfar
810 2377 820 2387 ·
859 2378 869 2387 -
908 2378 919 2387 ·
956 2350 1233 2399 Tenendum
1275 2355 1325 2399 et
1366 2352 1633 2399 habendum
1675 2352 1913 2415 prefatum
1954 2367 2163 2399 annuum
2204 2353 2441 2400 redditum

505 2465 516 2474 ·
554 2466 565 2475 ·
603 2465 615 2475 ·
651 2438 781 2486 dicto
805 2438 1026 2487 Waltero
1049 2439 1303 2489 heredibus
1326 2440 1427 2489 suis
1455 2444 1504 2488 et
1528 2440 1781 2503 assignatis
1815 2455 1845 2487 a
1878 2456 1954 2488 me
1977 2440 2230 2490 heredibus
2254 2442 2370 2490 meis
2394 2446 2444 2489 et

501 2526 753 2589 assignatis
790 2554 801 2565 ·
840 2555 850 2564 ·
890 2555 900 2564 ·
937 2528 984 2575 in
1008 2529 1149 2576 feodo
1172 2533 1223 2577 et
1253 2529 1521 2577 hereditate
1557 2529 1902 2592 imperpetuum
1941 2557 1950 2566 ·
1991 2557 2001 2566 ·
2041 2557 2050 2567 ·
2088 2531 2162 2578 Ac
2186 2531 2331 2578 etiam
2355 2547 2441 2593 ego

501 2614 713 2677 prefatus
751 2615 784 2662 J
789 2615 998 2664 ohannes
1036 2644 1046 2653 ·
1086 2645 1096 2654 ·
1135 2644 1145 2654 ·
1182 2615 1338 2679 obligo
1373 2633 1448 2665 me
1482 2617 1682 2666 heredes
1715 2633 1847 2666 meos
1884 2645 1893 2654 ·
1933 2645 1943 2654 ·
1985 2645 1995 2654 ·
2030 2619 2090 2665 ad
2133 2619 2441 2666 warantizan-

501 2704 612 2751 dum
651 2732 661 2741 -
699 2732 710 2742 ·
749 2732 759 2742 ·
797 2705 992 2753 Necnon
1016 2705 1057 2754 si
1087 2705 1216 2753 dicto
1255 2705 1476 2754 Waltero
1498 2721 1583 2754 seu
1605 2705 1859 2754 heredibus
1881 2705 1979 2754 suis
2001 2705 2050 2753 in
2074 2707 2260 2768 prefato
2284 2723 2440 2754 annuo

500 2793 689 2840 redditu
727 2793 930 2841 tutiores
963 2794 1065 2841 fore
1102 2792 1304 2856 placeat,
1341 2793 1496 2856 obligo
1531 2809 1606 2840 me
1642 2797 1692 2841 et
1725 2793 1924 2842 heredes
1962 2809 2093 2842 meos
2131 2823 2141 2832 ·
2180 2822 2190 2832 ·
2229 2822 2239 2832 ·
2275 2796 2335 2842 ad
2369 2812 2439 2843 16-

500 2881 779 2943 signandum
804 2882 983 2929 dictum
1008 2898 1214 2930 annuum
1239 2882 1476 2929 redditum
1511 2882 1559 2928 in
1595 2882 1815 2930 manibus
1839 2883 2016 2930 domini
2054 2883 2146 2930 mei
2184 2884 2440 2947 superioris

500 2971 548 3017 in
571 2971 781 3019 fauorem
818 2987 978 3018 eorum
1018 2999 1027 3008 ι
1069 2999 1078 3008 ·
1118 2998 1128 3008 ·
1167 2971 1234 3018 Et
1270 2986 1357 3033 ego
1393 2970 1550 3019 dictus
1582 2971 1617 3017 J
1621 2971 1830 3019 ohannes
1868 2998 1878 3008 ·
1918 2999 1927 3008 ·
1968 2999 1977 3008 ·
2015 2971 2192 3019 dictum
2229 2989 2435 3021 annuum

499 3060 735 3107 redditum
774 3088 784 3098 ·
822 3087 833 3098 ·
872 3089 882 3098 ·
920 3076 1026 3107 cum
1050 3059 1352 3123 pertinentiis
1375 3075 1432 3107 ac
1456 3059 1558 3107 eius
1582 3058 1899 3107 venditionem
1939 3087 1949 3097 .
1987 3086 1997 3095 ·
2038 3088 2048 3098 ·
2085 3065 2251 3108 contra
2274 3077 2435 3110 omnes

550 3177 562 3186 -
602 3176 612 3186 ·
647 3149 1062 3197 warantizabimus
1099 3176 1110 3186 ·
1148 3177 1160 3186 ·
1199 3176 1209 3186 ·
1247 3148 1308 3196 In
1349 3148 1485 3196 cuius
1526 3147 1618 3194 Rei
1664 3147 1989 3197 testimonium
2031 3148 2238 3212 sigillum
2279 3166 2436 3198 meum

499 3237 608 3283 huic
632 3241 763 3284 carte
787 3253 890 3285 mee
915 3240 989 3285 est
1012 3252 1271 3301 appensum
1295 3237 1421 3300 apud
1451 3236 1701 3299 Cukyston
1739 3236 1822 3298 xxj
1860 3237 1936 3284 die
1960 3237 2135 3287 mensis
2158 3238 2438 3288 Decembris

501 3326 640 3373 Anno
664 3325 841 3373 domini
864 3324 1114 3374 millesimo
1133 3325 1595 3388 quadringentesimo
1612 3325 1908 3388 sexagesimo
1931 3327 2083 3390 primo
2122 3355 2132 3364 ·
2171 3327 2280 3376 Hiis
2302 3329 2437 3377 testi-
