3016 3958
307 2143 530 2188 CCLXII.

1048 595 1258 651 CART
1268 596 1370 652 ΑΕ
1411 597 2041 656 MISCELLANEAE.
2398 606 2510 662 299

561 772 882 827 possessionem
918 775 1047 817 unius
1084 777 1336 825 tenementi‚
1371 777 1486 833 quod
1523 778 1668 820 fuerat
1706 778 1810 821 olim
1845 780 2003 835 prefati
2041 781 2295 833 Alexandri,
2327 784 2515 838 jacentis

561 853 678 895 infra
709 856 1058 899 vicecomitatum
1095 857 1148 898 de
1184 857 1358 899 Forfair
1394 861 1438 900 et
1473 858 1518 899 in
1556 858 1746 900 Ciuitate
1782 863 1935 902 nostra
1972 860 2258 903 Brechinensi
2297 877 2350 904 ex
2390 869 2514 920 parte

562 934 764 976 orientali
801 936 994 978 eiusdem
1030 938 1144 979 inter
1178 941 1321 980 terras
1357 938 1573 981 Johannis
1618 939 1721 982 Scot
1761 940 1816 982 ad
1856 945 2055 983 austrum
2097 945 2142 984 et
2180 945 2323 985 terras
2367 944 2515 987 Sancti

562 1014 744 1057 Niniani
775 1017 830 1058 ad
862 1018 1054 1068 boream,
1078 1019 1270 1060 estimati
1304 1033 1381 1060 seu
1411 1020 1650 1075 appreciati
1680 1021 1734 1062 ad
1765 1025 1862 1064 octo
1893 1036 2061 1064 mercas
2093 1024 2318 1067 annuatim
2350 1025 2515 1067 usualis

560 1098 733 1137 monete
749 1097 873 1152 regni
893 1096 1039 1140 Scocie
1057 1097 1148 1140 siue
1164 1099 1219 1140 ad
1237 1102 1334 1141 octo
1350 1104 1566 1142 mercatas
1582 1104 1799 1143 terrarum
1831 1134 1840 1144 .
1876 1133 1887 1144 .
1920 1135 1930 1144 .
1963 1102 2078 1145 dicto
2099 1103 2128 1145 J
2131 1104 2292 1146 ohanni
2315 1105 2514 1161 Carnegy

561 1178 638 1217 aut
659 1190 737 1217 suo
759 1180 877 1218 certo
909 1181 1132 1220 attornato
1165 1210 1173 1221 .
1209 1209 1220 1220 .
1253 1215 1262 1223 .
1295 1180 1483 1222 tradatis
1517 1212 1526 1222 .
1560 1211 1570 1221 .
1604 1214 1613 1223 .
1646 1181 1888 1224 Reseruato
1919 1186 2067 1224 tamen
2099 1187 2144 1226 et
2174 1189 2354 1240 excepto
2386 1199 2438 1226 ex
2469 1189 2512 1226 et

559 1257 611 1298 de
637 1257 752 1298 dicto
774 1260 1023 1300 tenemento
1055 1259 1201 1301 valore
1232 1260 1385 1316 viginti
1420 1261 1628 1302 librarum
1652 1262 1765 1304 dicte
1787 1266 1960 1304 monete
1982 1263 2103 1318 prius
2134 1263 2279 1306 Dauid
2313 1264 2512 1320 Gardyne

558 1337 604 1379 in
627 1337 897 1379 Brektullow
918 1339 1268 1395 appreciatarum
1301 1344 1352 1382 ut
1383 1372 1392 1382 .
1425 1373 1436 1383 .
1470 1372 1480 1382 .
1512 1341 1556 1382 in
1588 1342 1751 1384 eisdem
1783 1342 1944 1385 litteris
1974 1344 2107 1400 regiis
2138 1345 2386 1387 continetur
2417 1376 2426 1385 .
2460 1375 2471 1386 .
2502 1378 2511 1387 .

560 1416 612 1457 In
634 1417 757 1458 cuius
776 1416 842 1458 rei
861 1417 1161 1459 testimonium
1184 1423 1384 1461 nostrum
1407 1420 1599 1476 sigillum
1621 1422 1854 1463 rotundum
1886 1423 2162 1478 presentibus
2184 1427 2254 1467 est
2271 1438 2510 1480 appensum

557 1496 671 1551 apud
693 1497 834 1539 locum
857 1511 933 1538 seu
954 1499 1191 1540 maneriem
1213 1503 1407 1541 nostram
1429 1500 1482 1541 de
1504 1500 1738 1542 Fernwaill
1761 1502 1829 1543 die
1860 1502 2113 1545 duodecimo
2135 1503 2298 1545 mensis
2319 1505 2510 1560 Augusti

557 1591 671 1619 anno
687 1576 866 1619 Domini
887 1577 1118 1621 millesimo
1140 1579 1487 1635 quingentesimo
1510 1581 1761 1624 duodecimo
1788 1586 1833 1624 et
1863 1586 2011 1625 nostre
2037 1584 2375 1627 consecrationis
2396 1599 2509 1627 anno

555 1656 709 1713 xxiiij0·

559 1901 815 1958 Preceptum
850 1903 993 1944 sasine
1014 1902 1068 1944 de
1089 1902 1236 1944 Eister
1266 1902 1457 1959 Delgate
1487 1902 1649 1945 factum
1682 1918 1760 1959 per
1791 1904 2011 1946 dominum
2043 1904 2362 1947 Wuillielmum
2402 1906 2509 1949 Car-

673 1982 798 2038 negie
820 1983 872 2023 de
895 1982 1160 2024 Messindew
1184 1983 1375 2026 Roberto
1399 1984 1450 2025 de
1475 1984 1692 2026 Kinnaird
1726 2017 1736 2026 .

556 2129 788 2184 Dominus
808 2142 1062 2184 Willelmus
1085 2142 1288 2199 Carncgy
1308 2147 1537 2199 preceptor
1557 2144 1710 2185 domus
1733 2143 1821 2185 Dei
1838 2144 1929 2185 siue
1951 2145 2182 2200 hospitalis
2203 2145 2302 2187 diue
2324 2146 2507 2202 virginis

556 2223 697 2264 Marie
719 2223 833 2264 infra
860 2223 1094 2265 Ciuitatem
1123 2222 1461 2265 Erechinensem
1485 2223 1634 2265 situati
1663 2223 1832 2266 dilectis
1853 2224 2015 2266 nostris
2035 2224 2065 2267 J
2067 2225 2200 2267 acobo
2224 2225 2342 2281 Greg
2428 2281 2430 2283 -

902 2318 952 2344 ac
975 2317 1123 2345 eorum
1145 2303 1324 2345 cuilibet
1345 2303 1607 2345 coniunctim
1625 2307 1669 2345 et
1684 2304 1852 2346 diuisim
1871 2304 2046 2346 balliuis
2068 2306 2230 2348 nostris
2262 2339 2271 2349 .
2306 2338 2316 2347 .
2351 2337 2361 2347 .
2394 2307 2504 2361 Quia

557 2397 654 2425 cum
675 2398 892 2425 consensu
913 2387 958 2425 et
987 2398 1171 2426 assensu
1192 2383 1348 2425 nobilis
1370 2384 1452 2425 viri
1474 2384 1639 2425 Thome
1671 2384 1832 2425 Erskin
1853 2385 1906 2426 de
1938 2385 2125 2428 Brechin
2158 2386 2310 2428 militis
2331 2401 2506 2443 precep-

554 2463 663 2506 torie
699 2467 847 2505 nostre
882 2463 1073 2519 predicte
1109 2465 1283 2519 patroni
1318 2464 1619 2506 assedauimus
1662 2495 1671 2504 .
1704 2497 1714 2507 .
1747 2497 1757 2506 .
1790 2468 1834 2506 et
1866 2465 1921 2506 ad
1955 2465 2243 2506 feudifirmam
2276 2497 2285 2508 .
2319 2496 2330 2507 .
2364 2497 2373 2508 .
2404 2480 2504 2522 per-

553 2547 729 2599 petuam
752 2544 993 2585 dimisimus
1023 2543 1268 2587 honorabili
1289 2544 1382 2586 viro
1405 2544 1597 2587 Roberto
1625 2545 1827 2601 Carnegy
1847 2544 1900 2586 de
1923 2545 2137 2600 Kynnard
2156 2545 2388 2587 heredibus
2411 2546 2500 2588 suis

555 2629 600 2667 et
634 2625 872 2680 assignatis
918 2656 927 2664 .
975 2658 983 2666 .
1033 2657 1042 2667 .
1086 2630 1224 2667 terras
1264 2629 1441 2667 nostras
1479 2627 1530 2666 de
1567 2625 1700 2667 Ester
1742 2624 1935 2681 Dalgaty
1975 2639 2072 2666 cum
2112 2625 2387 2680 pertinentiis
2432 2626 2502 2679 ja-

555 2709 702 2748 centes
737 2705 851 2747 infra
885 2705 1134 2760 parochiam
1171 2705 1508 2746 Brechinensem
1539 2709 1583 2747 et
1621 2704 1965 2747 vicecomitatum
2002 2704 2054 2745 de
2089 2704 2258 2753 Forsar,
2292 2709 2422 2760 prout
2460 2706 2504 2746 in

554 2790 673 2828 carta
692 2789 842 2828 nostra
864 2776 1151 2840 sibi'desuper
1181 2785 1377 2826 confecta
1406 2784 1578 2840 plenius
1608 2784 1854 2826 continetur
1887 2816 1895 2825 .
1927 2783 2067 2825 Vobis
2089 2783 2224 2840 igitur
2245 2788 2289 2826 et
2312 2788 2500 2826 vestrum

555 2866 733 2909 cuilibet
774 2865 1033 2921 precipimus
1065 2897 1074 2906 .
1109 2896 1118 2906 .
1151 2897 1160 2906 .
1193 2868 1407 2920 quatenus
1451 2895 1462 2905 .
1496 2896 1506 2905 .
1542 2897 1550 2905 .
1583 2864 1774 2906 sasinam
1820 2863 2129 2905 hereditariam
2162 2896 2173 2906 .
2207 2895 2215 2905 .
2249 2894 2258 2903 .
2291 2864 2503 2919 predicta-

553 2962 650 2989 rum
670 2950 887 2989 terrarum
909 2945 961 2986 de
983 2944 1104 2987 Estir
1135 2944 1328 3000 Dalgaty
1349 2958 1446 2985 cum
1479 2976 1488 2985 .
1523 2975 1532 2986 .
1566 2974 1576 2984 .
1613 2944 1703 2984 suis
1734 2942 2008 2999 pertinentiis
2038 2947 2277 2986 memorato
2310 2944 2502 3006 Roberto

556 3042 689 3070 suove
722 3030 947 3068 actornato
997 3058 1005 3066 .
1051 3056 1060 3066 .
1108 3057 1117 3066 .
1161 3007 1411 3066 deliberetis
1443 3055 1452 3065 .
1488 3056 1497 3065 .
1529 3056 1538 3065 .
1573 3037 1649 3065 seu
1683 3022 1795 3064 alter
1833 3026 2028 3065 vestrum
2066 3022 2276 3066 deliberet
2306 3055 2315 3065 .
2349 3056 2359 3065 .
2392 3056 2402 3066 .
2449 3024 2502 3065 In

553 3108 676 3151 cuius
703 3107 767 3149 rei
796 3105 1095 3149 testimonium
1125 3105 1401 3160 presentibus
1429 3117 1560 3145 manu
1585 3106 1737 3144 nostra
1769 3102 2024 3158 subscriptis
2056 3102 2245 3159 sigillum
2276 3117 2502 3146 commune

553 3162 665 3230 dicte
686 3189 834 3229 nostre
864 3185 1133 3242 preceptor-ie
1155 3187 1224 3226 est
1244 3197 1484 3239 appensum
1514 3197 1701 3224 unacum
1731 3181 1925 3224 manuali
1957 3182 2273 3238 subscriptione
2295 3186 2339 3225 et
2370 3183 2503 3240 sigilli

553 3267 816 3324 appensione
837 3265 996 3322 prefati
1017 3264 1182 3306 Thome
1203 3263 1365 3306 Erskin
1386 3263 1438 3305 de
1460 3262 1648 3304 Brechin
1669 3261 1821 3304 militis
1847 3262 2023 3319 patroni
2044 3262 2224 3319 predicti
2245 3263 2291 3304 in
2314 3263 2380 3304 sui
2402 3277 2503 3305 con·

554 3361 707 3391 sensus
758 3379 767 3388 .
820 3377 829 3388 .
881 3378 891 3388 .
945 3344 1116 3402 signum
1166 3344 1222 3386 ad
1271 3343 1486 3399 premissa
1542 3342 1656 3398 apud
1704 3342 1867 3384 dictum
1917 3342 2134 3398 hospitale
2183 3342 2278 3384 siue
2329 3342 2503 3384 domum
