3016 3958
532 638 641 690 110
1135 635 1428 690 CARTAE
1473 634 1974 690 ORIGINALES.

535 826 691 888 vigore
719 826 1078 888 predecessores
1114 826 1184 874 sui
1221 825 1567 888 pretendebant
1591 840 1674 872 seu
1698 823 1799 887 ipse
1822 824 1856 870 J
1860 824 2071 871 ohannes
2093 823 2407 886 pretendebat
2431 839 2483 870 se

530 915 609 975 jus
651 914 824 961 habere
863 914 910 961 in
949 914 1023 962 vel
1060 915 1120 961 ad
1160 914 1315 961 dictas
1348 917 1503 960 terras
1537 928 1594 960 ac
1630 911 1785 959 officia
1818 910 2043 959 balliatus
2067 915 2117 959 et
2142 912 2482 959 camerariatus

536 1019 640 1049 cum
681 1002 984 1065 pertinentiis
1021 1002 1207 1065 prefato
1246 1002 1506 1048 reuerendo
1544 1001 1671 1064 patri
1707 1000 1898 1063 suisque
1939 999 2289 1048 successoribus
2323 1003 2372 1047 et
2408 1015 2484 1047 ec-

532 1091 675 1139 clesie
717 1091 1027 1138 Brechinensi
1068 1092 1125 1138 de
1158 1090 1264 1151 jure
1302 1090 1362 1136 ab
1401 1090 1598 1152 antiquo
1621 1090 1891 1152 spectantia
1925 1093 1974 1137 et
2010 1089 2297 1152 pertinentia
2320 1090 2483 1152 itaque

535 1195 625 1226 nec
649 1180 749 1242 ipse
773 1179 807 1226 J
811 1179 1021 1227 ohannes
1046 1179 1245 1227 heredes
1284 1179 1356 1226 sui
1394 1182 1478 1226 aut
1502 1183 1798 1226 successores
1832 1193 1920 1225 nec
1955 1177 2126 1240 aliquis
2149 1177 2270 1226 alius
2293 1177 2482 1225 nomine

537 1268 790 1315 eorundem
827 1268 908 1330 jus
948 1267 1023 1314 vel
1064 1266 1294 1314 clameum
1337 1267 1681 1330 possessionem
1727 1271 1811 1315 aut
1858 1268 2198 1330 proprietatem
2245 1267 2293 1313 in
2340 1267 2482 1315 dictis

535 1357 678 1404 terris
701 1355 962 1420 officiisque
986 1355 1211 1404 balliatus
1236 1360 1284 1403 et
1309 1356 1648 1403 camerariatus
1672 1371 1780 1403 cum
1804 1355 2104 1419 pertinentiis
2126 1360 2211 1403 aut
2247 1356 2296 1403 in
2323 1356 2481 1420 aliqua

535 1450 671 1507 parte
696 1447 951 1493 eorundem
976 1445 1119 1494 titulo
1145 1461 1440 1509 quocumque
1465 1445 1540 1492 vel
1568 1445 1746 1508 scripto
1784 1461 1867 1493 seu
1896 1445 2018 1507 juris
2053 1446 2260 1493 remedio
2296 1446 2483 1509 quouis-

539 1534 679 1581 modo
703 1533 953 1581 vendicare
978 1534 1155 1596 poterit
1179 1538 1263 1581 aut
1286 1534 1497 1597 poterint
1534 1534 1582 1580 in
1617 1534 1827 1582 futurum
1859 1534 1942 1582 sed
1966 1534 2026 1581 ab
2051 1534 2177 1581 omni
2195 1534 2316 1595 juris
2340 1534 2483 1582 titulo

536 1627 637 1669 tam
679 1622 905 1685 petitorio
949 1638 1090 1685 quam
1131 1619 1422 1684 possessorio
1462 1623 1626 1684 habito
1668 1621 1743 1669 vel
1783 1622 2001 1670 habendo
2038 1622 2086 1669 in
2124 1622 2198 1670 vel
2232 1623 2293 1670 ad
2329 1623 2484 1671 dictas

535 1715 691 1758 terras
729 1739 739 1748 ‹
779 1739 789 1747 ·
830 1738 839 1747 ·
875 1726 926 1759 se
965 1711 1164 1758 heredes
1203 1725 1314 1758 suos
1350 1713 1400 1757 et
1441 1725 1738 1758 successores
1773 1725 1883 1759 suos
1917 1726 2234 1774 quoscumque
2280 1713 2482 1760 asseruit

537 1804 585 1846 et
610 1799 758 1847 voluit
797 1816 854 1847 eo
893 1800 1086 1847 decreto
1111 1799 1301 1862 penitus
1342 1803 1392 1847 et
1427 1799 1618 1847 omnino
1641 1798 1861 1847 exclusos
1892 1803 1941 1846 et
1977 1799 2322 1862 imperpetuum
2347 1801 2483 1849 abso-

538 1888 665 1936 lutos
687 1903 745 1935 ac
769 1888 915 1936 etiam
941 1887 1263 1936 excludendos
1285 1887 1520 1951 presentis
1538 1887 1839 1935 instrumenti
1857 1903 1943 1951 per
1958 1891 2172 1936 tenorem
2210 1916 2220 1926 ·
2259 1889 2483 1937 Preterea

538 1978 663 2024 idem
706 1977 740 2023 J
745 1976 954 2024 ohannes
998 1976 1288 2038 Dempstare
1329 1975 1527 2038 genibus
1567 1975 1705 2024 flexis
1744 1975 2052 2039 manibusque
2087 1977 2184 2025 suis
2219 1976 2391 2027 clausis
2426 1995 2483 2026 ac

537 2066 662 2113 infra
683 2081 851 2114 manus
873 2064 1047 2128 prefati
1071 2065 1318 2112 reuerendi
1347 2064 1499 2127 patris
1522 2063 1788 2112 coniunctis
1825 2069 1874 2112 et
1912 2065 2146 2128 impositis
2179 2082 2313 2114 suum
2338 2069 2485 2116 serui-

542 2155 668 2201 cium
706 2158 756 2201 et
792 2153 1060 2216 homagium
1100 2153 1253 2201 eidem
1293 2154 1555 2201 reuerendo
1591 2153 1639 2200 in
1676 2153 1746 2200 Χ0
1766 2154 1891 2216 patri
1921 2158 1970 2202 et
2004 2154 2102 2202 suis
2137 2157 2485 2206 successoribus

544 2242 711 2291 fiendis
747 2246 797 2290 et
833 2241 1160 2305 impendendis
1183 2257 1268 2305 pro
1291 2245 1396 2289 toto
1420 2245 1634 2305 tempore
1657 2241 1754 2290 vite
1778 2258 1861 2290 sue
1885 2247 2052 2291 contra
2075 2260 2237 2293 omnes
2260 2246 2485 2296 mortales

543 2331 760 2394 promisit
783 2331 1017 2379 concessit
1055 2335 1104 2378 et
1142 2330 1335 2378 realiter
1369 2330 1585 2378 exhibuit
1621 2345 1708 2379 sua
1744 2330 2028 2393 allegatione
2052 2348 2270 2396 supremo
2295 2335 2484 2383 domino

542 2425 706 2468 nostro
732 2419 854 2482 Regi
889 2435 946 2466 ac
981 2434 1066 2467 suo
1101 2418 1297 2467 seruitio
1321 2419 1567 2481 magnifico
1602 2423 1651 2466 et
1687 2419 1872 2482 potenti
1897 2421 2085 2468 domino
2110 2423 2299 2471 domino
2324 2423 2483 2472 Dauid

543 2509 719 2556 Comiti
745 2508 1024 2555 Craufurdie
1066 2512 1115 2555 et
1155 2507 1344 2555 domino
1370 2507 1595 2556 Lindesai
1630 2507 1804 2555 debitis
1836 2509 2074 2558 ,duntaxat
2109 2512 2325 2575 exceptis
2361 2541 2370 2550 -
2407 2514 2485 2561 Ad

545 2613 634 2661 que
659 2597 818 2644 omnia
855 2601 904 2644 et
943 2595 1127 2658 singula
1162 2597 1303 2643 modo
1340 2599 1388 2643 et
1425 2597 1578 2644 forma
1611 2597 1852 2659 premissis
1885 2597 2089 2646 fideliter
2110 2600 2307 2648 firmiter
2341 2606 2389 2650 et
2425 2603 2486 2651 ir-

542 2685 875 2734 reuocabiliter
897 2686 1063 2733 fraude
1088 2690 1138 2733 et
1158 2685 1268 2734 dolo
1287 2685 1566 2749 postpositis
1589 2687 1913 2734 conseruanda
1935 2688 2220 2750 perficienda
2242 2695 2291 2738 et
2315 2693 2485 2755 perim-

547 2775 719 2837 plenda
756 2774 1026 2837 sepedictus
1062 2774 1096 2821 J
1100 2774 1310 2822 ohannes
1346 2773 1633 2837 Dempstare
1670 2775 1816 2823 tactis
1853 2778 2167 2826 sacrosanctis
2207 2779 2301 2827 Dei
2341 2797 2483 2829 euan-

546 2862 681 2924 geliis
708 2862 1028 2923 juramentum
1066 2862 1278 2926 prestitit
1294 2861 1544 2926 corporale
1583 2891 1594 2900 ·
1630 2863 1707 2910 De
1743 2867 1792 2911 et
1827 2879 1968 2928 super
1990 2866 2160 2929 quibus
2182 2869 2398 2918 omnibus
2432 2875 2481 2918 et

546 2951 740 3013 singulis
763 2951 974 3014 prefatus
999 2951 1286 2999 reuerendus
1309 2955 1447 3013 pater
1480 2967 1510 2998 a
1545 2967 1618 2999 me
1648 2952 1833 3000 notario
1857 2953 2046 3016 publico
2070 2955 2368 3020 infrascripto
2391 2959 2480 3007 sibi
2563 2997 2565 2999 .

548 3039 647 3086 fieri
670 3039 812 3103 petiit
849 3067 858 3076 ·
898 3067 908 3076 ·
947 3065 958 3077 ι
994 3038 1184 3101 publica
1206 3039 1521 3087 instrumenta
1555 3067 1568 3077 ·
1604 3041 1731 3088 Acta
1764 3045 1911 3089 erant·
1934 3042 2022 3089 hec
2057 3043 2104 3090 in
2141 3044 2284 3092 Curia
2308 3046 2482 3096 Cathe-

550 3127 669 3175 drali
711 3126 1019 3175 Brechinensi
1066 3127 1114 3174 in
1163 3128 1303 3175 domo
1350 3127 1614 3191 Ga-pitulari
1653 3128 1865 3176 eiusdem
1912 3130 2030 3178 hora
2075 3133 2322 3182 undecima
2366 3141 2479 3184 ante

548 3216 790 3264 meridiem
829 3242 838 3253 ·
877 3245 887 3253 ·
926 3243 936 3253 ·
974 3216 1059 3263 sub
1100 3232 1224 3264 anno
1266 3232 1427 3264 mense
1465 3245 1476 3254 ·
1515 3245 1525 3255 ·
1565 3245 1575 3255 -
1611 3218 1780 3280 quibus
1823 3234 1965 3281 supra
2001 3248 2011 3256 -
2050 3221 2355 3271 Presentibus
2395 3225 2481 3272 ibi-

549 3306 655 3352 dem
699 3303 1042 3351 venerabilibus
1082 3303 1434 3352 honorabilibus
1474 3308 1524 3352 et
1565 3305 1782 3353 discretis
1816 3306 1928 3355 viris
1966 3308 2207 3371 Magistris
2248 3310 2480 3360 Duncano
