3016 3958
365 2427 450 2475 LI.

1045 627 1339 684 OARTAE
1384 629 1887 686 ORIGINALES.
2376 630 2448 685 95

488 815 664 862 domini
690 817 747 864 de
774 816 1021 879 Fyndlark
1043 834 1187 883 super
1208 820 1404 868 fundum
1431 821 1666 868 dictarum
1702 824 1936 868 terrarum
1964 820 2023 866 de
2049 818 2296 882 Fyndlark
2319 819 2436 867 situ-

484 909 615 952 atam
653 910 881 970 tanquam
919 907 968 954 in
1005 908 1254 971 pacificam
1287 909 1634 972 possessionem
1669 909 1787 958 dicti
1821 908 1967 956 annui
2003 908 2219 956 redditus
2241 908 2439 971 triginta

484 993 740 1042 solidorum
765 998 818 1043 ut
844 996 989 1045 moris
1013 1001 1087 1045 est
1112 979 1380 1046 introduxit
1415 1002 1465 1046 et
1494 998 1687 1047 inclusit
1725 1025 1736 1038 ·
1775 998 1929 1062 Super
1952 997 2122 1062 quibus
2147 997 2364 1046 omnibus
2389 1002 2437 1046 et

483 1083 678 1147 singulis
715 1085 928 1148 prefatus
967 1086 1184 1135 dominus
1224 1086 1498 1136 Willelmus
1536 1091 1819 1151 procurator
1854 1123 1863 1133 .
1903 1123 1913 1133 .
1952 1123 1962 1133 .
1999 1103 2029 1133 a
2063 1085 2201 1135 nobis
2236 1085 2436 1134 notariis

485 1209 494 1218 .
534 1209 543 1218 .
581 1209 591 1219 .
627 1173 769 1236 petiit
806 1173 1048 1237 publicum
1087 1163 1455 1224 instrumentum
1493 1209 1507 1224 .
1543 1213 1552 1224 .
1593 1211 1604 1222 .
1641 1179 1769 1225 Acta
1804 1176 1996 1224 fuerunt
2031 1175 2121 1223 hec
2155 1191 2299 1239 super
2333 1175 2438 1222 fun-

483 1262 594 1310 dum
619 1262 853 1310 dictarum
878 1252 1113 1311 terrarum
1139 1265 1196 1312 de
1223 1264 1471 1328 Fyndlark
1493 1269 1606 1313 ante
1632 1265 1880 1314 introitum
1910 1264 2018 1312 aule
2054 1265 2103 1312 in
2139 1264 2335 1312 meridie
2361 1263 2435 1311 uel

482 1351 668 1399 eocirca
691 1367 816 1399 anno
841 1351 918 1399 die
955 1388 966 1398 .
1003 1387 1015 1398 .
1052 1389 1063 1401 .
1099 1353 1388 1417 supradictis
1424 1389 1434 1400 .
1472 1355 1784 1403 Presentibus
1812 1353 1987 1402 ibidem
2012 1353 2225 1418 prouidis
2248 1353 2363 1402 uiris
2387 1357 2436 1401 et

479 1439 697 1489 discretis
739 1440 922 1488 Thoma
963 1440 1172 1490 Donaldi
1217 1442 1432 1491 Roberto
1477 1443 1662 1506 Wedyr
1702 1448 1752 1492 et
1792 1444 1827 1491 J
1831 1443 2017 1492 ohanne
2057 1442 2287 1506 Valairoy
2323 1459 2430 1491 cum

479 1529 679 1578 diuersis
702 1529 809 1578 aliis
846 1566 856 1576 .
894 1566 904 1576 .
935 1566 946 1576 .
985 1530 1052 1579 Et
1075 1531 1389 1589 adlmaiorem
1414 1532 1484 1580 rei
1503 1532 1792 1581 euidentiam
1830 1568 1841 1579 .
1880 1569 1889 1579 .
1929 1569 1939 1579 .
1975 1533 2190 1597 prefatus
2209 1533 2435 1595 magister

479 1619 722 1668 Robertus
747 1618 962 1682 Sigillum
987 1635 1128 1669 suum
1152 1621 1454 1684 presentibus
1488 1622 1712 1686 apposuit
1735 1635 1861 1670 anno
1899 1659 1908 1668 .
1947 1658 1956 1668 .
1995 1657 2004 1667 .
2044 1622 2217 1685 quibus
2240 1638 2384 1685 supra
2419 1657 2430 1668 .

546 1708 613 1756 Et
653 1709 756 1771 Ego
791 1708 826 1755 J
830 1709 1041 1758 ohannes
1082 1709 1238 1773 Steyll
1280 1710 1524 1763 Presbiter
1565 1710 1926 1765 Dunkeldensis
1962 1711 2180 1760 dioecesis
2214 1711 2431 1775 publicus

475 1797 765 1846 auctoritate
790 1797 1025 1861 imperiali
1049 1778 1264 1848 notarius
1301 1835 1312 1846 .
1350 1799 1476 1856 Quia
1511 1835 1522 1847 .
1560 1836 1571 1846 .
1609 1837 1619 1847 .

545 1888 611 1935 Et
637 1887 741 1950 Ego
775 1887 809 1934 J
813 1887 990 1936 acobus
1015 1887 1170 1951 Steyll
1195 1888 1442 1937 Presbiter
1466 1889 1810 1938 Sanctiandree
1835 1889 2054 1939 dioecesis
2076 1889 2294 1954 publicus
2318 1906 2427 1938 auc-

474 1976 672 2025 toritate
696 1975 931 2040 imperiali
954 1977 1170 2030 notarius
1208 2015 1218 2025 .
1257 1978 1383 2034 Quia
1418 2015 1428 2026 .
1467 2016 1478 2026 .
1517 2016 1526 2026 .

476 2177 623 2226 Carta
649 2178 852 2226 Roberti
876 2179 935 2226 de
962 2178 1067 2227 Hill
1089 2179 1221 2229 facta
1246 2180 1454 2229 Vicariis
1477 2184 1526 2228 et
1552 2179 1826 2245 Capellanis
1852 2179 2070 2229 Ecclesie
2093 2180 2430 2229 Brechinensis

474 2283 560 2331 pro
583 2267 780 2316 seruitio
803 2268 959 2316 fiendo
982 2284 1069 2332 pro
1093 2268 1224 2317 dicto
1251 2269 1466 2318 Roberto
1491 2273 1540 2318 et
1567 2269 1800 2332 Marjoria
1825 2269 1952 2317 Guld
1978 2285 2154 2333 sponsa
2177 2285 2262 2318 sua
2301 2305 2312 2314 .

485 2391 760 2473 Omnibus
795 2424 920 2472 hanc
957 2424 1128 2473 visuris
1164 2424 1239 2472 vel
1277 2425 1512 2474 audituris
1538 2426 1782 2478 Robertus
1816 2427 1875 2473 de
1911 2424 2018 2472 Hill
2042 2425 2175 2475 Ciuis
2199 2425 2427 2481 Ciuitatis

475 2513 810 2562 Brechinensis
834 2513 1049 2562 Salutem
1086 2550 1097 2560 .
1135 2548 1146 2560 .
1184 2550 1194 2561 .
1233 2514 1480 2563 Noueritis
1514 2531 1590 2562 me
1627 2515 1690 2562 ad
1725 2513 1924 2578 gloriam
1950 2513 2304 2578 Omnipotentis
2329 2514 2424 2562 Dei

475 2639 486 2648 .
523 2638 533 2648 .
571 2638 582 2648 .
620 2602 805 2660 dedisse
840 2602 903 2650 ad
937 2618 1128 2649 manum
1152 2605 1389 2650 mortuam
1413 2607 1555 2666 prout
1594 2603 1642 2652 in
1683 2603 2040 2652 confirmatione
2065 2603 2246 2652 domini
2270 2604 2422 2652 nostri

475 2692 623 2755 Regis
658 2691 844 2756 plenius
882 2691 1155 2748 continetur
1191 2727 1201 2738 .
1239 2727 1250 2738 .
1288 2725 1299 2737 .
1339 2689 1455 2752 [No.
1495 2692 1660 2758 XLI.]
1701 2728 1711 2739 .
1749 2728 1759 2738 .
1797 2726 1808 2738 .
1846 2692 1907 2739 In
1945 2708 2144 2756 quorum
2182 2729 2192 2738 .
2230 2728 2240 2738 .
2278 2729 2288 2739 .
2325 2697 2422 2741 tes-

471 2781 720 2829 timonium
745 2779 960 2843 Sigillum
995 2796 1154 2846 meum
1189 2780 1490 2844 presentibus
1526 2784 1600 2829 est
1637 2797 1900 2844 appensum
1937 2797 2096 2829 cora-m
2120 2781 2325 2830 testibus
2348 2798 2421 2828 re-

473 2871 681 2919 uerendo
717 2870 766 2917 in
805 2870 874 2916 Χο
907 2873 1045 2933 patre
1082 2904 1094 2917 .
1132 2905 1143 2915 .
1181 2905 1191 2916 .
1231 2869 1452 2917 Johanne
1489 2905 1500 2916 .
1538 2904 1549 2916 .
1587 2904 1597 2916 .
1635 2869 1875 2933 Episcopo
1901 2870 2211 2919 Brechinensi
2235 2885 2419 2919 necnon

471 2959 710 3023 magistris
747 2964 796 3008 et
834 2958 1036 3015 dominis
1073 2958 1232 3006 Dauid
1259 2958 1317 3005 de
1344 2957 1592 3006 Crannoch
1625 2957 1823 3006 Decano
1851 2958 2163 3008 Brechinensi
2198 2975 2255 3007 ac
2293 2959 2417 3007 Rec-

466 3055 575 3098 tore
614 3050 673 3098 de
711 3049 949 3097 Tanadas·
971 3048 1314 3096 Sanctiandree
1351 3046 1583 3103 dioecesis,
1608 3046 1823 3095 Roberto
1848 3048 1906 3095 de
1932 3047 2182 3096 Crannoch
2208 3047 2416 3097 Cantore

473 3139 783 3188 Brechinensi
817 3153 875 3187 ac
911 3138 1120 3186 Rectore
1159 3137 1218 3184 de
1255 3137 1396 3199 Idwy
1421 3135 1764 3183 Sanctiandree
1791 3135 2018 3191 dioecesis,
2046 3137 2291 3200 Stephano
2317 3139 2416 3184 An-

470 3245 580 3293 guss
602 3227 900 3278 thezaurario
925 3225 1250 3282 Brechinensi,
1274 3225 1308 3271 J
1313 3225 1498 3273 ohanne
1535 3223 1675 3272 Steill
1709 3224 1744 3271 J
1747 3223 1932 3272 ohanne
1970 3225 2246 3288 Monypeny
2278 3241 2418 3274 cano-

471 3318 590 3366 nicis
614 3317 827 3381 predicte
862 3315 1062 3365 ecclesie
1101 3313 1439 3363 Brechinensis
1475 3316 1524 3361 et
1559 3313 1594 3360 J
1597 3313 1782 3361 ohanne
1808 3312 2042 3361 Willelmi
2067 3314 2269 3362 Officiali
2294 3315 2414 3363 eius-
