3016 3958
1056 637 1353 692 CARTAE
1397 636 1898 693 ORIGINALES.
2380 636 2454 694 57

484 826 833 891 imperpetuum
859 843 944 890 per
966 828 1208 891 presentia
1245 857 1254 865 ·
1295 829 1572 876 Tenendum
1611 831 1660 875 et
1698 827 1968 874 habendum
2007 827 2277 890 predictum
2303 830 2437 874 tene-

483 920 694 964 mentum
733 932 840 964 cum
879 917 1182 980 pertinentiis
1204 917 1302 966 suis
1326 917 1542 981 predicto
1578 916 1805 980 magistro
1831 916 2012 964 Thome
2039 915 2157 964 Β616
2186 916 2441 963 heredibus

481 1006 586 1053 suis
607 1010 656 1053 et
681 1006 933 1069 assignatis
967 1023 997 1053 a
1032 1006 1168 1055 nobis
1192 1010 1241 1054 et
1266 1006 1519 1054 heredibus
1540 1005 1718 1054 nostris
1742 1004 2090 1068 imperpetuum
2119 1005 2228 1067 jure
2251 1005 2439 1052 heredi-

481 1095 605 1142 tario
644 1124 654 1133 ·
695 1125 704 1133 -
743 1123 753 1133 ·
792 1096 1058 1143 Reddendo
1095 1095 1205 1143 inde
1243 1095 1484 1158 predictus
1520 1094 1748 1158 magister
1788 1094 1996 1143 Thomas
2035 1095 2236 1143 heredes
2272 1096 2346 1143 sui
2386 1101 2435 1144 et

480 1185 711 1247 assignati
747 1185 928 1232 firmam
966 1188 1016 1232 et
1053 1184 1307 1233 seruicium
1344 1184 1590 1232 annuatim
1623 1183 1814 1232 domino
1837 1187 2002 1232 nostro
2040 1183 2162 1246 Regi
2199 1184 2362 1232 debita
2386 1190 2435 1233 et

481 1277 710 1321 consueta
746 1301 756 1311 ·
794 1273 895 1321 Nos
931 1289 1041 1320 vero
1079 1301 1089 1310 -
1128 1302 1139 1310 -
1179 1301 1189 1310 ·
1227 1272 1668 1321 warrantizabimus
1707 1300 1717 1309 ·
1758 1300 1767 1310 ·
1807 1300 1817 1310 ·
1854 1273 1942 1320 sub
1977 1273 2221 1336 ypotheca
2244 1278 2294 1321 et
2319 1274 2437 1322 obli-

477 1363 669 1424 gatione
711 1362 919 1409 omnium
960 1362 1189 1410 bonorum
1229 1364 1499 1410 nostrorum
1541 1365 1591 1409 et
1631 1365 1867 1409 terrarum
1907 1364 2174 1410 nostrarum
2213 1379 2432 1426 quarum-

476 1472 678 1520 cumque
718 1484 727 1494 ·
767 1485 777 1494 -
816 1483 827 1493 ·
865 1456 925 1504 In
941 1457 1075 1504 cuius
1091 1456 1184 1504 Rei
1207 1455 1534 1504 testimonium
1559 1459 1609 1503 et
1628 1455 1837 1504 omnium
1862 1455 2199 1519 premissorum
2223 1456 2428 1519 sigillum

472 1550 688 1594 nostrum
722 1546 1022 1610 presentibus
1057 1546 1363 1610 apposuimus
1397 1546 1524 1609 apud
1562 1544 1897 1613 Aldmontross
1926 1545 2301 1609 decima-quinta
2347 1546 2424 1593 die

470 1635 647 1684 mensis
672 1635 956 1684 Nouembris
980 1651 1106 1683 anno
1130 1634 1327 1683 Domini
1351 1643 1430 1682 m0·
1457 1642 1600 1682 cccc0·
1626 1638 1800 1682 octauo
1838 1660 1850 1673 ι
1888 1634 2046 1682 Τ61161·
2069 1651 2181 1682 vero
2216 1636 2425 1682 secunde

470 1725 540 1773 sic
566 1723 734 1788 incipit
772 1753 782 1762 ·
819 1724 1050 1773 Omnibus
1063 1724 1155 1772 hoc
1178 1724 1406 1788 scriptum
1432 1723 1602 1772 visuris
1620 1722 1696 1771 vel
1719 1723 1954 1772 audituris
1981 1723 2202 1771 Eufamia
2225 1723 2275 1787 ly
2301 1725 2422 1772 Gra-

474 1815 611 1862 hame
653 1829 827 1878 sponsa
865 1813 1062 1862 Patricii
1101 1814 1160 1861 de
1198 1813 1400 1861 Dunbar
1439 1812 1606 1862 militis
1645 1813 1823 1861 domini
1863 1814 1922 1860 de
1962 1812 2079 1861 Bele
2120 1813 2333 1861 Salutem
2373 1814 2422 1861 in

472 1904 664 1951 domino
701 1903 1038 1966 sempiternam
1077 1902 1322 1951 Noueritis
1359 1918 1437 1950 me
1476 1918 1585 1950 cum
1624 1917 1856 1951 consensu
1892 1906 1941 1950 et
1971 1918 2167 1951 assensu
2193 1903 2309 1951 dicti
2336 1904 2425 1951 Pa-

470 1993 598 2041 tricii
622 1993 783 2057 sponsi
807 1992 901 2040 mei
927 1992 1114 2040 dedisse
1150 1991 1441 2041 concessisse
1477 1995 1527 2039 et
1561 1992 1652 2040 hoc
1687 1991 1899 2054 presenti
1923 1991 2103 2055 scripto
2126 2008 2232 2040 meo
2258 1994 2422 2041 confir-

470 2099 624 2131 masse
650 2082 826 2130 dilecto
863 2081 959 2130 filio
996 2097 1103 2129 meo
1143 2080 1391 2128 Willelmo
1430 2080 1623 2129 domino
1658 2081 1716 2128 de
1755 2081 1829 2144 Ly
1865 2082 2105 2129 Grahame
2141 2081 2283 2130 militi
2307 2082 2422 2130 illud

469 2176 795 2220 tenementum
833 2187 988 2219 meum
1021 2171 1188 2233 jacens
1226 2171 1273 2217 in
1312 2171 1460 2234 burgo
1498 2170 1557 2217 de
1598 2169 1844 2218 Montross
1879 2187 1940 2218 ex
1975 2175 2112 2235 parte
2137 2172 2420 2220 occidentali

471 2263 683 2311 eiusdem
719 2262 854 2324 burgi
891 2262 1016 2324 quod
1055 2261 1245 2324 quidem
1282 2262 1609 2307 tenementum
1648 2259 1709 2306 ad
1745 2275 1821 2307 me
1857 2264 2047 2322 spectat
2083 2261 2272 2309 nomine
2310 2277 2421 2309 con-

470 2352 630 2400 iuncte
654 2350 989 2398 infeodationis
1029 2365 1136 2397 cum
1175 2349 1366 2396 domino
1406 2347 1617 2396 Patricio
1643 2348 1718 2411 Ly
1744 2349 1983 2396 Grahame
2008 2348 2159 2398 milite
2183 2351 2419 2412 quondam

470 2456 643 2504 sponso
684 2455 790 2487 meo
825 2467 838 2477 ·
875 2439 1155 2486 Tenendum
1192 2441 1241 2485 et
1281 2437 1550 2484 habendum
1591 2437 1721 2484 dicto
1761 2436 2009 2485 Willelmo
2045 2439 2298 2487 heredibus
2322 2441 2420 2488 suis

471 2534 520 2577 et
545 2529 798 2592 assignatis
834 2544 919 2592 pro
957 2531 1063 2576 toto
1098 2531 1315 2590 tempore
1338 2527 1435 2574 vite
1462 2542 1566 2573 mee
1589 2541 1695 2573 cum
1722 2526 1939 2574 omnibus
1962 2526 2266 2576 libertatibus
2304 2557 2313 2566 ·
2355 2557 2364 2565 ·

472 2619 841 2683 quibuscumque
880 2645 889 2655 ·
928 2617 1169 2664 Faciendo
1207 2615 1317 2663 inde
1351 2615 1508 2663 dict-us
1550 2614 1822 2663 Willelmus
1846 2615 2046 2664 heredes
2080 2617 2153 2664 sui
2189 2620 2239 2664 et
2274 2618 2419 2679 assig-

470 2709 571 2756 nati
610 2707 804 2771 capitali
843 2706 1032 2754 domino
1069 2704 1320 2753 seruicium
1359 2703 1571 2751 debitum
1607 2706 1655 2751 et
1691 2707 1969 2752 consuetum
2006 2732 2018 2741 ·
2056 2705 2115 2752 In
2151 2706 2284 2754 cuius
2323 2706 2416 2752 Rei

470 2796 796 2847 testimonium
838 2795 951 2859 quia
989 2793 1194 2857 sigillum
1235 2794 1475 2856 proprium
1521 2807 1615 2839 non
1657 2792 1800 2839 habui
1845 2792 2059 2855 Sigillum
2104 2795 2302 2842 Patricii
2345 2796 2418 2858 Ly

471 2886 709 2934 Grahame
734 2884 935 2932 Comitis
960 2882 1167 2931 Palatini
1193 2882 1251 2929 de
1278 2881 1559 2929 Stratherne
1593 2879 1678 2927 filii
1713 2881 1806 2928 11161
1842 2882 2074 2930 carissimi
2104 2899 2210 2931 cum
2235 2885 2415 2933 instan-

468 2976 539 3024 tia
576 2975 791 3039 predicto
829 2974 1007 3037 scripto
1044 2988 1150 3020 meo
1188 2969 1362 3034 apponi
1386 2969 1636 3033 procuraui
1661 2985 1756 3016 una
1791 2985 1897 3017 cum
1927 2970 2082 3034 sigillo
2105 2973 2339 3036 magnifici
2365 2978 2414 3022 et

468 3065 680 3128 potentis
718 3063 895 3111 domini
933 3061 1126 3124 Georgii
1162 3061 1220 3107 de
1258 3059 1458 3106 Dunbar
1483 3058 1685 3106 Comitis
1711 3058 2035 3107 Marchiarum
2060 3061 2294 3110 consimili
2319 3079 2415 3125 qua

469 3155 630 3203 decuit
670 3153 902 3202 instantia
937 3154 1191 3216 procurato
1227 3165 1312 3213 per
1348 3147 1613 3212 predictum
1640 3147 1899 3195 Patricium
1926 3165 2148 3212 sponsum
2173 3167 2328 3199 meum
2353 3154 2414 3199 ad

471 3245 698 3292 maiorem
734 3243 836 3291 eius
873 3255 1129 3290 consensus
1165 3239 1387 3287 notitiam
1425 3264 1436 3274 -
1473 3236 1614 3299 Apud
1657 3235 1774 3283 Β616
1799 3241 1972 3286 octauo
2009 3239 2084 3286 die
2119 3241 2294 3288 mensis
2323 3241 2414 3288 Oc-

468 3333 620 3382 tobris
658 3348 782 3381 anno
821 3330 1016 3380 Domini
1053 3337 1131 3377 m0·
1157 3335 1299 3378 ccco0·
1325 3329 1497 3375 octauo
1536 3352 1546 3362 ·
1584 3324 1701 3373 Post
1743 3340 1938 3388 quarum
1964 3327 2413 3390 quidem'cartarum

511 3410 525 3423 '
1424 3413 1455 3459 b
