3016 3958
1052 628 1426 685 ROTULI
1493 630 2033 688 REDITUUM.
2393 636 2504 691 425

1191 851 1479 894 RENTALE
1512 852 1557 896 S.
1587 852 1641 896 D.
1674 852 1866 896 REGIS.

287 922 535 969 ccccxl„
562 927 837 970 DOMINIA
875 928 954 970 DE
1001 930 1278 973 BREOHIN
1312 931 1390 973 ET
1427 930 1642 974 NEVAR
1674 932 1992 975 ASSEDATA
2024 931 2192 976 APUD
2224 933 2499 977 BREOHIN

1118 1010 1355 1053 VLTIMO
1386 1011 1724 1054 FEBRUARII
1758 1012 1927 1071 [1484]

560 1124 822 1180 Tuliquhille
921 1158 928 1168 .
993 1158 1002 1167 .
1068 1159 1076 1168 .
1138 1126 1383 1170 Assedatur
1421 1141 1500 1183 pro
1539 1126 1738 1170 terminis
1776 1128 1908 1170 trium
1948 1141 2160 1171 annorum
2198 1132 2299 1185 post
2333 1131 2497 1172 exitum

1194 1206 1376 1248 duorum
1424 1214 1636 1248 annorum
1679 1220 1706 1248 a.
1745 1207 1858 1250 festo
1899 1207 2223 1259 penthecostes,
2264 1212 2313 1252 vt
2351 1223 2495 1266 supra,

1193 1286 1367 1328 Andree
1389 1286 1542 1341 Mylne
1561 1290 1605 1329 et
1621 1285 1820 1329 Donaldo
1844 1286 1961 1342 Ordy
1976 1301 2054 1343 pro
2075 1287 2179 1329 xxix
2194 1301 2227 1330 s.
2249 1287 2348 1344 iid.‚
2364 1288 2496 1330 Alex-

1195 1365 1331 1407 andro
1355 1365 1531 1421 Nachty
1551 1379 1630 1420 pro
1650 1365 1742 1407 lviii
1757 1379 1789 1407 s.
1811 1365 1874 1407 iiii
1887 1366 1942 1415 d.,
1965 1366 1993 1408 J
1996 1366 2156 1408 ohanni
2172 1366 2402 1409 Forestare
2418 1382 2496 1423 pro

1192 1443 1294 1484 xxix
1311 1457 1344 1485 s.
1385 1443 1414 1484 ii
1428 1443 1467 1485 d.
1505 1475 1514 1485 .
1548 1423 1663 1485 ‘Inde
1697 1443 1880 1500 pecunia
1914 1444 2028 1487 vlib.
2064 1445 2136 1487 xvi
2150 1459 2182 1488 s.
2218 1445 2293 1488 viii
2306 1445 2363 1496 d„
2400 1460 2496 1488 cum

1194 1523 1388 1565 seruiciis
1409 1523 1641 1573 consuetis,
1664 1537 1894 1579 grassuma
1913 1526 2084 1567 tantum
2115 1556 2124 1567 .

554 1684 697 1740 Brako
756 1714 1069 1726 ......
1134 1683 1376 1725 Assedatur·
1417 1682 1607 1725 Johanni
1650 1683 1766 1739 Ordy
1806 1686 1850 1725 et
1886 1683 2126 1727 Laurencio
2163 1683 2381 1741 Quhithop
2415 1700 2493 1741 pro
2566 1737 2569 1740 Δ

640 1757 644 1761 ’
1187 1762 1400 1812 terminis,
1432 1765 1481 1805 vt
1512 1776 1644 1818 supra
1674 1793 1684 1804 .
1717 1762 1824 1804 Inde
1854 1763 2037 1818 pecunia.
2070 1778 2163 1805 xxx
2178 1777 2227 1814 s.‚
2265 1777 2493 1820 grassuma

1186 1845 1370 1893 tantum,
1394 1855 1491 1884 cum
1515 1841 1710 1884 seruiciis
1731 1841 1949 1884 consuetis
1982 1872 1992 1883 .

556 2001 768 2044 Lethinde
845 2036 852 2042 .
921 2037 926 2043 .
992 2035 998 2042 .
1067 2035 1073 2042 .
1134 2002 1378 2044 Assedatur
1407 2000 1552 2044 Dauid
1582 2001 1728 2044 comiti
1760 2000 2016 2044 Craufurdie
2036 2016 2114 2058 pro
2142 2002 2339 2044 terminis
2358 2003 2489 2045 trium

1190 2095 1403 2124 annorum
1439 2095 1467 2123 a
1501 2081 1613 2123 festo
1645 2080 1957 2124 Pentheeostes
1991 2081 2186 2138 proximo
2223 2113 2232 2124 .
2271 2081 2376 2124 Inde
2416 2096 2488 2138 pe-

1181 2161 1310 2203 cunia
1343 2160 1390 2201 iii
1406 2160 1494 2216 lib„
1525 2160 1556 2202 ii
1569 2160 1682 2203 bolle
1712 2174 1962 2211 auenarum,
1995 2161 2055 2202 xii
2071 2160 2228 2217 pultre,
2258 2174 2486 2217 grassuma

1183 2239 1230 2281 iii
1243 2239 1345 2289 lib.;
1366 2239 1421 2281 ad
1443 2238 1711 2282 voluntatem
1734 2238 1907 2281 Domini
1929 2239 2062 2296 Regis
2079 2254 2091 2289 3
2121 2239 2264 2296 plegio
2286 2239 2485 2296 Philippo

1180 2319 1409 2374 Lindesay,
1433 2321 1477 2361 et
1497 2319 1707 2375 magistro
1729 2318 1920 2361 Henrieo
1937 2318 2158 2373 Lindesay
2188 2349 2198 2361 .

549 2479 774 2535 Tulibirny
834 2511 842 2520 .
907 2512 914 2520 .
979 2512 986 2519 .
1051 2509 1061 2518 .
1124 2478 1366 2520 Assedatur
1394 2477 1509 2520 dicto
1545 2476 1718 2519 domino
1753 2475 1898 2519 comiti
1932 2490 2009 2532 pro
2045 2476 2205 2519 eisdem
2241 2477 2437 2520 terminis
2469 2510 2477 2519 .

1180 2557 1287 2600 Inde
1316 2556 1500 2613 pecunia
1535 2556 1582 2597 iii
1615 2556 1706 2613 lib.,
1740 2556 1771 2598 ii
1791 2555 1904 2599 bolle
1937 2570 2187 2608 auenarum,
2222 2557 2283 2598 xii
2318 2556 2475 2613 pustre,

1175 2650 1407 2693 grassuma
1425 2636 1472 2678 iii
1487 2635 1589 2686 lib.;
1617 2637 1671 2678 ad
1699 2635 1967 2678 voluntatem
1988 2639 2036 2679 vt
2066 2650 2224 2692 supra3
2256 2635 2398 2692 plegio
2430 2641 2476 2678 vt

1179 2730 1311 2772 supra
1342 2746 1354 2758 .

544 2878 802 2921 Ballernoch
911 2908 919 2917 .
982 2908 988 2917 .
1052 2908 1059 2916 .
1122 2874 1366 2918 Assedatur
1394 2873 1575 2930 Hugoni
1605 2873 1903 2923 Richartsone,
1940 2872 2131 2915 Johanni
2167 2872 2474 2922 Huchonsone,

1174 2953 1399 2997 Willelmo
1435 2953 1743 3010 Huchonsone,
1777 2967 1856 3009 pro
1891 2953 2030 2995 tribus
2065 2951 2232 2995 octauis
2261 2953 2471 3008 partibus,

1171 3033 1395 3076 Findelaio
1437 3031 1549 3088 Myll
1592 3046 1671 3088 pro
1715 3045 1802 3074 vna
1831 3034 2010 3082 -octaua,
2052 3030 2302 3088 Margarete
2344 3030 2471 3087 Crag,

1171 3112 1337 3155 Thome
1389 3110 1659 3161 Lowffliane,
1712 3110 1876 3152 Thome
1928 3109 2071 3159 Clerk,
2124 3113 2170 3152 et
2220 3109 2470 3152 Alexandro

1171 3191 1542 3239 Browneschawe‚
1563 3203 1642 3246 pro
1664 3193 1850 3245 quatuor
1866 3189 2031 3232 octauis
2055 3188 2265 3245 partibus,
2286 3202 2364 3245 pro
2385 3192 2472 3231 ter-

1168 3271 1297 3313 minis
1318 3273 1367 3312 vf,
1396 3283 1528 3326 supra
1558 3300 1568 3311 .
1601 3268 1707 3310 Inde
1738 3268 1921 3324 pecunia.
1950 3267 2024 3309 viii
2038 3267 2125 3318 lib„
2158 3267 2282 3309 xxiiii
2312 3267 2467 3323 pultre‚

1168 3365 1396 3407 grassuma
1417 3364 1445 3392 v
1461 3349 1532 3391 lib.
1556 3349 1596 3389 vi
1613 3362 1647 3390 S.
1667 3348 1741 3390 viii
1753 3347 1795 3389 d.

1469 3429 1494 3469 3
1525 3428 1548 3468 le
