<?xml version="1.0" encoding="UTF-8"?>
<!DOCTYPE html PUBLIC "-//W3C//DTD XHTML 1.0 Transitional//EN"
    "http://www.w3.org/TR/xhtml1/DTD/xhtml1-transitional.dtd">
<html xmlns="http://www.w3.org/1999/xhtml" xml:lang="en" lang="en">
 <head>
  <title>
</title>
<meta http-equiv="Content-Type" content="text/html;charset=utf-8" />
  <meta name='ocr-system' content='tesseract 3.04.00' />
  <meta name='ocr-capabilities' content='ocr_page ocr_carea ocr_par ocr_line ocrx_word'/>
</head>
<body>
  <div class='ocr_page' id='page_1' title='image "./registrumepiscop02brecuoft_0195.png"; bbox 0 0 3016 3958; ppageno 0'>
   <div class='ocr_carea' id='block_1_1' title="bbox 1090 594 2492 674">
    <p class='ocr_par' dir='ltr' id='par_1_1' title="bbox 1090 594 2492 674">
     <span class='ocr_line' id='line_1_1' title="bbox 1090 594 2492 674; baseline 0.008 -11"><span class='ocrx_word' id='word_1_1' title='bbox 1090 608 1385 665; x_wconf 82' lang='lat' dir='ltr'><strong>OARTAE</strong></span> <span class='ocrx_word' id='word_1_2' title='bbox 1430 611 1931 670; x_wconf 73' lang='lat' dir='ltr'>omerNALEs.</span> <span class='ocrx_word' id='word_1_3' title='bbox 2253 594 2259 607; x_wconf 88' lang='lat'>&#39;</span> <span class='ocrx_word' id='word_1_4' title='bbox 2386 621 2492 674; x_wconf 87' lang='lat'>181</span> 
     </span>
    </p>
   </div>
   <div class='ocr_carea' id='block_1_2' title="bbox 361 858 2545 1399">
    <p class='ocr_par' dir='ltr' id='par_1_2' title="bbox 361 858 2545 1399">
     <span class='ocr_line' id='line_1_2' title="bbox 361 858 2490 956; baseline 0.007 -25"><span class='ocrx_word' id='word_1_5' title='bbox 361 883 514 933; x_wconf 89' lang='lat' dir='ltr'>CXV.</span> <span class='ocrx_word' id='word_1_6' title='bbox 550 858 735 938; x_wconf 77' lang='lat' dir='ltr'>Carta</span> <span class='ocrx_word' id='word_1_7' title='bbox 758 888 971 951; x_wconf 82' lang='lat' dir='ltr'>ejusdem</span> <span class='ocrx_word' id='word_1_8' title='bbox 996 888 1142 936; x_wconf 85' lang='lat' dir='ltr'>annui</span> <span class='ocrx_word' id='word_1_9' title='bbox 1168 889 1386 938; x_wconf 83' lang='lat' dir='ltr'>redditus</span> <span class='ocrx_word' id='word_1_10' title='bbox 1423 906 1649 940; x_wconf 81' lang='lat' dir='ltr'>concessa</span> <span class='ocrx_word' id='word_1_11' title='bbox 1673 909 1758 956; x_wconf 91' lang='lat' dir='ltr'>per</span> <span class='ocrx_word' id='word_1_12' title='bbox 1783 893 1961 942; x_wconf 90' lang='lat' dir='ltr'>dictum</span> <span class='ocrx_word' id='word_1_13' title='bbox 1988 894 2022 941; x_wconf 89' lang='lat' dir='ltr'><strong>J</strong></span> <span class='ocrx_word' id='word_1_14' title='bbox 2027 896 2257 943; x_wconf 89' lang='lat' dir='ltr'>ohannem</span> <span class='ocrx_word' id='word_1_15' title='bbox 2284 896 2490 945; x_wconf 91' lang='lat' dir='ltr'>Annand</span> 
     </span>
     <span class='ocr_line' id='line_1_3' title="bbox 535 977 2545 1048; baseline 0.005 -24"><span class='ocrx_word' id='word_1_16' title='bbox 535 977 783 1040; x_wconf 88' lang='lat' dir='ltr'>praedicto</span> <span class='ocrx_word' id='word_1_17' title='bbox 823 977 1037 1026; x_wconf 87' lang='lat' dir='ltr'>Patricio</span> <span class='ocrx_word' id='word_1_18' title='bbox 1077 978 1227 1041; x_wconf 77' lang='lat' dir='ltr'>Boyis</span> <span class='ocrx_word' id='word_1_19' title='bbox 1264 978 1562 1028; x_wconf 81' lang='lat' dir='ltr'>thesaurario</span> <span class='ocrx_word' id='word_1_20' title='bbox 1603 981 1912 1031; x_wconf 79' lang='lat' dir='ltr'>Breehinensi</span> <span class='ocrx_word' id='word_1_21' title='bbox 1952 1011 1962 1022; x_wconf 89' lang='lat'><strong>·</strong></span> <span class='ocrx_word' id='word_1_22' title='bbox 2001 984 2222 1033; x_wconf 76' lang='lat' dir='ltr'>&#39;festibus</span> <span class='ocrx_word' id='word_1_23' title='bbox 2248 985 2492 1048; x_wconf 81' lang='lat' dir='ltr'>Magistris</span> <span class='ocrx_word' id='word_1_24' title='bbox 2541 1007 2545 1009; x_wconf 93' lang='lat'>·</span> 
     </span>
     <span class='ocr_line' id='line_1_4' title="bbox 535 1065 2492 1135; baseline 0.004 -21"><span class='ocrx_word' id='word_1_25' title='bbox 535 1065 694 1115; x_wconf 87' lang='lat' dir='ltr'>David</span> <span class='ocrx_word' id='word_1_26' title='bbox 734 1067 970 1115; x_wconf 90' lang='lat' dir='ltr'>Petcarne</span> <span class='ocrx_word' id='word_1_27' title='bbox 1009 1067 1347 1115; x_wconf 89' lang='lat' dir='ltr'>archidiacono</span> <span class='ocrx_word' id='word_1_28' title='bbox 1387 1067 1668 1117; x_wconf 85' lang='lat' dir='ltr'>Alexandro</span> <span class='ocrx_word' id='word_1_29' title='bbox 1709 1071 1889 1119; x_wconf 88' lang='lat' dir='ltr'>Setoun</span> <span class='ocrx_word' id='word_1_30' title='bbox 1926 1073 2227 1135; x_wconf 82' lang='lat' dir='ltr'>pensionario</span> <span class='ocrx_word' id='word_1_31' title='bbox 2252 1075 2492 1123; x_wconf 82' lang='lat' dir='ltr'>canonicis</span> 
     </span>
     <span class='ocr_line' id='line_1_5' title="bbox 535 1156 2493 1227; baseline 0.004 -24"><span class='ocrx_word' id='word_1_32' title='bbox 535 1156 937 1205; x_wconf 81' lang='lat' dir='ltr'>Brechinensibus</span> <span class='ocrx_word' id='word_1_33' title='bbox 976 1156 1181 1204; x_wconf 82' lang='lat' dir='ltr'>dominis</span> <span class='ocrx_word' id='word_1_34' title='bbox 1221 1156 1469 1205; x_wconf 90' lang='lat' dir='ltr'>Willelmo</span> <span class='ocrx_word' id='word_1_35' title='bbox 1510 1159 1677 1206; x_wconf 90' lang='lat' dir='ltr'>Murra</span> <span class='ocrx_word' id='word_1_36' title='bbox 1716 1161 1910 1209; x_wconf 89' lang='lat' dir='ltr'>Andrea</span> <span class='ocrx_word' id='word_1_37' title='bbox 1946 1162 2196 1226; x_wconf 80' lang='lat' dir='ltr'>Fyndelay</span> <span class='ocrx_word' id='word_1_38' title='bbox 2236 1163 2493 1227; x_wconf 79' lang='lat' dir='ltr'>capellanis</span> 
     </span>
     <span class='ocr_line' id='line_1_6' title="bbox 534 1243 2494 1317; baseline 0.005 -25"><span class='ocrx_word' id='word_1_39' title='bbox 534 1245 569 1291; x_wconf 85' lang='lat' dir='ltr'>J</span> <span class='ocrx_word' id='word_1_40' title='bbox 573 1246 759 1294; x_wconf 90' lang='lat' dir='ltr'>ohanne</span> <span class='ocrx_word' id='word_1_41' title='bbox 786 1246 1020 1294; x_wconf 85' lang='lat' dir='ltr'>Petcarne</span> <span class='ocrx_word' id='word_1_42' title='bbox 1046 1243 1208 1293; x_wconf 90' lang='lat' dir='ltr'>David</span> <span class='ocrx_word' id='word_1_43' title='bbox 1245 1245 1392 1293; x_wconf 84' lang='lat' dir='ltr'>Clark</span> <span class='ocrx_word' id='word_1_44' title='bbox 1426 1245 1564 1295; x_wconf 81' lang='lat' dir='ltr'>laicis</span> <span class='ocrx_word' id='word_1_45' title='bbox 1600 1252 1649 1296; x_wconf 94' lang='lat' dir='ltr'>et</span> <span class='ocrx_word' id='word_1_46' title='bbox 1686 1249 1876 1298; x_wconf 91' lang='lat' dir='ltr'>domino</span> <span class='ocrx_word' id='word_1_47' title='bbox 1910 1250 2134 1299; x_wconf 86' lang='lat' dir='ltr'>Johanne</span> <span class='ocrx_word' id='word_1_48' title='bbox 2161 1252 2314 1300; x_wconf 83' lang='lat' dir='ltr'>Ettell</span> <span class='ocrx_word' id='word_1_49' title='bbox 2340 1253 2494 1317; x_wconf 90' lang='lat' dir='ltr'>capel-</span> 
     </span>
     <span class='ocr_line' id='line_1_7' title="bbox 524 1334 2089 1399; baseline 0.003 -18"><span class='ocrx_word' id='word_1_50' title='bbox 524 1334 648 1384; x_wconf 80' lang='lat' dir='ltr'>&#39;lano</span> <span class='ocrx_word' id='word_1_51' title='bbox 669 1335 859 1383; x_wconf 87' lang='lat' dir='ltr'>notario</span> <span class='ocrx_word' id='word_1_52' title='bbox 884 1335 1077 1399; x_wconf 89' lang='lat' dir='ltr'>publico</span> <span class='ocrx_word' id='word_1_53' title='bbox 1103 1350 1209 1383; x_wconf 89' lang='lat' dir='ltr'>cum</span> <span class='ocrx_word' id='word_1_54' title='bbox 1237 1334 1438 1383; x_wconf 79' lang='lat' dir='ltr'>diversis</span> <span class='ocrx_word' id='word_1_55' title='bbox 1462 1335 1570 1384; x_wconf 77' lang='lat' dir='ltr'>aliis</span> <span class='ocrx_word' id='word_1_56' title='bbox 1608 1365 1617 1374; x_wconf 92' lang='lat'><strong>·</strong></span> <span class='ocrx_word' id='word_1_57' title='bbox 1658 1338 1721 1385; x_wconf 89' lang='grc'>16</span> <span class='ocrx_word' id='word_1_58' title='bbox 1745 1338 1779 1384; x_wconf 87' lang='lat' dir='ltr'><strong>J</strong></span> <span class='ocrx_word' id='word_1_59' title='bbox 1784 1338 1883 1385; x_wconf 92' lang='lat' dir='ltr'>unii</span> <span class='ocrx_word' id='word_1_60' title='bbox 1911 1339 2040 1387; x_wconf 80' lang='lat'>1526</span> <span class='ocrx_word' id='word_1_61' title='bbox 2079 1368 2089 1378; x_wconf 84' lang='lat'><strong>·</strong></span> 
     </span>
    </p>
   </div>
   <div class='ocr_carea' id='block_1_3' title="bbox 330 1571 2504 2743">
    <p class='ocr_par' dir='ltr' id='par_1_3' title="bbox 330 1571 2504 2743">
     <span class='ocr_line' id='line_1_8' title="bbox 330 1571 2494 1674; baseline 0.001 -19"><span class='ocrx_word' id='word_1_62' title='bbox 330 1607 517 1655; x_wconf 89' lang='lat' dir='ltr'>CXVI.</span> <span class='ocrx_word' id='word_1_63' title='bbox 547 1571 946 1655; x_wconf 83' lang='lat' dir='ltr'>Instrumentum</span> <span class='ocrx_word' id='word_1_64' title='bbox 971 1606 1177 1656; x_wconf 78' lang='lat' dir='ltr'>saisinae</span> <span class='ocrx_word' id='word_1_65' title='bbox 1204 1607 1253 1654; x_wconf 90' lang='lat' dir='ltr'>in</span> <span class='ocrx_word' id='word_1_66' title='bbox 1276 1606 1487 1655; x_wconf 86' lang='lat' dir='ltr'>favorem</span> <span class='ocrx_word' id='word_1_67' title='bbox 1515 1607 1693 1655; x_wconf 91' lang='lat' dir='ltr'>domini</span> <span class='ocrx_word' id='word_1_68' title='bbox 1721 1607 1876 1655; x_wconf 84' lang='lat' dir='ltr'>David</span> <span class='ocrx_word' id='word_1_69' title='bbox 1905 1609 2067 1656; x_wconf 91' lang='lat' dir='ltr'>Broun</span> <span class='ocrx_word' id='word_1_70' title='bbox 2095 1609 2329 1673; x_wconf 84' lang='lat' dir='ltr'>capellani</span> <span class='ocrx_word' id='word_1_71' title='bbox 2354 1626 2494 1674; x_wconf 81' lang='lat' dir='ltr'>super</span> 
     </span>
     <span class='ocr_line' id='line_1_9' title="bbox 542 1695 2497 1760; baseline 0.001 -15"><span class='ocrx_word' id='word_1_72' title='bbox 542 1696 858 1760; x_wconf 75' lang='lat' dir='ltr'>resignatione</span> <span class='ocrx_word' id='word_1_73' title='bbox 898 1695 1121 1759; x_wconf 77' lang='lat' dir='ltr'><strong>Magistri</strong></span> <span class='ocrx_word' id='word_1_74' title='bbox 1148 1695 1384 1743; x_wconf 90' lang='lat' dir='ltr'>Willelmi</span> <span class='ocrx_word' id='word_1_75' title='bbox 1427 1696 1665 1744; x_wconf 89' lang='lat' dir='ltr'>Meldrum</span> <span class='ocrx_word' id='word_1_76' title='bbox 1691 1697 1857 1745; x_wconf 87' lang='lat' dir='ltr'>vicarii</span> <span class='ocrx_word' id='word_1_77' title='bbox 1893 1698 2228 1747; x_wconf 84' lang='lat' dir='ltr'>Brechinensis</span> <span class='ocrx_word' id='word_1_78' title='bbox 2263 1700 2310 1747; x_wconf 93' lang='lat' dir='ltr'>in</span> <span class='ocrx_word' id='word_1_79' title='bbox 2347 1701 2497 1747; x_wconf 90' lang='lat' dir='ltr'>mani-</span> 
     </span>
     <span class='ocr_line' id='line_1_10' title="bbox 541 1784 2499 1850; baseline 0.001 -16"><span class='ocrx_word' id='word_1_80' title='bbox 541 1787 630 1835; x_wconf 82' lang='lat' dir='ltr'>bus</span> <span class='ocrx_word' id='word_1_81' title='bbox 652 1786 857 1850; x_wconf 88' lang='lat' dir='ltr'>praefati</span> <span class='ocrx_word' id='word_1_82' title='bbox 879 1785 914 1831; x_wconf 88' lang='lat' dir='ltr'><strong>J</strong></span> <span class='ocrx_word' id='word_1_83' title='bbox 919 1785 1120 1834; x_wconf 82' lang='lat' dir='ltr'>ohannis</span> <span class='ocrx_word' id='word_1_84' title='bbox 1156 1786 1319 1833; x_wconf 93' lang='lat' dir='ltr'>Broun</span> <span class='ocrx_word' id='word_1_85' title='bbox 1357 1784 1520 1833; x_wconf 87' lang='lat' dir='ltr'>ballivi</span> <span class='ocrx_word' id='word_1_86' title='bbox 1545 1786 1777 1834; x_wconf 77' lang='lat' dir='ltr'>antedicti</span> <span class='ocrx_word' id='word_1_87' title='bbox 1812 1787 1886 1835; x_wconf 82' lang='lat' dir='ltr'>sui</span> <span class='ocrx_word' id='word_1_88' title='bbox 1920 1789 2182 1835; x_wconf 86' lang='lat' dir='ltr'>tenementi</span> <span class='ocrx_word' id='word_1_89' title='bbox 2219 1804 2323 1836; x_wconf 91' lang='lat' dir='ltr'>cum</span> <span class='ocrx_word' id='word_1_90' title='bbox 2360 1790 2499 1836; x_wconf 84' lang='lat' dir='ltr'>horto</span> 
     </span>
     <span class='ocr_line' id='line_1_11' title="bbox 543 1874 2499 1939; baseline 0.001 -15"><span class='ocrx_word' id='word_1_91' title='bbox 543 1877 753 1924; x_wconf 83' lang='lat' dir='ltr'>eiusdem</span> <span class='ocrx_word' id='word_1_92' title='bbox 781 1875 992 1937; x_wconf 60' lang='lat' dir='ltr'>,iacentis</span> <span class='ocrx_word' id='word_1_93' title='bbox 1015 1891 1077 1922; x_wconf 89' lang='lat' dir='ltr'>ex</span> <span class='ocrx_word' id='word_1_94' title='bbox 1106 1878 1244 1939; x_wconf 89' lang='lat' dir='ltr'>parte</span> <span class='ocrx_word' id='word_1_95' title='bbox 1280 1874 1569 1923; x_wconf 87' lang='lat' dir='ltr'>occidentali</span> <span class='ocrx_word' id='word_1_96' title='bbox 1605 1875 1830 1924; x_wconf 82' lang='lat' dir='ltr'>Civitatis</span> <span class='ocrx_word' id='word_1_97' title='bbox 1855 1876 2194 1925; x_wconf 84' lang='lat' dir='ltr'>Brechinensis</span> <span class='ocrx_word' id='word_1_98' title='bbox 2219 1878 2345 1925; x_wconf 90' lang='lat' dir='ltr'>inter</span> <span class='ocrx_word' id='word_1_99' title='bbox 2368 1894 2499 1926; x_wconf 88' lang='lat' dir='ltr'>man-</span> 
     </span>
     <span class='ocr_line' id='line_1_12' title="bbox 547 1963 2501 2029; baseline 0 -15"><span class='ocrx_word' id='word_1_100' title='bbox 547 1982 650 2015; x_wconf 85' lang='lat' dir='ltr'>sum</span> <span class='ocrx_word' id='word_1_101' title='bbox 674 1963 957 2012; x_wconf 82' lang='lat' dir='ltr'>venerabilis</span> <span class='ocrx_word' id='word_1_102' title='bbox 980 1963 1068 2011; x_wconf 88' lang='lat' dir='ltr'>viri</span> <span class='ocrx_word' id='word_1_103' title='bbox 1093 1963 1505 2026; x_wconf 72' lang='lat' dir='ltr'>magistri&#39;Jaeobi</span> <span class='ocrx_word' id='word_1_104' title='bbox 1525 1965 1841 2027; x_wconf 87' lang='lat' dir='ltr'>Scrymgeour</span> <span class='ocrx_word' id='word_1_105' title='bbox 1863 1967 2188 2029; x_wconf 82' lang='lat' dir='ltr'>praecentoris</span> <span class='ocrx_word' id='word_1_106' title='bbox 2212 1967 2501 2014; x_wconf 88' lang='lat' dir='ltr'>Brechinen-</span> 
     </span>
     <span class='ocr_line' id='line_1_13' title="bbox 550 2052 2499 2119; baseline -0.001 -15"><span class='ocrx_word' id='word_1_107' title='bbox 550 2056 616 2105; x_wconf 82' lang='lat' dir='ltr'>sis</span> <span class='ocrx_word' id='word_1_108' title='bbox 638 2056 700 2103; x_wconf 91' lang='lat' dir='ltr'>ad</span> <span class='ocrx_word' id='word_1_109' title='bbox 724 2055 882 2103; x_wconf 81' lang='lat' dir='ltr'>oriens</span> <span class='ocrx_word' id='word_1_110' title='bbox 905 2058 955 2102; x_wconf 90' lang='lat' dir='ltr'>et</span> <span class='ocrx_word' id='word_1_111' title='bbox 977 2053 1028 2117; x_wconf 88' lang='lat' dir='ltr'>ly</span> <span class='ocrx_word' id='word_1_112' title='bbox 1052 2052 1231 2117; x_wconf 86' lang='lat' dir='ltr'>college</span> <span class='ocrx_word' id='word_1_113' title='bbox 1255 2055 1398 2117; x_wconf 87' lang='lat' dir='ltr'>wynd</span> <span class='ocrx_word' id='word_1_114' title='bbox 1435 2054 1495 2101; x_wconf 91' lang='lat' dir='ltr'>ad</span> <span class='ocrx_word' id='word_1_115' title='bbox 1533 2054 1755 2102; x_wconf 81' lang='lat' dir='ltr'>occidens</span> <span class='ocrx_word' id='word_1_116' title='bbox 1790 2058 1840 2102; x_wconf 89' lang='lat' dir='ltr'>et</span> <span class='ocrx_word' id='word_1_117' title='bbox 1875 2055 2108 2118; x_wconf 89' lang='lat' dir='ltr'>quandam</span> <span class='ocrx_word' id='word_1_118' title='bbox 2142 2055 2317 2119; x_wconf 91' lang='lat' dir='ltr'>petiam</span> <span class='ocrx_word' id='word_1_119' title='bbox 2343 2059 2499 2103; x_wconf 89' lang='lat' dir='ltr'>terrae</span> 
     </span>
     <span class='ocr_line' id='line_1_14' title="bbox 552 2143 2497 2208; baseline -0.001 -14"><span class='ocrx_word' id='word_1_120' title='bbox 552 2162 647 2194; x_wconf 92' lang='lat' dir='ltr'>non</span> <span class='ocrx_word' id='word_1_121' title='bbox 671 2145 950 2192; x_wconf 87' lang='lat' dir='ltr'>aedificatae</span> <span class='ocrx_word' id='word_1_122' title='bbox 974 2143 1205 2192; x_wconf 82' lang='lat' dir='ltr'>ecclesiae</span> <span class='ocrx_word' id='word_1_123' title='bbox 1229 2143 1495 2191; x_wconf 81' lang='lat' dir='ltr'>cathedrali</span> <span class='ocrx_word' id='word_1_124' title='bbox 1520 2144 1832 2192; x_wconf 85' lang='lat' dir='ltr'>Brechinensi</span> <span class='ocrx_word' id='word_1_125' title='bbox 1856 2145 2173 2208; x_wconf 87' lang='lat' dir='ltr'>pertinentem</span> <span class='ocrx_word' id='word_1_126' title='bbox 2200 2147 2260 2192; x_wconf 90' lang='lat' dir='ltr'>ad</span> <span class='ocrx_word' id='word_1_127' title='bbox 2287 2150 2497 2194; x_wconf 81' lang='lat' dir='ltr'>austrum</span> 
     </span>
     <span class='ocr_line' id='line_1_15' title="bbox 555 2233 2501 2296; baseline -0.002 -12"><span class='ocrx_word' id='word_1_128' title='bbox 555 2240 605 2284; x_wconf 87' lang='lat' dir='ltr'>et</span> <span class='ocrx_word' id='word_1_129' title='bbox 646 2250 943 2284; x_wconf 90' lang='lat' dir='ltr'>communem</span> <span class='ocrx_word' id='word_1_130' title='bbox 978 2233 1100 2281; x_wconf 86' lang='lat' dir='ltr'>viam</span> <span class='ocrx_word' id='word_1_131' title='bbox 1144 2233 1321 2296; x_wconf 88' lang='lat' dir='ltr'>regiam</span> <span class='ocrx_word' id='word_1_132' title='bbox 1362 2234 1424 2280; x_wconf 89' lang='lat' dir='ltr'>ad</span> <span class='ocrx_word' id='word_1_133' title='bbox 1461 2234 1654 2281; x_wconf 90' lang='lat' dir='ltr'>boream</span> <span class='ocrx_word' id='word_1_134' title='bbox 1696 2249 1802 2280; x_wconf 89' lang='lat' dir='ltr'>cum</span> <span class='ocrx_word' id='word_1_135' title='bbox 1839 2249 1932 2281; x_wconf 92' lang='lat' dir='ltr'>una</span> <span class='ocrx_word' id='word_1_136' title='bbox 1967 2249 2078 2280; x_wconf 89' lang='lat' dir='ltr'>acra</span> <span class='ocrx_word' id='word_1_137' title='bbox 2115 2238 2272 2281; x_wconf 88' lang='lat' dir='ltr'>terrae</span> <span class='ocrx_word' id='word_1_138' title='bbox 2308 2234 2501 2282; x_wconf 84' lang='lat' dir='ltr'>arabilis</span> 
     </span>
     <span class='ocr_line' id='line_1_16' title="bbox 558 2322 2503 2386; baseline -0.003 -12"><span class='ocrx_word' id='word_1_139' title='bbox 558 2327 712 2374; x_wconf 89' lang='lat' dir='ltr'>eidem</span> <span class='ocrx_word' id='word_1_140' title='bbox 735 2327 1011 2374; x_wconf 90' lang='lat' dir='ltr'>tenemento</span> <span class='ocrx_word' id='word_1_141' title='bbox 1037 2323 1308 2386; x_wconf 87' lang='lat' dir='ltr'>pertinente</span> <span class='ocrx_word' id='word_1_142' title='bbox 1336 2322 1531 2385; x_wconf 87' lang='lat' dir='ltr'>jacente</span> <span class='ocrx_word' id='word_1_143' title='bbox 1555 2338 1617 2370; x_wconf 86' lang='lat' dir='ltr'>ex</span> <span class='ocrx_word' id='word_1_144' title='bbox 1645 2326 1783 2386; x_wconf 91' lang='lat' dir='ltr'>parte</span> <span class='ocrx_word' id='word_1_145' title='bbox 1819 2322 2106 2370; x_wconf 88' lang='lat' dir='ltr'>occidentali</span> <span class='ocrx_word' id='word_1_146' title='bbox 2142 2323 2349 2384; x_wconf 84' lang='lat' dir='ltr'>ejusdem</span> <span class='ocrx_word' id='word_1_147' title='bbox 2378 2322 2503 2369; x_wconf 84' lang='lat' dir='ltr'>Civi-</span> 
     </span>
     <span class='ocr_line' id='line_1_17' title="bbox 554 2411 2502 2475; baseline -0.004 -10"><span class='ocrx_word' id='word_1_148' title='bbox 554 2416 674 2465; x_wconf 82' lang='lat' dir='ltr'>tatis</span> <span class='ocrx_word' id='word_1_149' title='bbox 706 2415 833 2463; x_wconf 90' lang='lat' dir='ltr'>inter</span> <span class='ocrx_word' id='word_1_150' title='bbox 867 2417 1022 2462; x_wconf 83' lang='lat' dir='ltr'>terras</span> <span class='ocrx_word' id='word_1_151' title='bbox 1057 2413 1315 2460; x_wconf 89' lang='lat' dir='ltr'>haeredum</span> <span class='ocrx_word' id='word_1_152' title='bbox 1352 2413 1590 2475; x_wconf 89' lang='lat' dir='ltr'>quondam</span> <span class='ocrx_word' id='word_1_153' title='bbox 1628 2411 1892 2460; x_wconf 85' lang='lat' dir='ltr'>Alexandri</span> <span class='ocrx_word' id='word_1_154' title='bbox 1934 2412 2145 2474; x_wconf 82' lang='lat' dir='ltr'>Ramsay</span> <span class='ocrx_word' id='word_1_155' title='bbox 2182 2413 2243 2459; x_wconf 91' lang='lat' dir='ltr'>ad</span> <span class='ocrx_word' id='word_1_156' title='bbox 2282 2412 2502 2459; x_wconf 86' lang='lat' dir='ltr'>occidens</span> 
     </span>
     <span class='ocr_line' id='line_1_18' title="bbox 555 2501 2502 2564; baseline -0.004 -10"><span class='ocrx_word' id='word_1_157' title='bbox 555 2511 710 2554; x_wconf 83' lang='lat' dir='ltr'>terras</span> <span class='ocrx_word' id='word_1_158' title='bbox 732 2505 765 2551; x_wconf 85' lang='lat' dir='ltr'><strong>J</strong></span> <span class='ocrx_word' id='word_1_159' title='bbox 770 2502 970 2552; x_wconf 86' lang='lat' dir='ltr'>ohannis</span> <span class='ocrx_word' id='word_1_160' title='bbox 993 2502 1163 2564; x_wconf 86' lang='lat' dir='ltr'>Lyoun</span> <span class='ocrx_word' id='word_1_161' title='bbox 1197 2502 1259 2549; x_wconf 91' lang='lat' dir='ltr'>ad</span> <span class='ocrx_word' id='word_1_162' title='bbox 1295 2501 1454 2550; x_wconf 82' lang='lat' dir='ltr'>oriens</span> <span class='ocrx_word' id='word_1_163' title='bbox 1475 2505 1631 2549; x_wconf 85' lang='lat' dir='ltr'>terras</span> <span class='ocrx_word' id='word_1_164' title='bbox 1654 2501 1938 2550; x_wconf 82' lang='lat' dir='ltr'>venerabilis</span> <span class='ocrx_word' id='word_1_165' title='bbox 1971 2501 2058 2548; x_wconf 84' lang='lat' dir='ltr'>viri</span> <span class='ocrx_word' id='word_1_166' title='bbox 2093 2501 2306 2564; x_wconf 82' lang='lat' dir='ltr'>magistri</span> <span class='ocrx_word' id='word_1_167' title='bbox 2343 2501 2502 2548; x_wconf 86' lang='lat' dir='ltr'>David</span> 
     </span>
     <span class='ocr_line' id='line_1_19' title="bbox 558 2590 2504 2654; baseline -0.004 -11"><span class='ocrx_word' id='word_1_168' title='bbox 558 2597 793 2644; x_wconf 89' lang='lat' dir='ltr'>Petcarne</span> <span class='ocrx_word' id='word_1_169' title='bbox 816 2594 878 2641; x_wconf 91' lang='lat' dir='ltr'>ad</span> <span class='ocrx_word' id='word_1_170' title='bbox 900 2592 1094 2640; x_wconf 89' lang='lat' dir='ltr'>boream</span> <span class='ocrx_word' id='word_1_171' title='bbox 1119 2594 1169 2639; x_wconf 89' lang='lat' dir='ltr'>et</span> <span class='ocrx_word' id='word_1_172' title='bbox 1192 2595 1350 2638; x_wconf 79' lang='lat' dir='ltr'>terras</span> <span class='ocrx_word' id='word_1_173' title='bbox 1371 2591 1631 2638; x_wconf 85' lang='lat' dir='ltr'>haeredum</span> <span class='ocrx_word' id='word_1_174' title='bbox 1656 2591 1893 2654; x_wconf 89' lang='lat' dir='ltr'>quondam</span> <span class='ocrx_word' id='word_1_175' title='bbox 1920 2590 2077 2638; x_wconf 87' lang='lat' dir='ltr'>David</span> <span class='ocrx_word' id='word_1_176' title='bbox 2104 2590 2269 2653; x_wconf 84' lang='lat' dir='ltr'>Nudry</span> <span class='ocrx_word' id='word_1_177' title='bbox 2303 2591 2362 2637; x_wconf 88' lang='lat' dir='ltr'>ad</span> <span class='ocrx_word' id='word_1_178' title='bbox 2399 2606 2504 2637; x_wconf 76' lang='lat' dir='ltr'>aus-</span> 
     </span>
     <span class='ocr_line' id='line_1_20' title="bbox 556 2678 2499 2743; baseline -0.004 -10"><span class='ocrx_word' id='word_1_179' title='bbox 556 2690 683 2733; x_wconf 88' lang='lat' dir='ltr'>trum</span> <span class='ocrx_word' id='word_1_180' title='bbox 721 2711 731 2721; x_wconf 93' lang='lat'><strong>·</strong></span> <span class='ocrx_word' id='word_1_181' title='bbox 769 2681 967 2730; x_wconf 80' lang='lat' dir='ltr'>Necnon</span> <span class='ocrx_word' id='word_1_182' title='bbox 991 2681 1130 2728; x_wconf 77' lang='lat' dir='ltr'>unius</span> <span class='ocrx_word' id='word_1_183' title='bbox 1152 2679 1312 2743; x_wconf 89' lang='lat' dir='ltr'>petiae</span> <span class='ocrx_word' id='word_1_184' title='bbox 1334 2683 1493 2727; x_wconf 87' lang='lat' dir='ltr'>terrae</span> <span class='ocrx_word' id='word_1_185' title='bbox 1529 2679 1724 2728; x_wconf 82' lang='lat' dir='ltr'>arabilis</span> <span class='ocrx_word' id='word_1_186' title='bbox 1758 2684 2057 2743; x_wconf 87' lang='lat' dir='ltr'>nuncupatae</span> <span class='ocrx_word' id='word_1_187' title='bbox 2083 2679 2132 2742; x_wconf 89' lang='lat' dir='ltr'>ly</span> <span class='ocrx_word' id='word_1_188' title='bbox 2157 2678 2427 2742; x_wconf 80' lang='lat' dir='ltr'>Claypottis</span> <span class='ocrx_word' id='word_1_189' title='bbox 2451 2683 2499 2726; x_wconf 86' lang='lat' dir='ltr'>et</span> 
     </span>
    </p>
   </div>
   <div class='ocr_carea' id='block_1_4' title="bbox 559 2767 2600 2833">
    <p class='ocr_par' dir='ltr' id='par_1_4' title="bbox 559 2767 2600 2833">
     <span class='ocr_line' id='line_1_21' title="bbox 559 2767 2600 2833; baseline -0.004 -11"><span class='ocrx_word' id='word_1_190' title='bbox 559 2772 848 2823; x_wconf 82' lang='lat' dir='ltr'>Cobbisland</span> <span class='ocrx_word' id='word_1_191' title='bbox 886 2787 993 2819; x_wconf 90' lang='lat' dir='ltr'>cum</span> <span class='ocrx_word' id='word_1_192' title='bbox 1030 2769 1130 2819; x_wconf 80' lang='lat' dir='ltr'>suis</span> <span class='ocrx_word' id='word_1_193' title='bbox 1165 2769 1470 2833; x_wconf 81' lang='lat' dir='ltr'>pertinentiis</span> <span class='ocrx_word' id='word_1_194' title='bbox 1497 2769 1708 2831; x_wconf 77' lang='lat' dir='ltr'>jacentis</span> <span class='ocrx_word' id='word_1_195' title='bbox 1743 2785 1803 2816; x_wconf 89' lang='lat' dir='ltr'>ex</span> <span class='ocrx_word' id='word_1_196' title='bbox 1840 2769 2003 2816; x_wconf 88' lang='lat' dir='ltr'>eadem</span> <span class='ocrx_word' id='word_1_197' title='bbox 2040 2772 2178 2832; x_wconf 89' lang='lat' dir='ltr'>parte</span> <span class='ocrx_word' id='word_1_198' title='bbox 2218 2767 2498 2815; x_wconf 87' lang='lat' dir='ltr'>occidentali</span> <span class='ocrx_word' id='word_1_199' title='bbox 2597 2795 2600 2798; x_wconf 92' lang='lat'><em>-</em></span> 
     </span>
    </p>
   </div>
   <div class='ocr_carea' id='block_1_5' title="bbox 558 2855 2499 3361">
    <p class='ocr_par' dir='ltr' id='par_1_5' title="bbox 558 2855 2499 3361">
     <span class='ocr_line' id='line_1_22' title="bbox 558 2855 2496 2921; baseline -0.005 -9"><span class='ocrx_word' id='word_1_200' title='bbox 558 2865 717 2912; x_wconf 89' lang='lat' dir='ltr'>dictae</span> <span class='ocrx_word' id='word_1_201' title='bbox 753 2860 977 2910; x_wconf 83' lang='lat' dir='ltr'>Civitatis</span> <span class='ocrx_word' id='word_1_202' title='bbox 1011 2859 1138 2906; x_wconf 86' lang='lat' dir='ltr'>inter</span> <span class='ocrx_word' id='word_1_203' title='bbox 1171 2862 1327 2907; x_wconf 80' lang='lat' dir='ltr'>terras</span> <span class='ocrx_word' id='word_1_204' title='bbox 1372 2857 1726 2921; x_wconf 84' lang='lat' dir='ltr'>capellanorum</span> <span class='ocrx_word' id='word_1_205' title='bbox 1767 2857 1898 2905; x_wconf 90' lang='lat' dir='ltr'>chori</span> <span class='ocrx_word' id='word_1_206' title='bbox 1941 2856 2229 2904; x_wconf 79' lang='lat' dir='ltr'>cathedralis</span> <span class='ocrx_word' id='word_1_207' title='bbox 2269 2855 2496 2903; x_wconf 87' lang='lat' dir='ltr'>ecclesiae</span> 
     </span>
     <span class='ocr_line' id='line_1_23' title="bbox 559 2945 2498 3010; baseline -0.006 -8"><span class='ocrx_word' id='word_1_208' title='bbox 559 2951 896 3002; x_wconf 81' lang='lat' dir='ltr'>Brechinensis</span> <span class='ocrx_word' id='word_1_209' title='bbox 932 2950 993 2997; x_wconf 94' lang='lat' dir='ltr'>ad</span> <span class='ocrx_word' id='word_1_210' title='bbox 1031 2948 1254 2997; x_wconf 79' lang='lat' dir='ltr'>occidens</span> <span class='ocrx_word' id='word_1_211' title='bbox 1284 2947 1410 2995; x_wconf 85' lang='lat' dir='ltr'>viam</span> <span class='ocrx_word' id='word_1_212' title='bbox 1445 2962 1566 3010; x_wconf 90' lang='lat' dir='ltr'>quae</span> <span class='ocrx_word' id='word_1_213' title='bbox 1606 2947 1737 2994; x_wconf 88' lang='lat' dir='ltr'>ducit</span> <span class='ocrx_word' id='word_1_214' title='bbox 1774 2947 1834 2993; x_wconf 94' lang='lat' dir='ltr'>ad</span> <span class='ocrx_word' id='word_1_215' title='bbox 1873 2945 2106 2993; x_wconf 91' lang='lat' dir='ltr'>Dubtoun</span> <span class='ocrx_word' id='word_1_216' title='bbox 2140 2946 2200 2992; x_wconf 90' lang='lat' dir='ltr'>ad</span> <span class='ocrx_word' id='word_1_217' title='bbox 2235 2945 2424 2992; x_wconf 89' lang='lat' dir='ltr'>boream</span> <span class='ocrx_word' id='word_1_218' title='bbox 2450 2950 2498 2992; x_wconf 88' lang='lat' dir='ltr'>et</span> 
     </span>
     <span class='ocr_line' id='line_1_24' title="bbox 558 3034 2499 3106; baseline -0.006 -15"><span class='ocrx_word' id='word_1_219' title='bbox 558 3045 682 3091; x_wconf 81' lang='lat' dir='ltr'>viam</span> <span class='ocrx_word' id='word_1_220' title='bbox 707 3057 828 3106; x_wconf 90' lang='lat' dir='ltr'>quae</span> <span class='ocrx_word' id='word_1_221' title='bbox 851 3039 1008 3088; x_wconf 89' lang='lat' dir='ltr'>tendit</span> <span class='ocrx_word' id='word_1_222' title='bbox 1033 3039 1092 3086; x_wconf 89' lang='lat' dir='ltr'>ad</span> <span class='ocrx_word' id='word_1_223' title='bbox 1118 3037 1182 3085; x_wconf 91' lang='lat' dir='ltr'>lie</span> <span class='ocrx_word' id='word_1_224' title='bbox 1208 3036 1412 3084; x_wconf 88' lang='lat' dir='ltr'>Hawich</span> <span class='ocrx_word' id='word_1_225' title='bbox 1433 3037 1492 3083; x_wconf 92' lang='lat' dir='ltr'>de</span> <span class='ocrx_word' id='word_1_226' title='bbox 1518 3035 1754 3082; x_wconf 87' lang='lat' dir='ltr'>Brechine</span> <span class='ocrx_word' id='word_1_227' title='bbox 1777 3035 1838 3082; x_wconf 84' lang='lat' dir='ltr'>ad</span> <span class='ocrx_word' id='word_1_228' title='bbox 1857 3037 2069 3082; x_wconf 83' lang='lat' dir='ltr'>austrum</span> <span class='ocrx_word' id='word_1_229' title='bbox 2093 3037 2143 3081; x_wconf 92' lang='lat' dir='ltr'>et</span> <span class='ocrx_word' id='word_1_230' title='bbox 2167 3037 2320 3081; x_wconf 83' lang='lat' dir='ltr'>terras</span> <span class='ocrx_word' id='word_1_231' title='bbox 2337 3034 2499 3080; x_wconf 86' lang='lat' dir='ltr'>haere-</span> 
     </span>
     <span class='ocr_line' id='line_1_25' title="bbox 559 3121 2498 3195; baseline -0.007 -15"><span class='ocrx_word' id='word_1_232' title='bbox 559 3134 669 3180; x_wconf 90' lang='lat' dir='ltr'>dum</span> <span class='ocrx_word' id='word_1_233' title='bbox 695 3130 931 3195; x_wconf 90' lang='lat' dir='ltr'>quondam</span> <span class='ocrx_word' id='word_1_234' title='bbox 956 3126 1114 3175; x_wconf 86' lang='lat' dir='ltr'>David</span> <span class='ocrx_word' id='word_1_235' title='bbox 1141 3126 1308 3188; x_wconf 85' lang='lat' dir='ltr'>Nudry</span> <span class='ocrx_word' id='word_1_236' title='bbox 1341 3126 1402 3172; x_wconf 90' lang='lat' dir='ltr'>ad</span> <span class='ocrx_word' id='word_1_237' title='bbox 1437 3124 1595 3173; x_wconf 86' lang='lat' dir='ltr'>oriens</span> <span class='ocrx_word' id='word_1_238' title='bbox 1632 3151 1642 3161; x_wconf 90' lang='lat'><strong>·</strong></span> <span class='ocrx_word' id='word_1_239' title='bbox 1681 3123 1903 3171; x_wconf 83' lang='lat' dir='ltr'>Testibus</span> <span class='ocrx_word' id='word_1_240' title='bbox 1927 3122 2146 3170; x_wconf 82' lang='lat' dir='ltr'>discretis</span> <span class='ocrx_word' id='word_1_241' title='bbox 2175 3122 2287 3169; x_wconf 83' lang='lat' dir='ltr'>viris</span> <span class='ocrx_word' id='word_1_242' title='bbox 2314 3121 2498 3168; x_wconf 87' lang='lat' dir='ltr'>Willel-</span> 
     </span>
     <span class='ocr_line' id='line_1_26' title="bbox 558 3209 2496 3282; baseline -0.008 -12"><span class='ocrx_word' id='word_1_243' title='bbox 558 3238 638 3270; x_wconf 93' lang='lat' dir='ltr'>mo</span> <span class='ocrx_word' id='word_1_244' title='bbox 676 3219 896 3282; x_wconf 86' lang='lat' dir='ltr'>Kynneir</span> <span class='ocrx_word' id='word_1_245' title='bbox 935 3216 1210 3264; x_wconf 89' lang='lat' dir='ltr'>Alexandro</span> <span class='ocrx_word' id='word_1_246' title='bbox 1247 3215 1470 3277; x_wconf 80' lang='lat' dir='ltr'>Lyndesa</span> <span class='ocrx_word' id='word_1_247' title='bbox 1505 3211 1726 3259; x_wconf 84' lang='lat' dir='ltr'>Civitatis</span> <span class='ocrx_word' id='word_1_248' title='bbox 1749 3211 1992 3274; x_wconf 85' lang='lat' dir='ltr'>praefatae</span> <span class='ocrx_word' id='word_1_249' title='bbox 2017 3210 2119 3256; x_wconf 85' lang='lat' dir='ltr'>cive</span> <span class='ocrx_word' id='word_1_250' title='bbox 2158 3210 2339 3257; x_wconf 84' lang='lat' dir='ltr'>Thoma</span> <span class='ocrx_word' id='word_1_251' title='bbox 2375 3209 2496 3256; x_wconf 92' lang='lat' dir='ltr'>Mel-</span> 
     </span>
     <span class='ocr_line' id='line_1_27' title="bbox 561 3297 2490 3361; baseline -0.008 -3"><span class='ocrx_word' id='word_1_252' title='bbox 561 3312 694 3358; x_wconf 89' lang='lat' dir='ltr'>drum</span> <span class='ocrx_word' id='word_1_253' title='bbox 721 3309 905 3356; x_wconf 85' lang='lat' dir='ltr'>Thoma</span> <span class='ocrx_word' id='word_1_254' title='bbox 929 3306 1089 3353; x_wconf 88' lang='lat' dir='ltr'>Smart</span> <span class='ocrx_word' id='word_1_255' title='bbox 1126 3308 1175 3352; x_wconf 89' lang='lat' dir='ltr'>et</span> <span class='ocrx_word' id='word_1_256' title='bbox 1213 3302 1456 3350; x_wconf 89' lang='lat' dir='ltr'>Willelmo</span> <span class='ocrx_word' id='word_1_257' title='bbox 1481 3300 1654 3348; x_wconf 86' lang='lat' dir='ltr'>Howie</span> <span class='ocrx_word' id='word_1_258' title='bbox 1683 3298 1941 3361; x_wconf 86' lang='lat' dir='ltr'>sergeando</span> <span class='ocrx_word' id='word_1_259' title='bbox 1965 3298 2122 3345; x_wconf 85' lang='lat' dir='ltr'>dictae</span> <span class='ocrx_word' id='word_1_260' title='bbox 2146 3297 2366 3346; x_wconf 84' lang='lat' dir='ltr'>Civitatis</span> <span class='ocrx_word' id='word_1_261' title='bbox 2388 3312 2490 3344; x_wconf 87' lang='lat' dir='ltr'>cum</span> 
     </span>
    </p>
   </div>
  </div>
 </body>
</html>
