3016 3958
510 621 586 676 42
1095 623 1387 678 GARTAE
1431 622 1929 678 ORIGINALES.

515 810 794 874 pontificatu
817 811 986 875 quibus
1013 827 1156 875 supra
1193 839 1203 849 -
1242 812 1548 862 Presentibus
1582 811 1802 861 discretis
1837 810 1950 860 viris
1987 810 2177 860 domino
2203 809 2448 859 Willelmo

518 899 744 949 Herwart
768 900 944 948 vicario
984 901 1042 948 de
1081 900 1316 949 Fernuale
1360 901 1690 950 Brechinensis
1715 900 1942 955 dioecesis,
1981 899 2190 948 Ricardo
2226 898 2355 948 Dote
2390 899 2458 946 vi-

513 988 648 1051 cario
685 989 743 1036 de
782 987 1006 1037 Balhelui
1044 989 1396 1039 Aberdonensis
1421 989 1651 1045 dioecesis,
1676 993 1725 1038 et
1750 988 1940 1038 domino
1977 987 2187 1036 Patricio
2223 986 2459 1036 Nicholaii

520 1077 784 1141 presbitero
824 1093 881 1125 ac
921 1078 1108 1126 notario
1147 1077 1353 1142 publico,
1393 1094 1499 1126 oum
1540 1078 1704 1128 multis
1744 1077 1852 1127 aliis
1893 1077 2098 1126 testibus
2132 1076 2194 1125 ad
2228 1077 2458 1141 premissa

522 1166 704 1215 vocatis
742 1166 922 1230 pariter
959 1170 1008 1215 et
1048 1166 1226 1230 rogatis
1262 1195 1273 1205 ·
1310 1168 1377 1216 Et
1401 1168 1462 1215 ad
1487 1166 1689 1231 amplius
1712 1165 2035 1216 testimonium
2068 1166 2224 1215 dictus
2247 1164 2464 1214 reueren-

524 1256 612 1303 dus
634 1258 772 1319 pater
794 1271 929 1304 suum
953 1255 1157 1318 sigillum
1181 1256 1475 1304 autenticum
1499 1260 1548 1304 et
1572 1256 1809 1320 prefatum
1833 1254 2092 1320 capitulum
2111 1254 2315 1319 sigillum
2341 1271 2466 1304 com-

524 1359 663 1391 mune
687 1343 987 1407 presentibus
1010 1343 1215 1408 appendi
1237 1344 1453 1393 fecerunt
1490 1373 1500 1383 ·

595 1432 661 1480 Et
699 1448 786 1495 ego
822 1432 857 1479 J
861 1432 1071 1481 ohannes
1108 1431 1253 1480 Ydile
1290 1431 1490 1482 clericus
1526 1433 1868 1482 Sanctiandree
1906 1433 2122 1482 dioecesis
2146 1433 2363 1498 publicus
2386 1448 2468 1480 au-

526 1520 724 1569 toritate
748 1520 981 1585 imperiali
1004 1521 1218 1570 notarius
1242 1522 1469 1586 predictis
1492 1522 1742 1571 assertioni
1779 1522 2113 1571 conuocationi
2137 1521 2467 1570 deliberationi

529 1608 818 1658 conclusioni
841 1613 891 1657 et
914 1613 1099 1658 statuto
1123 1613 1388 1674 ceterisque
1424 1611 1666 1674 premissis
1691 1611 1907 1660 omnibus
1942 1614 1991 1659 et
2025 1610 2221 1674 singulis
2255 1611 2366 1658 dum
2401 1611 2469 1658 sic

489 1688 511 1712 ⁴
529 1702 582 1746 ut
605 1698 899 1761 premittitur
937 1702 1190 1761 agerentur
1229 1699 1500 1747 dicerentur
1524 1704 1573 1748 et
1597 1701 1764 1748 fierent
1788 1715 1990 1748 unacum
2014 1699 2354 1764 prenominatis
2375 1703 2471 1747 tes-

529 1787 658 1835 tibus
703 1802 899 1850 presens
939 1787 1132 1835 interfui
1171 1815 1181 1825 -
1219 1787 1386 1851 anue
1427 1788 1496 1838 sic
1536 1789 1637 1837 fieri
1677 1789 1774 1837 vidi
1817 1792 1866 1837 et
1906 1789 2071 1838 audiui
2118 1792 2168 1836 et
2213 1789 2261 1836 in
2307 1793 2469 1837 notam

532 1876 701 1939 recepi,
738 1892 799 1923 ex
835 1891 928 1939 qua
964 1876 1054 1924 hoc
1088 1891 1282 1939 presens
1314 1875 1554 1940 publicum
1590 1877 1954 1927 instrumentum
1979 1877 2137 1926 aliena
2160 1893 2301 1925 manu
2325 1877 2470 1941 scrip-

530 1969 645 2020 tum,
671 1980 747 2012 me
770 1964 848 2012 hic
872 1965 1062 2028 propria
1085 1981 1227 2012 manu
1250 1965 1587 2014 subscribendo
1611 1966 1818 2022 extraxi,
1855 1966 1997 2031 idque
2032 1966 2165 2030 signo
2200 1970 2249 2014 et
2283 1966 2470 2014 nomine

533 2053 651 2102 meis
675 2053 830 2102 solitis
867 2058 916 2102 et
953 2053 1193 2102 consuetis
1228 2054 1423 2117 signaui,
1459 2059 1650 2118 rogatus
1687 2058 1737 2103 et
1775 2055 2030 2120 requisitus
2068 2056 2115 2102 in
2150 2055 2471 2104 testimonium

536 2142 750 2191 veritatis
774 2142 982 2190 omnium
1006 2141 1340 2205 premissorum
1379 2171 1389 2180 ·

541 2344 715 2390 Actum
743 2341 938 2405 capituli
964 2342 1022 2389 de
1046 2342 1217 2390 unione
1243 2343 1422 2407 capelle
1446 2344 1586 2392 beate
1613 2345 1767 2392 Marie
1794 2344 2079 2408 Magdalene
2118 2373 2127 2382 -

356 2498 518 2547 XXV.
553 2469 630 2546 In
656 2499 750 2547 Dei
785 2499 971 2548 nomine
996 2500 1150 2546 Amen
1188 2526 1198 2536 ·
1237 2498 1382 2547 Anno
1418 2499 1768 2549 Incarnationis
1803 2500 2057 2549 Dominice
2092 2501 2341 2552 millesimo
2365 2520 2476 2568 qua-

545 2589 909 2652 dringentesimo
949 2587 1190 2636 tricesimo
1231 2588 1397 2651 quinto
1436 2588 1611 2638 mensis
1646 2605 1756 2637 vero
1793 2589 2002 2652 Augusti
2037 2590 2114 2638 die
2151 2591 2428 2641 duodecima
2464 2621 2476 2632 ·

545 2677 814 2726 Indictione
855 2677 1039 2725 decima
1072 2677 1218 2725 tertia
1257 2677 1563 2741 pontificatus
1601 2705 1612 2716 ·
1651 2706 1661 2716 ·
1700 2706 1710 2715 ·
1748 2677 1925 2726 domini
1961 2678 2164 2742 Eugeuii
2201 2707 2212 2718 ·
2251 2708 2260 2718 -
2300 2709 2310 2719 ·
2348 2681 2476 2746 Pape

546 2767 701 2830 quarti
726 2782 848 2814 anno
874 2767 1040 2830 quinto
1078 2794 1087 2803 ·
1126 2766 1183 2813 In
1213 2766 1306 2814 mei
1340 2766 1516 2814 notarii
1553 2793 1566 2805 ο
1604 2794 1613 2804 ·
1651 2793 1663 2805 ·
1699 2766 1939 2830 presentia
1973 2767 2258 2816 reuerendus
2281 2769 2328 2816 in
2354 2769 2480 2818 Cris-

544 2860 596 2904 to
620 2859 757 2920 pater
795 2859 843 2903 et
884 2855 1100 2903 dominus
1136 2856 1385 2906 ‚Iohannes
1423 2885 1436 2906 ·.
1472 2884 1482 2894 ·
1523 2883 1532 2894 ·
1569 2855 1819 2920 episcopus
1843 2855 2176 2905 Brechinensis
2213 2885 2223 2894 ·
2262 2857 2362 2904 Nec
2385 2874 2478 2906 non

545 2943 836 2992 venerabiles
853 2948 902 2992 et
923 2944 1250 3007 circumspecti
1267 2944 1354 2992 viri
1372 2945 1598 3008 magister
1616 2944 1907 2993 Cuthbertus
1924 2944 2129 2992 decanus
2145 2943 2342 2993 ecclesie
2361 2946 2477 2994 Bre-

548 3032 782 3081 chinensis
805 3036 854 3080 et
880 3032 1094 3080 dominus
1119 3031 1363 3081 Gilbertus
1386 3037 1636 3097 precentor
1669 3048 1727 3081 ac
1761 3031 1842 3081 alii
1868 3032 2082 3080 canonici
2106 3036 2156 3081 et
2178 3033 2476 3096 prebendarii

549 3121 745 3170 ecclesie
770 3121 981 3184 predicte
1018 3121 1067 3167 in
1105 3122 1244 3170 domo
1268 3121 1518 3185 capitulari
1546 3121 1756 3170 eiusdem
1787 3124 2109 3168 conuenerunt
2147 3147 2157 3158 ·
2194 3121 2475 3186 Quiquidem

550 3212 753 3257 decanus
790 3210 990 3257 asseruit
1029 3225 1079 3259 se
1117 3226 1179 3258 ex
1216 3210 1513 3258 ordinatione
1553 3208 1748 3272 capituli
1787 3207 2121 3257 Brechinensis
2155 3209 2395 3259 universos
2430 3217 2479 3261 et

549 3297 754 3360 singulos
801 3297 1052 3346 canonicos
1102 3326 1112 3335 -
1167 3326 1176 3335 ·
1231 3327 1239 3335 -
1283 3297 1556 3360 singillatim
1603 3298 1651 3344 in
1698 3297 1796 3346 suis
1841 3296 1996 3346 stallis
2042 3313 2127 3360 per
2172 3299 2481 3362 quadraginta
