3016 3958
232 1456 539 1502 CCCXLVI.

215 2488 545 2534 CCCXLVII.

559 644 670 699 350
1043 637 1358 694 CARTAE
1398 631 2024 690 MISCELLANEAE.

562 819 911 876 Strathaughyne
931 816 1130 859 videlicet
1149 816 1278 858 terris
1309 814 1361 856 de
1395 811 1599 868 Tullylud
1625 810 1859 852 Ardlawch
1892 813 1936 851 et
1966 808 2018 850 de
2049 811 2167 850 terra
2199 808 2494 851 ecclesiastica

559 899 797 956 vulgariter
815 899 1062 952 nuncupata
1082 896 1156 937 the
1177 893 1399 935 Kirktoun
1419 892 1471 933 de
1495 889 1823 945 Strathaughyn
1844 902 1940 930 cum
1958 887 2233 944 pertinentiis
2248 887 2496 943 jacentibus

558 980 603 1020 in
633 978 812 1021 baronia
841 977 894 1018 de
926 973 1250 1029 Strathaugbyn
1287 972 1401 1013 infra
1432 969 1778 1012 vicecomitatum
1811 969 1864 1010 de
1898 967 2171 1016 Kineardin;
2212 968 2413 1010 tenendis
2443 968 2496 1010 de

559 1058 727 1115 prefato
748 1056 961 1112 quondam
987 1054 1185 1109 episcopo
1206 1056 1252 1094 et
1273 1051 1363 1093 suis
1395 1049 1715 1092 successoribus
1735 1049 1779 1090 in
1800 1048 2046 1090 feudifirma
2065 1051 2111 1090 et
2129 1047 2370 1091 hereditate
2402 1081 2411 1091 .
2444 1081 2453 1091 .
2490 1081 2498 1092 .

561 1138 875 1193 imperpetuum
907 1138 988 1175 etc.
1023 1164 1032 1173 .
1062 1131 1191 1187 Apud
1225 1129 1454 1185 Striuiling
1482 1129 1647 1171 decimo
1678 1131 1833 1171 octauo
1866 1128 1934 1170 die
1966 1128 2128 1170 mensis
2162 1128 2352 1184 Augusti
2384 1143 2500 1171 anno

562 1216 736 1259 Domini
757 1214 983 1257 millesimo
1005 1211 1350 1268 quingentesimo
1370 1209 1664 1266 octuagesimo
1685 1209 1837 1265 quinto
1870 1242 1880 1251 .

567 1444 858 1511 Praeceptum
875 1456 1020 1495 cartae
1036 1451 1374 1494 confirmationis
1391 1464 1523 1507 super
1537 1453 1659 1493 carta
1673 1449 1943 1492 feudifirmae
1964 1449 2082 1491 facta
2101 1463 2128 1491 a
2148 1449 2264 1491 dicto
2281 1448 2499 1505 quondam

565 1535 763 1576 «Iohanne
798 1533 997 1589 episcopo
1028 1530 1307 1573 Brechinensi
1339 1544 1435 1572 cum
1466 1544 1680 1572 consensu
1700 1529 1921 1586 praedicto
1943 1528 2102 1571 Oarolo
2133 1529 2315 1585 Murray
2334 1529 2426 1571 filio
2456 1533 2501 1571 et

565 1613 738 1655 haeredi
768 1611 994 1668 apparenti
1024 1610 1237 1652 Willelmi
1258 1610 1440 1666 Murray
1471 1613 1515 1652 et
1546 1623 1730 1666 sponsae
1761 1608 1894 1667 [ejus]
1920 1609 2200 1665 Margaretae
2233 1608 2396 1651 Gardin
2427 1608 2502 1650 do-

564 1692 706 1733 minae
737 1690 880 1732 Kellie
916 1704 965 1732 ac
1001 1689 1215 1731 Mariotae
1246 1689 1535 1745 Auchtirlony
1572 1703 1757 1746 sponsae
1791 1689 1896 1732 dicti
1933 1688 2079 1731 Caroli
2110 1702 2343 1744 eorumque
2374 1687 2501 1730 alteri

565 1770 728 1813 diutius
761 1769 924 1812 viventi
954 1768 998 1810 in
1028 1768 1260 1824 conjuncta
1293 1769 1584 1811 infeodatione
1619 1769 1962 1825 haeredibusque
1994 1768 2200 1811 masculis
2234 1768 2350 1810 inter
2383 1768 2504 1824 ipsos

564 1850 755 1905 legitime
775 1850 1013 1906 procreatis
1044 1863 1120 1891 seu
1140 1848 1419 1904 procreandis
1440 1849 1597 1905 quibus
1617 1848 1920 1892 deficientibus
1940 1848 2148 1905 legitimis
2178 1851 2224 1890 et
2251 1848 2502 1904 propinqui-

564 1930 712 1972 oribus
732 1929 988 1971 haeredibus
1008 1928 1214 1971 masculis
1244 1929 1348 1971 dicti
1380 1927 1527 1971 Caroli
1556 1928 1883 1985 quibuscunque
1908 1931 2125 1970 terrarum
2145 1927 2199 1969 de
2223 1927 2504 1983 Smyddiehill

564 2024 660 2051 cum
680 2010 955 2065 pertinentiis
985 2008 1310 2064 quibuscunque
1335 2009 1577 2064 jacentium
1607 2008 1654 2050 in
1685 2008 1867 2051 baronia
1896 2007 1949 2049 de
1980 2006 2147 2050 Kethik
2168 2011 2213 2050 et
2241 2007 2430 2049 dominio
2451 2007 2504 2048 de

567 2089 751 2131 Brechin
770 2089 884 2131 infra
903 2088 1250 2131 vicecomitatum
1279 2088 1332 2130 de
1360 2088 1572 2138 Forfare;
1603 2088 1889 2130 tenendarum
1919 2087 1972 2128 de
2003 2087 2118 2129 dicto
2143 2086 2361 2142 quondam
2391 2086 2503 2143 epis-

567 2183 672 2225 copo
712 2172 758 2211 et
796 2169 885 2211 suis
926 2168 1246 2211 successoribus
1280 2168 1326 2210 in
1356 2168 1603 2210 feudifirma
1635 2171 1680 2210 et
1710 2167 1982 2210 haereditate
2018 2167 2336 2222 imperpetuum
2377 2170 2458 2208 etc.
2491 2198 2501 2207 .

568 2247 730 2290 Datum
760 2248 874 2305 apud
897 2248 1125 2305 Striuiling
1146 2251 1200 2290 20
1225 2247 1425 2291 Octobris
1451 2250 1558 2290 1585
1592 2279 1603 2289 .

570 2473 865 2543 Praeceptum
896 2490 1041 2529 cartae
1072 2486 1412 2529 confirmationis
1443 2500 1574 2543 super
1603 2487 1771 2529 duabus
1801 2485 1934 2529 cartis
1961 2485 2229 2528 feudifirmae
2251 2486 2507 2542 subscriptis

568 2565 794 2608 videlicet:
831 2565 970 2608 altera
1001 2579 1148 2609 earum
1178 2565 1295 2608 facta
1323 2580 1351 2608 a
1381 2566 1597 2622 quondam
1629 2565 1658 2607 J
1661 2566 1830 2608 ohanne
1866 2566 2068 2621 episeopo
2100 2565 2381 2607 Brechinensi
2409 2579 2504 2606 cum

568 2658 779 2687 consensu
819 2644 968 2695 decani
1003 2647 1048 2686 et
1087 2644 1390 2687 canonicorum
1425 2644 1603 2701 capituli
1643 2645 1850 2687 ecclesiae
1892 2644 2156 2687 cathedralis
2196 2645 2503 2687 Brechinensis

569 2724 783 2779 quondam
817 2723 960 2765 Dauid
981 2723 1197 2780 Lindesay
1217 2723 1269 2765 de
1293 2723 1578 2766 Shirrefbank
1606 2724 1867 2766 haeredibus
1897 2724 1987 2766 suis
2008 2728 2053 2766 et
2072 2724 2310 2780 assignatis
2331 2725 2406 2766 uni
2436 2724 2505 2766 vel

568 2802 762 2857 pluribus
793 2802 946 2845 solaris
966 2802 1245 2845 dimidietatis
1274 2808 1490 2845 terrarum
1519 2803 1572 2845 de
1603 2803 1770 2845 Kethik
1791 2818 1888 2846 cum
1919 2804 2165 2846 molendino
2195 2818 2431 2860 granorum
2463 2809 2507 2845 et

570 2881 699 2923 terris
719 2881 1039 2923 molendinariis
1059 2882 1251 2936 ejusdem
1272 2897 1369 2923 cum
1389 2883 1582 2925 astrictis
1612 2883 1816 2925 multuris
1840 2883 1892 2925 de
1923 2884 2054 2926 terris
2083 2883 2136 2924 de
2167 2883 2335 2925 Kethik
2356 2889 2505 2925 exten-

571 2960 769 3002 dentibus
804 2960 858 3002 ad
894 2961 1141 3003 vicesimum
1170 2967 1373 3016 quartum
1402 2976 1588 3017 granum
1618 2976 1716 3003 cum
1752 2962 1842 3004 suis
1876 2962 2153 3018 pertinentiis
2185 2951 2422 3016 jacentium
2460 2963 2504 3003 in

573 3039 752 3081 baronia
770 3039 822 3080 de
843 3038 1008 3081 Kethik
1028 3040 1216 3082 dominio
1246 3041 1299 3082 de
1330 3041 1517 3083 Brechin
1548 3044 1593 3083 et
1621 3040 1735 3082 infra
1755 3040 2101 3083 vicecomitatum
2122 3041 2174 3082 de
2195 3040 2380 3090 Forfar3
2413 3047 2506 3083 ten-

575 3118 708 3160 endae
738 3118 790 3159 de
819 3118 932 3161 dicto
952 3118 1150 3175 episcopo
1170 3123 1216 3162 et
1237 3120 1327 3162 suis
1352 3119 1673 3163 successoribus
1693 3119 1738 3160 in
1758 3119 2002 3161 feudifirma
2030 3124 2075 3162 et
2095 3119 2363 3162 haereditate
2394 3127 2473 3163 etc.
2493 3136 2503 3170 ;

574 3196 713 3239 altera
742 3201 862 3239 carta
890 3196 1007 3239 facta
1034 3212 1062 3239 a
1090 3198 1304 3254 quondam
1334 3198 1586 3241 Alexandro
1620 3199 1821 3255 episcopo
1851 3199 2133 3241 Brechinensi
2163 3214 2260 3241 cum
2293 3214 2505 3243 consensu

575 3275 793 3331 praedicto
821 3275 1095 3331 Margaretae
1127 3276 1286 3333 Ogiluy
1314 3277 1492 3321 relictae
1522 3278 1739 3333 quondam
1769 3277 1913 3320 Dauid
1933 3277 2150 3334 Lindesay
2169 3278 2422 3334 portionarii
2453 3280 2505 3321 de

576 3352 740 3397 Kethik
768 3353 813 3395 in
842 3353 966 3397 vitali
994 3354 1163 3397 redditu
1191 3360 1237 3399 et
1267 3356 1515 3399 Alexandro
1548 3356 1766 3412 Lindesay
1803 3370 1881 3399 suo
1917 3357 2007 3400 filio
2042 3357 2301 3400 haeredibus
2335 3359 2426 3401 suis
2462 3363 2506 3400 et
