<?xml version="1.0" encoding="UTF-8"?>
<!DOCTYPE html PUBLIC "-//W3C//DTD XHTML 1.0 Transitional//EN"
    "http://www.w3.org/TR/xhtml1/DTD/xhtml1-transitional.dtd">
<html xmlns="http://www.w3.org/1999/xhtml" xml:lang="en" lang="en">
 <head>
  <title>
</title>
<meta http-equiv="Content-Type" content="text/html;charset=utf-8" />
  <meta name='ocr-system' content='tesseract 3.04.00' />
  <meta name='ocr-capabilities' content='ocr_page ocr_carea ocr_par ocr_line ocrx_word'/>
</head>
<body>
  <div class='ocr_page' id='page_1' title='image "./registrumepiscop02brecuoft_0182.png"; bbox 0 0 3016 3958; ppageno 0'>
   <div class='ocr_carea' id='block_1_1' title="bbox 499 645 1882 703">
    <p class='ocr_par' dir='ltr' id='par_1_1' title="bbox 499 645 1882 703">
     <span class='ocr_line' id='line_1_1' title="bbox 499 645 1882 703; baseline 0 0"><span class='ocrx_word' id='word_1_1' title='bbox 499 650 606 703; x_wconf 84' lang='lat'><strong>168</strong></span> <span class='ocrx_word' id='word_1_2' title='bbox 1045 646 1336 702; x_wconf 86' lang='lat' dir='ltr'><strong>CARTAE</strong></span> <span class='ocrx_word' id='word_1_3' title='bbox 1381 645 1882 703; x_wconf 84' lang='lat' dir='ltr'><strong>ORIGINALES.</strong></span> 
     </span>
    </p>
   </div>
   <div class='ocr_carea' id='block_1_2' title="bbox 501 836 2457 3372">
    <p class='ocr_par' dir='ltr' id='par_1_2' title="bbox 501 836 2457 3372">
     <span class='ocr_line' id='line_1_2' title="bbox 501 836 2442 900; baseline 0 -15"><span class='ocrx_word' id='word_1_4' title='bbox 501 839 638 886; x_wconf 89' lang='lat' dir='ltr'><strong>brare</strong></span> <span class='ocrx_word' id='word_1_5' title='bbox 662 853 746 887; x_wconf 89' lang='lat' dir='ltr'><strong>seu</strong></span> <span class='ocrx_word' id='word_1_6' title='bbox 769 837 997 886; x_wconf 88' lang='lat' dir='ltr'><strong>celebrari</strong></span> <span class='ocrx_word' id='word_1_7' title='bbox 1019 837 1176 884; x_wconf 87' lang='lat' dir='ltr'><strong>facere</strong></span> <span class='ocrx_word' id='word_1_8' title='bbox 1199 836 1371 885; x_wconf 87' lang='lat' dir='ltr'><strong>futuris</strong></span> <span class='ocrx_word' id='word_1_9' title='bbox 1407 836 1699 899; x_wconf 77' lang='lat' dir='ltr'><strong>temporibus</strong></span> <span class='ocrx_word' id='word_1_10' title='bbox 1722 840 1953 900; x_wconf 87' lang='lat' dir='ltr'><strong>perpetuo</strong></span> <span class='ocrx_word' id='word_1_11' title='bbox 1978 836 2217 885; x_wconf 75' lang='lat' dir='ltr'><strong>duraturis</strong></span> <span class='ocrx_word' id='word_1_12' title='bbox 2240 837 2288 884; x_wconf 91' lang='lat' dir='ltr'><strong>in</strong></span> <span class='ocrx_word' id='word_1_13' title='bbox 2312 837 2442 885; x_wconf 86' lang='lat' dir='ltr'><strong>dicta</strong></span> 
     </span>
     <span class='ocr_line' id='line_1_3' title="bbox 505 924 2444 987; baseline -0.001 -12"><span class='ocrx_word' id='word_1_14' title='bbox 505 927 707 975; x_wconf 87' lang='lat' dir='ltr'><strong>ecclesia</strong></span> <span class='ocrx_word' id='word_1_15' title='bbox 743 924 1005 975; x_wconf 74' lang='lat' dir='ltr'><strong>cathedrali</strong></span> <span class='ocrx_word' id='word_1_16' title='bbox 1043 953 1053 963; x_wconf 90' lang='lat'><strong>·</strong></span> <span class='ocrx_word' id='word_1_17' title='bbox 1092 953 1102 962; x_wconf 93' lang='lat'><strong>·</strong></span> <span class='ocrx_word' id='word_1_18' title='bbox 1141 953 1152 962; x_wconf 91' lang='lat'>·</span> <span class='ocrx_word' id='word_1_19' title='bbox 1186 925 1304 973; x_wconf 90' lang='lat' dir='ltr'><strong>hora</strong></span> <span class='ocrx_word' id='word_1_20' title='bbox 1342 924 1547 987; x_wconf 87' lang='lat' dir='ltr'><strong>septima</strong></span> <span class='ocrx_word' id='word_1_21' title='bbox 1569 928 1682 972; x_wconf 87' lang='lat' dir='ltr'><strong>ante</strong></span> <span class='ocrx_word' id='word_1_22' title='bbox 1706 925 1951 972; x_wconf 81' lang='lat' dir='ltr'><strong>meridiem</strong></span> <span class='ocrx_word' id='word_1_23' title='bbox 1986 925 2048 972; x_wconf 91' lang='lat' dir='ltr'><strong>ad</strong></span> <span class='ocrx_word' id='word_1_24' title='bbox 2083 924 2234 973; x_wconf 88' lang='lat' dir='ltr'><strong>altare</strong></span> <span class='ocrx_word' id='word_1_25' title='bbox 2257 928 2444 973; x_wconf 85' lang='lat' dir='ltr'><strong>sancto-</strong></span> 
     </span>
     <span class='ocr_line' id='line_1_4' title="bbox 504 1012 2443 1077; baseline -0.002 -14"><span class='ocrx_word' id='word_1_26' title='bbox 504 1032 609 1063; x_wconf 92' lang='lat' dir='ltr'><strong>rum</strong></span> <span class='ocrx_word' id='word_1_27' title='bbox 635 1014 853 1063; x_wconf 88' lang='lat' dir='ltr'><strong>Nicholai</strong></span> <span class='ocrx_word' id='word_1_28' title='bbox 878 1013 1103 1077; x_wconf 83' lang='lat' dir='ltr'>Episcopi</span> <span class='ocrx_word' id='word_1_29' title='bbox 1126 1017 1176 1061; x_wconf 93' lang='lat' dir='ltr'><strong>et</strong></span> <span class='ocrx_word' id='word_1_30' title='bbox 1200 1012 1470 1061; x_wconf 89' lang='lat' dir='ltr'><strong>Sebastiani</strong></span> <span class='ocrx_word' id='word_1_31' title='bbox 1505 1012 1715 1060; x_wconf 87' lang='lat' dir='ltr'><strong>martiris</strong></span> <span class='ocrx_word' id='word_1_32' title='bbox 1749 1013 1996 1060; x_wconf 87' lang='lat' dir='ltr'><strong>annuatim</strong></span> <span class='ocrx_word' id='word_1_33' title='bbox 2019 1012 2371 1061; x_wconf 86' lang='lat' dir='ltr'><strong>ebdomadatim</strong></span> <span class='ocrx_word' id='word_1_34' title='bbox 2394 1017 2443 1060; x_wconf 91' lang='lat' dir='ltr'><strong>et</strong></span> 
     </span>
     <span class='ocr_line' id='line_1_5' title="bbox 509 1100 2444 1165; baseline -0.002 -14"><span class='ocrx_word' id='word_1_35' title='bbox 509 1105 674 1152; x_wconf 90' lang='lat' dir='ltr'><strong>dietim</strong></span> <span class='ocrx_word' id='word_1_36' title='bbox 709 1104 878 1152; x_wconf 88' lang='lat' dir='ltr'><strong>missas</strong></span> <span class='ocrx_word' id='word_1_37' title='bbox 912 1102 1203 1165; x_wconf 89' lang='lat' dir='ltr'><strong>subscriptas</strong></span> <span class='ocrx_word' id='word_1_38' title='bbox 1249 1101 1471 1148; x_wconf 83' lang='lat' dir='ltr'><strong>videlicet</strong></span> <span class='ocrx_word' id='word_1_39' title='bbox 1515 1129 1525 1138; x_wconf 93' lang='lat'><em>-</em></span> <span class='ocrx_word' id='word_1_40' title='bbox 1570 1100 1646 1148; x_wconf 91' lang='lat' dir='ltr'><strong>die</strong></span> <span class='ocrx_word' id='word_1_41' title='bbox 1685 1100 1938 1148; x_wconf 89' lang='lat' dir='ltr'><strong>Dominica</strong></span> <span class='ocrx_word' id='word_1_42' title='bbox 1969 1117 2110 1148; x_wconf 90' lang='lat' dir='ltr'><strong>unam</strong></span> <span class='ocrx_word' id='word_1_43' title='bbox 2152 1101 2342 1149; x_wconf 90' lang='lat' dir='ltr'><strong>missam</strong></span> <span class='ocrx_word' id='word_1_44' title='bbox 2385 1101 2444 1148; x_wconf 92' lang='lat' dir='ltr'><strong>de</strong></span> 
     </span>
     <span class='ocr_line' id='line_1_6' title="bbox 512 1188 2456 1260; baseline -0.002 -21"><span class='ocrx_word' id='word_1_45' title='bbox 512 1194 690 1241; x_wconf 89' lang='lat' dir='ltr'><strong>Sancta</strong></span> <span class='ocrx_word' id='word_1_46' title='bbox 713 1192 948 1240; x_wconf 85' lang='lat' dir='ltr'><strong>Trinitate</strong></span> <span class='ocrx_word' id='word_1_47' title='bbox 975 1219 986 1228; x_wconf 90' lang='lat'>-</span> <span class='ocrx_word' id='word_1_48' title='bbox 1013 1190 1090 1238; x_wconf 89' lang='lat' dir='ltr'><strong>die</strong></span> <span class='ocrx_word' id='word_1_49' title='bbox 1117 1189 1226 1237; x_wconf 91' lang='lat' dir='ltr'><strong>lune</strong></span> <span class='ocrx_word' id='word_1_50' title='bbox 1249 1189 1368 1237; x_wconf 89' lang='lat' dir='ltr'><strong>feria</strong></span> <span class='ocrx_word' id='word_1_51' title='bbox 1392 1188 1812 1260; x_wconf 78' lang='lat' dir='ltr'><strong>secundamissam</strong></span> <span class='ocrx_word' id='word_1_52' title='bbox 1839 1190 1897 1236; x_wconf 92' lang='lat' dir='ltr'><strong>de</strong></span> <span class='ocrx_word' id='word_1_53' title='bbox 1924 1189 2109 1252; x_wconf 88' lang='lat' dir='ltr'><strong>Requie</strong></span> <span class='ocrx_word' id='word_1_54' title='bbox 2137 1217 2147 1227; x_wconf 89' lang='lat'><strong>·</strong></span> <span class='ocrx_word' id='word_1_55' title='bbox 2171 1189 2292 1237; x_wconf 86' lang='lat' dir='ltr'><strong>feria</strong></span> <span class='ocrx_word' id='word_1_56' title='bbox 2308 1188 2456 1236; x_wconf 89' lang='lat' dir='ltr'><strong>tertia</strong></span> 
     </span>
     <span class='ocr_line' id='line_1_7' title="bbox 511 1276 2457 1344; baseline -0.004 -14"><span class='ocrx_word' id='word_1_57' title='bbox 511 1285 678 1330; x_wconf 86' lang='lat' dir='ltr'><strong>sancto</strong></span> <span class='ocrx_word' id='word_1_58' title='bbox 700 1280 870 1344; x_wconf 91' lang='lat' dir='ltr'><strong>spiritu</strong></span> <span class='ocrx_word' id='word_1_59' title='bbox 906 1307 919 1318; x_wconf 90' lang='lat'><strong>·</strong></span> <span class='ocrx_word' id='word_1_60' title='bbox 953 1279 1072 1327; x_wconf 89' lang='lat' dir='ltr'><strong>feria</strong></span> <span class='ocrx_word' id='word_1_61' title='bbox 1095 1282 1264 1342; x_wconf 87' lang='lat' dir='ltr'><strong>quarta</strong></span> <span class='ocrx_word' id='word_1_62' title='bbox 1299 1279 1358 1325; x_wconf 91' lang='lat' dir='ltr'><strong>de</strong></span> <span class='ocrx_word' id='word_1_63' title='bbox 1394 1277 1598 1341; x_wconf 89' lang='lat' dir='ltr'><strong>quinque</strong></span> <span class='ocrx_word' id='word_1_64' title='bbox 1634 1276 1904 1325; x_wconf 90' lang='lat' dir='ltr'><strong>vulneribus</strong></span> <span class='ocrx_word' id='word_1_65' title='bbox 1926 1278 1960 1324; x_wconf 84' lang='lat' dir='ltr'><strong>J</strong></span> <span class='ocrx_word' id='word_1_66' title='bbox 1965 1277 2081 1325; x_wconf 90' lang='lat' dir='ltr'><strong>hesu</strong></span> <span class='ocrx_word' id='word_1_67' title='bbox 2106 1277 2252 1326; x_wconf 91' lang='lat' dir='ltr'><strong>Cristi</strong></span> <span class='ocrx_word' id='word_1_68' title='bbox 2290 1305 2300 1315; x_wconf 91' lang='lat'><strong>·</strong></span> <span class='ocrx_word' id='word_1_69' title='bbox 2336 1276 2457 1324; x_wconf 90' lang='lat' dir='ltr'><strong>feria</strong></span> 
     </span>
     <span class='ocr_line' id='line_1_8' title="bbox 512 1365 2455 1433; baseline -0.003 -16"><span class='ocrx_word' id='word_1_70' title='bbox 512 1371 682 1433; x_wconf 86' lang='lat' dir='ltr'><strong>quinta</strong></span> <span class='ocrx_word' id='word_1_71' title='bbox 719 1371 778 1416; x_wconf 89' lang='lat' dir='ltr'><strong>de</strong></span> <span class='ocrx_word' id='word_1_72' title='bbox 816 1384 1011 1432; x_wconf 90' lang='lat' dir='ltr'><strong>corpore</strong></span> <span class='ocrx_word' id='word_1_73' title='bbox 1036 1367 1182 1416; x_wconf 88' lang='lat' dir='ltr'><strong>Cristi</strong></span> <span class='ocrx_word' id='word_1_74' title='bbox 1219 1395 1230 1405; x_wconf 86' lang='lat'><strong>·</strong></span> <span class='ocrx_word' id='word_1_75' title='bbox 1264 1366 1384 1414; x_wconf 88' lang='lat' dir='ltr'><strong>feria</strong></span> <span class='ocrx_word' id='word_1_76' title='bbox 1407 1370 1548 1414; x_wconf 89' lang='lat' dir='ltr'><strong>sexta</strong></span> <span class='ocrx_word' id='word_1_77' title='bbox 1585 1367 1643 1413; x_wconf 93' lang='lat' dir='ltr'><strong>de</strong></span> <span class='ocrx_word' id='word_1_78' title='bbox 1681 1366 1883 1416; x_wconf 88' lang='lat' dir='ltr'><strong>Nomine</strong></span> <span class='ocrx_word' id='word_1_79' title='bbox 1906 1366 2060 1414; x_wconf 90' lang='lat' dir='ltr'><strong>Jhesu</strong></span> <span class='ocrx_word' id='word_1_80' title='bbox 2099 1394 2109 1403; x_wconf 91' lang='lat'><strong>·</strong></span> <span class='ocrx_word' id='word_1_81' title='bbox 2147 1365 2360 1414; x_wconf 90' lang='lat' dir='ltr'><strong>Sabbato</strong></span> <span class='ocrx_word' id='word_1_82' title='bbox 2396 1365 2455 1412; x_wconf 90' lang='lat' dir='ltr'><strong>de</strong></span> 
     </span>
     <span class='ocr_line' id='line_1_9' title="bbox 513 1453 2456 1520; baseline -0.002 -16"><span class='ocrx_word' id='word_1_83' title='bbox 513 1457 850 1520; x_wconf 84' lang='lat' dir='ltr'><strong>gloriosissima</strong></span> <span class='ocrx_word' id='word_1_84' title='bbox 885 1457 1066 1519; x_wconf 88' lang='lat' dir='ltr'><strong>uirgine</strong></span> <span class='ocrx_word' id='word_1_85' title='bbox 1104 1455 1262 1503; x_wconf 90' lang='lat' dir='ltr'><strong>Maria</strong></span> <span class='ocrx_word' id='word_1_86' title='bbox 1299 1482 1310 1492; x_wconf 91' lang='lat'><strong>·</strong></span> <span class='ocrx_word' id='word_1_87' title='bbox 1348 1455 1581 1517; x_wconf 80' lang='lat' dir='ltr'><strong>Exceptis</strong></span> <span class='ocrx_word' id='word_1_88' title='bbox 1617 1454 1873 1503; x_wconf 88' lang='lat' dir='ltr'><strong>maioribus</strong></span> <span class='ocrx_word' id='word_1_89' title='bbox 1896 1453 2164 1518; x_wconf 81' lang='lat' dir='ltr'><strong>duplicibus</strong></span> <span class='ocrx_word' id='word_1_90' title='bbox 2186 1454 2322 1503; x_wconf 90' lang='lat' dir='ltr'><strong>festis</strong></span> <span class='ocrx_word' id='word_1_91' title='bbox 2359 1482 2370 1492; x_wconf 90' lang='lat'><strong>·</strong></span> <span class='ocrx_word' id='word_1_92' title='bbox 2406 1458 2456 1501; x_wconf 91' lang='lat' dir='ltr'><strong>et</strong></span> 
     </span>
     <span class='ocr_line' id='line_1_10' title="bbox 511 1541 2456 1606; baseline -0.003 -13"><span class='ocrx_word' id='word_1_93' title='bbox 511 1550 627 1593; x_wconf 92' lang='lat' dir='ltr'><strong>tunc</strong></span> <span class='ocrx_word' id='word_1_94' title='bbox 651 1544 1016 1593; x_wconf 88' lang='lat' dir='ltr'><strong>celebrabuntur</strong></span> <span class='ocrx_word' id='word_1_95' title='bbox 1054 1545 1113 1590; x_wconf 91' lang='lat' dir='ltr'><strong>de</strong></span> <span class='ocrx_word' id='word_1_96' title='bbox 1154 1543 1230 1591; x_wconf 90' lang='lat' dir='ltr'><strong>die</strong></span> <span class='ocrx_word' id='word_1_97' title='bbox 1269 1558 1376 1590; x_wconf 91' lang='lat' dir='ltr'><strong>cum</strong></span> <span class='ocrx_word' id='word_1_98' title='bbox 1402 1543 1630 1590; x_wconf 90' lang='lat' dir='ltr'><strong>memoria</strong></span> <span class='ocrx_word' id='word_1_99' title='bbox 1666 1543 1715 1589; x_wconf 91' lang='lat' dir='ltr'><strong>in</strong></span> <span class='ocrx_word' id='word_1_100' title='bbox 1754 1541 1965 1606; x_wconf 89' lang='lat' dir='ltr'><strong>qualibet</strong></span> <span class='ocrx_word' id='word_1_101' title='bbox 1991 1542 2135 1590; x_wconf 91' lang='lat' dir='ltr'><strong>missa</strong></span> <span class='ocrx_word' id='word_1_102' title='bbox 2170 1558 2255 1605; x_wconf 90' lang='lat' dir='ltr'><strong>pro</strong></span> <span class='ocrx_word' id='word_1_103' title='bbox 2289 1558 2365 1589; x_wconf 90' lang='lat' dir='ltr'><strong>me</strong></span> <span class='ocrx_word' id='word_1_104' title='bbox 2389 1542 2456 1589; x_wconf 87' lang='lat' dir='ltr'><strong>vi-</strong></span> 
     </span>
     <span class='ocr_line' id='line_1_11' title="bbox 514 1629 2454 1693; baseline -0.002 -13"><span class='ocrx_word' id='word_1_105' title='bbox 514 1637 656 1681; x_wconf 92' lang='lat' dir='ltr'><strong>uente</strong></span> <span class='ocrx_word' id='word_1_106' title='bbox 695 1661 705 1670; x_wconf 92' lang='lat'>·</span> <span class='ocrx_word' id='word_1_107' title='bbox 740 1633 961 1680; x_wconf 89' lang='lat' dir='ltr'><strong>videlicet</strong></span> <span class='ocrx_word' id='word_1_108' title='bbox 985 1647 1091 1680; x_wconf 92' lang='lat' dir='ltr'><strong>cum</strong></span> <span class='ocrx_word' id='word_1_109' title='bbox 1115 1631 1318 1680; x_wconf 90' lang='lat' dir='ltr'><strong>collecta</strong></span> <span class='ocrx_word' id='word_1_110' title='bbox 1355 1659 1365 1669; x_wconf 88' lang='lat'><strong>·</strong></span> <span class='ocrx_word' id='word_1_111' title='bbox 1403 1631 1609 1693; x_wconf 84' lang='lat' dir='ltr'><strong>Spiritus</strong></span> <span class='ocrx_word' id='word_1_112' title='bbox 1646 1631 1931 1693; x_wconf 83' lang='lat' dir='ltr'><strong>sempiterne</strong></span> <span class='ocrx_word' id='word_1_113' title='bbox 1971 1630 2104 1678; x_wconf 90' lang='lat' dir='ltr'><strong>Deus</strong></span> <span class='ocrx_word' id='word_1_114' title='bbox 2140 1630 2363 1678; x_wconf 89' lang='lat' dir='ltr'><strong>miserere</strong></span> <span class='ocrx_word' id='word_1_115' title='bbox 2385 1629 2454 1676; x_wconf 88' lang='lat' dir='ltr'><strong>fa-</strong></span> 
     </span>
     <span class='ocr_line' id='line_1_12' title="bbox 513 1718 2454 1783; baseline -0.002 -14"><span class='ocrx_word' id='word_1_116' title='bbox 513 1721 641 1769; x_wconf 90' lang='lat' dir='ltr'><strong>mulo</strong></span> <span class='ocrx_word' id='word_1_117' title='bbox 676 1726 761 1769; x_wconf 92' lang='lat' dir='ltr'><strong>tuo</strong></span> <span class='ocrx_word' id='word_1_118' title='bbox 800 1720 1018 1769; x_wconf 89' lang='lat' dir='ltr'><strong>Gilberto</strong></span> <span class='ocrx_word' id='word_1_119' title='bbox 1055 1725 1147 1768; x_wconf 90' lang='lat' dir='ltr'><strong>etc.</strong></span> <span class='ocrx_word' id='word_1_120' title='bbox 1186 1725 1235 1768; x_wconf 90' lang='lat' dir='ltr'><strong>et</strong></span> <span class='ocrx_word' id='word_1_121' title='bbox 1274 1719 1477 1768; x_wconf 91' lang='lat' dir='ltr'><strong>collecta</strong></span> <span class='ocrx_word' id='word_1_122' title='bbox 1514 1735 1600 1783; x_wconf 84' lang='lat' dir='ltr'><strong>pro</strong></span> <span class='ocrx_word' id='word_1_123' title='bbox 1624 1719 1861 1767; x_wconf 88' lang='lat' dir='ltr'><strong>defunctis</strong></span> <span class='ocrx_word' id='word_1_124' title='bbox 1886 1718 2093 1766; x_wconf 87' lang='lat' dir='ltr'><strong>fidelium</strong></span> <span class='ocrx_word' id='word_1_125' title='bbox 2133 1746 2143 1756; x_wconf 89' lang='lat'><strong>·</strong></span> <span class='ocrx_word' id='word_1_126' title='bbox 2179 1722 2228 1766; x_wconf 91' lang='lat' dir='ltr'><strong>et</strong></span> <span class='ocrx_word' id='word_1_127' title='bbox 2266 1733 2338 1766; x_wconf 90' lang='lat' dir='ltr'><strong>me</strong></span> <span class='ocrx_word' id='word_1_128' title='bbox 2374 1718 2454 1765; x_wconf 92' lang='lat' dir='ltr'><strong>de—</strong></span> 
     </span>
     <span class='ocr_line' id='line_1_13' title="bbox 513 1805 2451 1870; baseline -0.002 -14"><span class='ocrx_word' id='word_1_129' title='bbox 513 1810 677 1857; x_wconf 90' lang='lat' dir='ltr'><strong>functo</strong></span> <span class='ocrx_word' id='word_1_130' title='bbox 703 1837 713 1848; x_wconf 89' lang='lat'><strong>·</strong></span> <span class='ocrx_word' id='word_1_131' title='bbox 739 1809 941 1857; x_wconf 89' lang='lat' dir='ltr'><strong>collecta</strong></span> <span class='ocrx_word' id='word_1_132' title='bbox 967 1837 977 1846; x_wconf 94' lang='lat'><strong>·</strong></span> <span class='ocrx_word' id='word_1_133' title='bbox 1003 1808 1190 1856; x_wconf 88' lang='lat' dir='ltr'><strong>Inclina</strong></span> <span class='ocrx_word' id='word_1_134' title='bbox 1217 1808 1421 1856; x_wconf 89' lang='lat' dir='ltr'><strong>Domine</strong></span> <span class='ocrx_word' id='word_1_135' title='bbox 1444 1824 1606 1856; x_wconf 91' lang='lat' dir='ltr'><strong>aurem</strong></span> <span class='ocrx_word' id='word_1_136' title='bbox 1630 1812 1763 1855; x_wconf 90' lang='lat' dir='ltr'><strong>tuam</strong></span> <span class='ocrx_word' id='word_1_137' title='bbox 1802 1835 1813 1844; x_wconf 88' lang='lat'><strong>·</strong></span> <span class='ocrx_word' id='word_1_138' title='bbox 1849 1806 1924 1855; x_wconf 87' lang='lat' dir='ltr'><strong>vel</strong></span> <span class='ocrx_word' id='word_1_139' title='bbox 1948 1807 2083 1855; x_wconf 93' lang='lat' dir='ltr'><strong>Deus</strong></span> <span class='ocrx_word' id='word_1_140' title='bbox 2107 1807 2183 1854; x_wconf 90' lang='lat' dir='ltr'><strong>cui</strong></span> <span class='ocrx_word' id='word_1_141' title='bbox 2212 1805 2451 1870; x_wconf 89' lang='lat' dir='ltr'><strong>proprium</strong></span> 
     </span>
     <span class='ocr_line' id='line_1_14' title="bbox 515 1893 2455 1959; baseline -0.003 -14"><span class='ocrx_word' id='word_1_142' title='bbox 515 1903 606 1946; x_wconf 93' lang='lat' dir='ltr'><strong>etc.</strong></span> <span class='ocrx_word' id='word_1_143' title='bbox 631 1902 681 1946; x_wconf 92' lang='lat' dir='ltr'><strong>et</strong></span> <span class='ocrx_word' id='word_1_144' title='bbox 704 1898 810 1946; x_wconf 90' lang='lat' dir='ltr'><strong>aliis</strong></span> <span class='ocrx_word' id='word_1_145' title='bbox 833 1897 1129 1945; x_wconf 87' lang='lat' dir='ltr'><strong>orationibus</strong></span> <span class='ocrx_word' id='word_1_146' title='bbox 1153 1896 1394 1945; x_wconf 89' lang='lat' dir='ltr'><strong>consuetis</strong></span> <span class='ocrx_word' id='word_1_147' title='bbox 1417 1912 1502 1959; x_wconf 90' lang='lat' dir='ltr'><strong>pro</strong></span> <span class='ocrx_word' id='word_1_148' title='bbox 1527 1895 1762 1944; x_wconf 86' lang='lat' dir='ltr'><strong>defunctis</strong></span> <span class='ocrx_word' id='word_1_149' title='bbox 1797 1899 1846 1943; x_wconf 92' lang='lat' dir='ltr'><strong>et</strong></span> <span class='ocrx_word' id='word_1_150' title='bbox 1881 1894 2261 1943; x_wconf 78' lang='lat' dir='ltr'><strong>benefactoribus</strong></span> <span class='ocrx_word' id='word_1_151' title='bbox 2283 1894 2331 1941; x_wconf 92' lang='lat' dir='ltr'><strong>in</strong></span> <span class='ocrx_word' id='word_1_152' title='bbox 2355 1893 2455 1941; x_wconf 84' lang='lat' dir='ltr'><strong>vita</strong></span> 
     </span>
     <span class='ocr_line' id='line_1_15' title="bbox 516 1982 2453 2049; baseline -0.002 -15"><span class='ocrx_word' id='word_1_153' title='bbox 516 1991 566 2034; x_wconf 91' lang='lat' dir='ltr'><strong>et</strong></span> <span class='ocrx_word' id='word_1_154' title='bbox 601 1987 650 2033; x_wconf 92' lang='lat' dir='ltr'><strong>in</strong></span> <span class='ocrx_word' id='word_1_155' title='bbox 684 1990 836 2034; x_wconf 91' lang='lat' dir='ltr'><strong>morte</strong></span> <span class='ocrx_word' id='word_1_156' title='bbox 873 2001 959 2049; x_wconf 91' lang='lat' dir='ltr'><strong>pro</strong></span> <span class='ocrx_word' id='word_1_157' title='bbox 996 1984 1091 2033; x_wconf 87' lang='lat' dir='ltr'><strong>illis</strong></span> <span class='ocrx_word' id='word_1_158' title='bbox 1127 1986 1174 2032; x_wconf 93' lang='lat' dir='ltr'><strong>in</strong></span> <span class='ocrx_word' id='word_1_159' title='bbox 1213 1984 1484 2048; x_wconf 87' lang='lat' dir='ltr'><strong>purgatorio</strong></span> <span class='ocrx_word' id='word_1_160' title='bbox 1507 1984 1861 2032; x_wconf 88' lang='lat' dir='ltr'><strong>remanentibus</strong></span> <span class='ocrx_word' id='word_1_161' title='bbox 1884 1988 1934 2032; x_wconf 90' lang='lat' dir='ltr'><strong>et</strong></span> <span class='ocrx_word' id='word_1_162' title='bbox 1958 1983 2327 2031; x_wconf 89' lang='lat' dir='ltr'><strong>misericordiam</strong></span> <span class='ocrx_word' id='word_1_163' title='bbox 2356 1982 2453 2030; x_wconf 89' lang='lat' dir='ltr'><strong>Dei</strong></span> 
     </span>
     <span class='ocr_line' id='line_1_16' title="bbox 518 2071 2452 2138; baseline -0.003 -15"><span class='ocrx_word' id='word_1_164' title='bbox 518 2075 882 2138; x_wconf 78' lang='lat' dir='ltr'><strong>expectantibus</strong></span> <span class='ocrx_word' id='word_1_165' title='bbox 905 2074 1171 2122; x_wconf 89' lang='lat' dir='ltr'><strong>orationum</strong></span> <span class='ocrx_word' id='word_1_166' title='bbox 1197 2073 1419 2135; x_wconf 87' lang='lat' dir='ltr'><strong>suffragia</strong></span> <span class='ocrx_word' id='word_1_167' title='bbox 1457 2101 1466 2110; x_wconf 94' lang='lat'><strong>·</strong></span> <span class='ocrx_word' id='word_1_168' title='bbox 1503 2076 1553 2120; x_wconf 91' lang='lat' dir='ltr'><strong>et</strong></span> <span class='ocrx_word' id='word_1_169' title='bbox 1588 2088 1774 2136; x_wconf 87' lang='lat' dir='ltr'><strong>semper</strong></span> <span class='ocrx_word' id='word_1_170' title='bbox 1807 2076 1916 2135; x_wconf 90' lang='lat' dir='ltr'><strong>post</strong></span> <span class='ocrx_word' id='word_1_171' title='bbox 1950 2072 2139 2120; x_wconf 89' lang='lat' dir='ltr'><strong>missam</strong></span> <span class='ocrx_word' id='word_1_172' title='bbox 2165 2071 2452 2119; x_wconf 82' lang='lat' dir='ltr'><strong>celebratam</strong></span> 
     </span>
     <span class='ocr_line' id='line_1_17' title="bbox 517 2160 2453 2227; baseline -0.002 -17"><span class='ocrx_word' id='word_1_173' title='bbox 517 2164 646 2212; x_wconf 88' lang='lat' dir='ltr'><strong>dicat</strong></span> <span class='ocrx_word' id='word_1_174' title='bbox 664 2163 908 2211; x_wconf 90' lang='lat' dir='ltr'><strong>celebrans</strong></span> <span class='ocrx_word' id='word_1_175' title='bbox 925 2179 1011 2227; x_wconf 88' lang='lat' dir='ltr'><strong>pro</strong></span> <span class='ocrx_word' id='word_1_176' title='bbox 1030 2162 1265 2210; x_wconf 88' lang='lat' dir='ltr'><strong>defunctis</strong></span> <span class='ocrx_word' id='word_1_177' title='bbox 1280 2162 1545 2225; x_wconf 88' lang='lat' dir='ltr'><strong>quicunque</strong></span> <span class='ocrx_word' id='word_1_178' title='bbox 1558 2161 1735 2208; x_wconf 88' lang='lat' dir='ltr'><strong>fuerint</strong></span> <span class='ocrx_word' id='word_1_179' title='bbox 1774 2188 1784 2198; x_wconf 94' lang='lat'><strong>·</strong></span> <span class='ocrx_word' id='word_1_180' title='bbox 1821 2161 1880 2208; x_wconf 92' lang='lat' dir='ltr'><strong>de</strong></span> <span class='ocrx_word' id='word_1_181' title='bbox 1894 2160 2140 2224; x_wconf 85' lang='lat' dir='ltr'><strong>profundis</strong></span> <span class='ocrx_word' id='word_1_182' title='bbox 2163 2174 2270 2207; x_wconf 91' lang='lat' dir='ltr'><strong>cum</strong></span> <span class='ocrx_word' id='word_1_183' title='bbox 2293 2174 2453 2223; x_wconf 87' lang='lat' dir='ltr'><strong>asper-</strong></span> 
     </span>
     <span class='ocr_line' id='line_1_18' title="bbox 516 2246 2451 2315; baseline -0.004 -13"><span class='ocrx_word' id='word_1_184' title='bbox 516 2254 648 2302; x_wconf 89' lang='lat' dir='ltr'><strong>sione</strong></span> <span class='ocrx_word' id='word_1_185' title='bbox 695 2268 816 2315; x_wconf 90' lang='lat' dir='ltr'><strong>aque</strong></span> <span class='ocrx_word' id='word_1_186' title='bbox 847 2252 1098 2299; x_wconf 90' lang='lat' dir='ltr'><strong>benedicte</strong></span> <span class='ocrx_word' id='word_1_187' title='bbox 1126 2266 1332 2299; x_wconf 90' lang='lat' dir='ltr'><strong>unacum</strong></span> <span class='ocrx_word' id='word_1_188' title='bbox 1365 2250 1509 2299; x_wconf 89' lang='lat' dir='ltr'><strong>missa</strong></span> <span class='ocrx_word' id='word_1_189' title='bbox 1540 2248 1723 2298; x_wconf 90' lang='lat' dir='ltr'><strong>solenni</strong></span> <span class='ocrx_word' id='word_1_190' title='bbox 1755 2250 1814 2296; x_wconf 91' lang='lat' dir='ltr'><strong>de</strong></span> <span class='ocrx_word' id='word_1_191' title='bbox 1846 2248 2007 2311; x_wconf 91' lang='lat' dir='ltr'><strong>requie</strong></span> <span class='ocrx_word' id='word_1_192' title='bbox 2045 2275 2056 2285; x_wconf 93' lang='lat'><strong>·</strong></span> <span class='ocrx_word' id='word_1_193' title='bbox 2092 2251 2142 2296; x_wconf 92' lang='lat' dir='ltr'><strong>et</strong></span> <span class='ocrx_word' id='word_1_194' title='bbox 2173 2246 2370 2311; x_wconf 85' lang='lat' dir='ltr'><strong>placebo</strong></span> <span class='ocrx_word' id='word_1_195' title='bbox 2402 2251 2451 2295; x_wconf 90' lang='lat' dir='ltr'><strong>et</strong></span> 
     </span>
     <span class='ocr_line' id='line_1_19' title="bbox 518 2335 2451 2406; baseline -0.003 -18"><span class='ocrx_word' id='word_1_196' title='bbox 518 2341 665 2403; x_wconf 86' lang='lat' dir='ltr'><strong>dirige</strong></span> <span class='ocrx_word' id='word_1_197' title='bbox 702 2343 957 2388; x_wconf 87' lang='lat' dir='ltr'><strong>cantantur</strong></span> <span class='ocrx_word' id='word_1_198' title='bbox 1008 2339 1057 2386; x_wconf 92' lang='lat' dir='ltr'><strong>in</strong></span> <span class='ocrx_word' id='word_1_199' title='bbox 1080 2338 1240 2401; x_wconf 86' lang='lat' dir='ltr'><strong>vigilia</strong></span> <span class='ocrx_word' id='word_1_200' title='bbox 1285 2342 1335 2386; x_wconf 91' lang='lat' dir='ltr'><strong>et</strong></span> <span class='ocrx_word' id='word_1_201' title='bbox 1371 2338 1447 2386; x_wconf 91' lang='lat' dir='ltr'><strong>die</strong></span> <span class='ocrx_word' id='word_1_202' title='bbox 1485 2337 1643 2386; x_wconf 88' lang='lat' dir='ltr'><strong>obitus</strong></span> <span class='ocrx_word' id='word_1_203' title='bbox 1679 2337 1774 2385; x_wconf 87' lang='lat' dir='ltr'><strong>mei</strong></span> <span class='ocrx_word' id='word_1_204' title='bbox 1810 2337 2056 2385; x_wconf 88' lang='lat' dir='ltr'><strong>annuatim</strong></span> <span class='ocrx_word' id='word_1_205' title='bbox 2092 2336 2234 2384; x_wconf 90' lang='lat' dir='ltr'><strong>fiendi</strong></span> <span class='ocrx_word' id='word_1_206' title='bbox 2271 2364 2282 2374; x_wconf 91' lang='lat'><strong>·</strong></span> <span class='ocrx_word' id='word_1_207' title='bbox 2304 2335 2387 2406; x_wconf 65' lang='lat' dir='ltr'><strong>vEt</strong></span> <span class='ocrx_word' id='word_1_208' title='bbox 2410 2336 2451 2385; x_wconf 90' lang='lat' dir='ltr'><strong>si</strong></span> 
     </span>
     <span class='ocr_line' id='line_1_20' title="bbox 517 2424 2454 2492; baseline -0.003 -16"><span class='ocrx_word' id='word_1_209' title='bbox 517 2430 634 2478; x_wconf 90' lang='lat' dir='ltr'><strong>dicti</strong></span> <span class='ocrx_word' id='word_1_210' title='bbox 658 2428 891 2492; x_wconf 89' lang='lat' dir='ltr'><strong>capellani</strong></span> <span class='ocrx_word' id='word_1_211' title='bbox 914 2427 988 2475; x_wconf 86' lang='lat' dir='ltr'><strong>vel</strong></span> <span class='ocrx_word' id='word_1_212' title='bbox 1011 2443 1172 2475; x_wconf 89' lang='lat' dir='ltr'><strong>eorum</strong></span> <span class='ocrx_word' id='word_1_213' title='bbox 1207 2426 1378 2490; x_wconf 92' lang='lat' dir='ltr'><strong>aliquis</strong></span> <span class='ocrx_word' id='word_1_214' title='bbox 1412 2426 1460 2473; x_wconf 93' lang='lat' dir='ltr'><strong>in</strong></span> <span class='ocrx_word' id='word_1_215' title='bbox 1495 2425 1828 2489; x_wconf 90' lang='lat' dir='ltr'><strong>premissorum</strong></span> <span class='ocrx_word' id='word_1_216' title='bbox 1852 2424 2170 2472; x_wconf 89' lang='lat' dir='ltr'><strong>celebratione</strong></span> <span class='ocrx_word' id='word_1_217' title='bbox 2194 2424 2454 2472; x_wconf 84' lang='lat' dir='ltr'><strong>defecerint</strong></span> 
     </span>
     <span class='ocr_line' id='line_1_21' title="bbox 515 2512 2451 2581; baseline -0.004 -14"><span class='ocrx_word' id='word_1_218' title='bbox 515 2534 599 2567; x_wconf 90' lang='lat' dir='ltr'><strong>seu</strong></span> <span class='ocrx_word' id='word_1_219' title='bbox 621 2516 860 2581; x_wconf 85' lang='lat' dir='ltr'><strong>negligens</strong></span> <span class='ocrx_word' id='word_1_220' title='bbox 881 2516 1024 2564; x_wconf 89' lang='lat' dir='ltr'><strong>fuerit</strong></span> <span class='ocrx_word' id='word_1_221' title='bbox 1047 2519 1326 2579; x_wconf 88' lang='lat' dir='ltr'><strong>procurator</strong></span> <span class='ocrx_word' id='word_1_222' title='bbox 1360 2514 1621 2562; x_wconf 90' lang='lat' dir='ltr'><strong>communis</strong></span> <span class='ocrx_word' id='word_1_223' title='bbox 1644 2512 1994 2577; x_wconf 86' lang='lat' dir='ltr'><strong>capellanorum</strong></span> <span class='ocrx_word' id='word_1_224' title='bbox 2018 2529 2104 2576; x_wconf 88' lang='lat' dir='ltr'><strong>pro</strong></span> <span class='ocrx_word' id='word_1_225' title='bbox 2128 2516 2343 2576; x_wconf 86' lang='lat' dir='ltr'><strong>tempore</strong></span> <span class='ocrx_word' id='word_1_226' title='bbox 2367 2529 2451 2560; x_wconf 88' lang='lat' dir='ltr'><strong>ex-</strong></span> 
     </span>
     <span class='ocr_line' id='line_1_22' title="bbox 517 2602 2454 2670; baseline -0.002 -17"><span class='ocrx_word' id='word_1_227' title='bbox 517 2609 666 2656; x_wconf 89' lang='lat' dir='ltr'><strong>istens</strong></span> <span class='ocrx_word' id='word_1_228' title='bbox 687 2622 774 2670; x_wconf 89' lang='lat' dir='ltr'><strong>pro</strong></span> <span class='ocrx_word' id='word_1_229' title='bbox 797 2604 1008 2669; x_wconf 91' lang='lat' dir='ltr'><strong>quolibet</strong></span> <span class='ocrx_word' id='word_1_230' title='bbox 1032 2605 1224 2652; x_wconf 88' lang='lat' dir='ltr'><strong>defectu</strong></span> <span class='ocrx_word' id='word_1_231' title='bbox 1247 2604 1295 2651; x_wconf 88' lang='lat' dir='ltr'><strong>in</strong></span> <span class='ocrx_word' id='word_1_232' title='bbox 1319 2619 1406 2652; x_wconf 92' lang='lat' dir='ltr'><strong>sex</strong></span> <span class='ocrx_word' id='word_1_233' title='bbox 1430 2602 1637 2651; x_wconf 89' lang='lat' dir='ltr'><strong>denariis</strong></span> <span class='ocrx_word' id='word_1_234' title='bbox 1654 2602 1806 2666; x_wconf 91' lang='lat' dir='ltr'><strong>ipsum</strong></span> <span class='ocrx_word' id='word_1_235' title='bbox 1826 2602 2122 2649; x_wconf 87' lang='lat' dir='ltr'><strong>deficientem</strong></span> <span class='ocrx_word' id='word_1_236' title='bbox 2140 2602 2454 2664; x_wconf 40' lang='lat' dir='ltr'><strong>condempnas</strong></span> 
     </span>
     <span class='ocr_line' id='line_1_23' title="bbox 516 2689 2451 2756; baseline -0.003 -13"><span class='ocrx_word' id='word_1_237' title='bbox 516 2696 588 2743; x_wconf 91' lang='lat' dir='ltr'><strong>bit</strong></span> <span class='ocrx_word' id='word_1_238' title='bbox 613 2700 662 2743; x_wconf 94' lang='lat' dir='ltr'><strong>et</strong></span> <span class='ocrx_word' id='word_1_239' title='bbox 685 2694 824 2742; x_wconf 89' lang='lat' dir='ltr'><strong>alteri</strong></span> <span class='ocrx_word' id='word_1_240' title='bbox 847 2691 1092 2756; x_wconf 85' lang='lat' dir='ltr'><strong>capellano</strong></span> <span class='ocrx_word' id='word_1_241' title='bbox 1114 2693 1300 2755; x_wconf 83' lang='lat' dir='ltr'><strong>ydoneo</strong></span> <span class='ocrx_word' id='word_1_242' title='bbox 1323 2693 1386 2739; x_wconf 87' lang='lat' dir='ltr'><strong>ad</strong></span> <span class='ocrx_word' id='word_1_243' title='bbox 1409 2690 1722 2755; x_wconf 88' lang='lat' dir='ltr'><strong>supplendum</strong></span> <span class='ocrx_word' id='word_1_244' title='bbox 1744 2690 2011 2738; x_wconf 90' lang='lat' dir='ltr'><strong>huiusmodi</strong></span> <span class='ocrx_word' id='word_1_245' title='bbox 2035 2689 2271 2738; x_wconf 90' lang='lat' dir='ltr'><strong>defectum</strong></span> <span class='ocrx_word' id='word_1_246' title='bbox 2294 2689 2451 2738; x_wconf 87' lang='lat' dir='ltr'><strong>huius-</strong></span> 
     </span>
     <span class='ocr_line' id='line_1_24' title="bbox 519 2777 2450 2850; baseline -0.003 -20"><span class='ocrx_word' id='word_1_247' title='bbox 519 2784 653 2850; x_wconf 85' lang='lat' dir='ltr'><strong>modi</strong></span> <span class='ocrx_word' id='word_1_248' title='bbox 670 2799 756 2831; x_wconf 92' lang='lat' dir='ltr'><strong>sex</strong></span> <span class='ocrx_word' id='word_1_249' title='bbox 780 2781 999 2829; x_wconf 89' lang='lat' dir='ltr'><strong>denarios</strong></span> <span class='ocrx_word' id='word_1_250' title='bbox 1021 2780 1154 2828; x_wconf 88' lang='lat' dir='ltr'><strong>dabit</strong></span> <span class='ocrx_word' id='word_1_251' title='bbox 1192 2808 1202 2818; x_wconf 92' lang='lat'><strong>·</strong></span> <span class='ocrx_word' id='word_1_252' title='bbox 1241 2781 1307 2828; x_wconf 94' lang='lat' dir='ltr'><strong>Et</strong></span> <span class='ocrx_word' id='word_1_253' title='bbox 1331 2780 1372 2828; x_wconf 92' lang='lat' dir='ltr'><strong>si</strong></span> <span class='ocrx_word' id='word_1_254' title='bbox 1390 2783 1672 2843; x_wconf 89' lang='lat' dir='ltr'><strong>procurator</strong></span> <span class='ocrx_word' id='word_1_255' title='bbox 1693 2779 1932 2841; x_wconf 89' lang='lat' dir='ltr'><strong>predictus</strong></span> <span class='ocrx_word' id='word_1_256' title='bbox 1949 2777 2189 2841; x_wconf 85' lang='lat' dir='ltr'><strong>negligens</strong></span> <span class='ocrx_word' id='word_1_257' title='bbox 2204 2778 2347 2826; x_wconf 88' lang='lat' dir='ltr'><strong>fuerit</strong></span> <span class='ocrx_word' id='word_1_258' title='bbox 2363 2794 2450 2841; x_wconf 90' lang='lat' dir='ltr'><strong>pro</strong></span> 
     </span>
     <span class='ocr_line' id='line_1_25' title="bbox 519 2856 2449 2934; baseline -0.003 -16"><span class='ocrx_word' id='word_1_259' title='bbox 519 2870 729 2934; x_wconf 87' lang='lat' dir='ltr'><strong>qualibet</strong></span> <span class='ocrx_word' id='word_1_260' title='bbox 753 2869 896 2918; x_wconf 89' lang='lat' dir='ltr'><strong>missa</strong></span> <span class='ocrx_word' id='word_1_261' title='bbox 919 2869 1092 2917; x_wconf 90' lang='lat' dir='ltr'><strong>omissa</strong></span> <span class='ocrx_word' id='word_1_262' title='bbox 1127 2856 1394 2916; x_wconf 87' lang='lat' dir='ltr'><strong>duodecim</strong></span> <span class='ocrx_word' id='word_1_263' title='bbox 1417 2868 1636 2916; x_wconf 86' lang='lat' dir='ltr'><strong>denarios</strong></span> <span class='ocrx_word' id='word_1_264' title='bbox 1671 2868 1733 2914; x_wconf 88' lang='lat' dir='ltr'><strong>ad</strong></span> <span class='ocrx_word' id='word_1_265' title='bbox 1771 2866 2083 2915; x_wconf 85' lang='lat' dir='ltr'><strong>communiam</strong></span> <span class='ocrx_word' id='word_1_266' title='bbox 2120 2881 2207 2929; x_wconf 91' lang='lat' dir='ltr'><strong>pro</strong></span> <span class='ocrx_word' id='word_1_267' title='bbox 2246 2865 2449 2929; x_wconf 92' lang='lat' dir='ltr'><strong>comple-</strong></span> 
     </span>
     <span class='ocr_line' id='line_1_26' title="bbox 519 2954 2448 3005; baseline -0.003 0"><span class='ocrx_word' id='word_1_268' title='bbox 519 2962 680 3005; x_wconf 89' lang='lat' dir='ltr'><strong>mento</strong></span> <span class='ocrx_word' id='word_1_269' title='bbox 721 2957 837 3004; x_wconf 93' lang='lat' dir='ltr'><strong>dicti</strong></span> <span class='ocrx_word' id='word_1_270' title='bbox 878 2956 1060 3005; x_wconf 89' lang='lat' dir='ltr'><strong>seruitii</strong></span> <span class='ocrx_word' id='word_1_271' title='bbox 1102 2956 1254 3004; x_wconf 90' lang='lat' dir='ltr'><strong>indies</strong></span> <span class='ocrx_word' id='word_1_272' title='bbox 1293 2956 1435 3004; x_wconf 87' lang='lat' dir='ltr'><strong>fiendi</strong></span> <span class='ocrx_word' id='word_1_273' title='bbox 1482 2956 1584 3004; x_wconf 87' lang='lat' dir='ltr'><strong>sine</strong></span> <span class='ocrx_word' id='word_1_274' title='bbox 1610 2955 1933 3004; x_wconf 89' lang='lat' dir='ltr'><strong>misericordia</strong></span> <span class='ocrx_word' id='word_1_275' title='bbox 1954 2954 2218 3003; x_wconf 76' lang='lat' dir='ltr'><strong>satisfaciet</strong></span> <span class='ocrx_word' id='word_1_276' title='bbox 2257 2982 2268 2992; x_wconf 91' lang='lat'><strong>·</strong></span> <span class='ocrx_word' id='word_1_277' title='bbox 2305 2954 2371 3001; x_wconf 94' lang='lat' dir='ltr'><strong>Et</strong></span> <span class='ocrx_word' id='word_1_278' title='bbox 2408 2955 2448 3002; x_wconf 88' lang='lat' dir='ltr'><strong>si</strong></span> 
     </span>
     <span class='ocr_line' id='line_1_27' title="bbox 519 3042 2445 3108; baseline -0.001 -16"><span class='ocrx_word' id='word_1_279' title='bbox 519 3047 635 3093; x_wconf 87' lang='lat' dir='ltr'><strong>dicti</strong></span> <span class='ocrx_word' id='word_1_280' title='bbox 661 3044 893 3108; x_wconf 88' lang='lat' dir='ltr'><strong>capellani</strong></span> <span class='ocrx_word' id='word_1_281' title='bbox 917 3044 1175 3091; x_wconf 88' lang='lat' dir='ltr'><strong>defecerint</strong></span> <span class='ocrx_word' id='word_1_282' title='bbox 1199 3060 1284 3106; x_wconf 91' lang='lat' dir='ltr'><strong>per</strong></span> <span class='ocrx_word' id='word_1_283' title='bbox 1307 3047 1417 3091; x_wconf 93' lang='lat' dir='ltr'><strong>octo</strong></span> <span class='ocrx_word' id='word_1_284' title='bbox 1456 3044 1557 3092; x_wconf 89' lang='lat' dir='ltr'><strong>dies</strong></span> <span class='ocrx_word' id='word_1_285' title='bbox 1594 3044 1642 3091; x_wconf 93' lang='lat' dir='ltr'><strong>in</strong></span> <span class='ocrx_word' id='word_1_286' title='bbox 1679 3042 2078 3091; x_wconf 86' lang='lat' dir='ltr'><strong>celebrationibus</strong></span> <span class='ocrx_word' id='word_1_287' title='bbox 2113 3042 2445 3105; x_wconf 88' lang='lat' dir='ltr'><strong>premissorum</strong></span> 
     </span>
     <span class='ocr_line' id='line_1_28' title="bbox 517 3129 2443 3195; baseline -0.002 -14"><span class='ocrx_word' id='word_1_288' title='bbox 517 3133 622 3182; x_wconf 86' lang='lat' dir='ltr'><strong>volo</strong></span> <span class='ocrx_word' id='word_1_289' title='bbox 646 3137 822 3180; x_wconf 85' lang='lat' dir='ltr'><strong>extunc</strong></span> <span class='ocrx_word' id='word_1_290' title='bbox 845 3135 984 3195; x_wconf 91' lang='lat' dir='ltr'><strong>prout</strong></span> <span class='ocrx_word' id='word_1_291' title='bbox 1009 3147 1197 3179; x_wconf 86' lang='lat' dir='ltr'><strong>exnunc</strong></span> <span class='ocrx_word' id='word_1_292' title='bbox 1222 3132 1347 3195; x_wconf 92' lang='lat' dir='ltr'><strong>quod</strong></span> <span class='ocrx_word' id='word_1_293' title='bbox 1383 3130 1547 3178; x_wconf 90' lang='lat' dir='ltr'><strong>licebit</strong></span> <span class='ocrx_word' id='word_1_294' title='bbox 1580 3130 1718 3178; x_wconf 87' lang='lat' dir='ltr'><strong>fratri</strong></span> <span class='ocrx_word' id='word_1_295' title='bbox 1751 3146 1858 3178; x_wconf 92' lang='lat' dir='ltr'><strong>meo</strong></span> <span class='ocrx_word' id='word_1_296' title='bbox 1890 3131 1926 3177; x_wconf 89' lang='lat' dir='ltr'><strong>J</strong></span> <span class='ocrx_word' id='word_1_297' title='bbox 1928 3130 2101 3178; x_wconf 89' lang='lat' dir='ltr'><strong>ohanni</strong></span> <span class='ocrx_word' id='word_1_298' title='bbox 2137 3129 2443 3178; x_wconf 87' lang='lat' dir='ltr'><strong>Strathachin</strong></span> 
     </span>
     <span class='ocr_line' id='line_1_29' title="bbox 514 3217 2441 3284; baseline -0.001 -16"><span class='ocrx_word' id='word_1_299' title='bbox 514 3223 563 3269; x_wconf 91' lang='lat' dir='ltr'><strong>in</strong></span> <span class='ocrx_word' id='word_1_300' title='bbox 587 3220 823 3284; x_wconf 92' lang='lat' dir='ltr'><strong>Clapottis</strong></span> <span class='ocrx_word' id='word_1_301' title='bbox 862 3224 912 3267; x_wconf 93' lang='lat' dir='ltr'><strong>et</strong></span> <span class='ocrx_word' id='word_1_302' title='bbox 965 3220 1063 3268; x_wconf 90' lang='lat' dir='ltr'><strong>suis</strong></span> <span class='ocrx_word' id='word_1_303' title='bbox 1085 3220 1341 3268; x_wconf 88' lang='lat' dir='ltr'><strong>heredibus</strong></span> <span class='ocrx_word' id='word_1_304' title='bbox 1376 3223 1650 3282; x_wconf 86' lang='lat' dir='ltr'><strong>presentare</strong></span> <span class='ocrx_word' id='word_1_305' title='bbox 1691 3235 1833 3266; x_wconf 91' lang='lat' dir='ltr'><strong>unum</strong></span> <span class='ocrx_word' id='word_1_306' title='bbox 1866 3217 2161 3282; x_wconf 90' lang='lat' dir='ltr'><strong>capellanum</strong></span> <span class='ocrx_word' id='word_1_307' title='bbox 2206 3219 2441 3281; x_wconf 84' lang='lat' dir='ltr'><strong>ydoneum</strong></span> 
     </span>
     <span class='ocr_line' id='line_1_30' title="bbox 515 3306 2437 3372; baseline -0.002 -15"><span class='ocrx_word' id='word_1_308' title='bbox 515 3310 752 3372; x_wconf 87' lang='lat' dir='ltr'><strong>Episcopo</strong></span> <span class='ocrx_word' id='word_1_309' title='bbox 777 3308 1083 3356; x_wconf 90' lang='lat' dir='ltr'><strong>Brechinensi</strong></span> <span class='ocrx_word' id='word_1_310' title='bbox 1116 3324 1200 3370; x_wconf 92' lang='lat' dir='ltr'><strong>pro</strong></span> <span class='ocrx_word' id='word_1_311' title='bbox 1234 3312 1447 3371; x_wconf 89' lang='lat' dir='ltr'><strong>tempore</strong></span> <span class='ocrx_word' id='word_1_312' title='bbox 1471 3307 1698 3356; x_wconf 85' lang='lat' dir='ltr'><strong>existenti</strong></span> <span class='ocrx_word' id='word_1_313' title='bbox 1733 3308 1794 3355; x_wconf 88' lang='lat' dir='ltr'><strong>ad</strong></span> <span class='ocrx_word' id='word_1_314' title='bbox 1830 3307 2127 3356; x_wconf 91' lang='lat' dir='ltr'><strong>seruiendum</strong></span> <span class='ocrx_word' id='word_1_315' title='bbox 2164 3307 2225 3354; x_wconf 90' lang='lat' dir='ltr'><strong>ad</strong></span> <span class='ocrx_word' id='word_1_316' title='bbox 2261 3306 2437 3354; x_wconf 90' lang='lat' dir='ltr'><strong>dictum</strong></span> 
     </span>
    </p>
   </div>
  </div>
 </body>
</html>
