3016 3958
1022 627 1456 684 LITERAE
1521 631 1983 690 PAPALES.
2358 639 2469 695 399

527 886 806 944 Indulgentia
825 886 1050 930 Willelmo
1072 887 1237 931 Forbes
1258 890 1463 932 canonico
1495 923 1504 932 .

202 1039 498 1083 OOCGXXV.

164 3038 490 3082 OOOOXXVI.

525 1034 748 1090 Nicolaus
761 1047 818 1090 V.
835 1050 916 1090 etc.
945 1079 955 1089 .
985 1046 1320 1090 Venerabilibus
1335 1048 1544 1091 fratribus
1561 1049 1847 1093 Anconitansi
1863 1054 1908 1094 et
1923 1052 2204 1096 Brechinensi
2224 1053 2464 1110 Effiscopis,

522 1141 572 1169 ac
593 1127 749 1170 dilecto
770 1127 859 1170 filio
888 1127 1022 1183 priori
1052 1127 1232 1170 ecclesie
1265 1127 1414 1170 Sancti
1444 1129 1618 1171 Andree
1651 1130 1845 1174 Salutem
1867 1135 1947 1174 etc.
1979 1163 1989 1175 .
2022 1132 2243 1176 Nobilitas
2273 1135 2460 1190 generis,

520 1208 608 1251 vite
630 1222 679 1250 ac
699 1222 868 1250 morum
888 1208 1111 1256 honestas,
1130 1207 1302 1262 aliaque
1323 1207 1560 1250 laudabilia
1579 1209 1809 1264 probitatis
1838 1213 1883 1252 et
1912 1209 2122 1253 virtutum
2143 1213 2312 1263 merita,
2336 1227 2464 1269 super

521 1288 677 1344 quibus
698 1287 882 1330 dilectus
908 1286 1025 1328 filius
1053 1285 1311 1329 Willermus
1341 1286 1509 1329 Forbas
1530 1288 1761 1331 canonicus
1783 1287 2106 1332 Dunkeldensis
2125 1291 2239 1347 apud
2259 1306 2339 1334 nos
2356 1292 2463 1334 fide-

520 1368 652 1422 digno
687 1366 1013 1410 commendatur
1047 1366 1309 1416 testimonio,
1346 1379 1427 1408 nos
1462 1366 1673 1408 inducunt
1707 1370 1757 1409 ut
1793 1367 1874 1410 sibi
1910 1368 2141 1411 reddamur
2180 1371 2235 1412 ad
2274 1373 2461 1426 gratiam

517 1446 720 1490 liberales
751 1478 760 1488 .
793 1445 938 1487 Hodie
959 1445 1171 1500 siquidem
1201 1448 1322 1487 motu
1350 1445 1525 1500 proprio
1555 1445 1752 1502 singulos
1775 1446 1915 1502 primo
1936 1452 2166 1491 vacaturos
2190 1449 2458 1506 singularum

517 1524 839 1568 Dunkeldensis
860 1528 906 1568 et
926 1524 1219 1567 Moraviensis
1240 1523 1516 1566 ecclesiarum
1540 1524 1820 1567 canonicatus
1841 1528 1886 1568 et
1905 1527 2146 1582 prebendas
2172 1528 2391 1571 collationi
2413 1534 2456 1571 et

515 1604 788 1661 dispositioni
813 1607 962 1647 nostre
992 1617 1044 1646 ea
1074 1603 1168 1645 vice
1199 1603 1459 1645 auctoritate
1489 1603 1730 1659 apostolica
1755 1605 2002 1660 specialiter
2021 1621 2307 1659 reservamus,
2328 1615 2458 1665 prout

514 1685 560 1726 in
580 1685 743 1727 nostris
774 1684 873 1726 inde
905 1683 1112 1726 confectis
1142 1682 1302 1726 litteris
1332 1682 1504 1739 plenius
1529 1683 1778 1726 continetur
1809 1716 1818 1727 .
1850 1683 1944 1728 Nos
1965 1685 2101 1741 igitur
2125 1687 2321 1730 volentes
2342 1689 2457 1731 dicto

513 1765 758 1814 Willermo,
797 1764 885 1820 qui,
918 1767 968 1806 ut
997 1763 1254 1819 accepimus,
1285 1762 1508 1805 carissimo
1541 1763 1589 1804 in
1623 1762 1799 1806 Christo
1833 1763 1923 1807 filio
1958 1768 2108 1808 nostro
2145 1766 2308 1809 Jacobo
2346 1768 2456 1823 Regi

518 1844 661 1886 Scotie
693 1843 857 1886 illustri
889 1843 935 1884 in
969 1842 1155 1885 secundo
1188 1845 1234 1884 et
1267 1842 1398 1884 tertio
1431 1842 1823 1898 consanguinitatis
1857 1844 2065 1899 gradibus
2097 1846 2372 1900 conjunctus,
2406 1863 2455 1890 ac

516 1922 778 1965 venerabilis
796 1922 948 1964 fratris
969 1921 1110 1964 nostri
1142 1920 1295 1963 Jacobi
1314 1920 1519 1977 Episcopi
1554 1920 1703 1964 Sancti
1733 1922 1906 1964 Andree
1933 1937 2068 1979 nepos
2089 1925 2252 1976 existit,
2275 1928 2458 1982 premis-

514 2016 660 2044 sorum
680 2001 934 2044 meritorum
966 2015 1142 2043 suorum
1162 2000 1325 2043 intuitu
1345 2001 1534 2056 gratiam
1561 2000 1702 2043 facere
1725 2002 1953 2057 specialem
1975 2007 2095 2047 motu
2117 2005 2261 2056 simili,
2291 2021 2379 2048 non
2400 2009 2455 2049 ad

514 2081 653 2137 ipsius
674 2079 897 2122 Willermi
918 2079 988 2122 vel
1009 2079 1192 2122 alterius
1211 2094 1290 2135 pro
1312 2093 1363 2122 eo
1383 2079 1509 2121 nobis
1530 2094 1659 2136 super
1678 2081 1758 2123 hoc
1779 2081 1923 2124 oblate
1943 2083 2168 2138 petitionis
2187 2084 2452 2135 instantiam,

514 2161 589 2202 sed
619 2161 671 2202 de
701 2163 853 2202 nostra
873 2173 993 2201 mera
1012 2159 1289 2210 liberalitate,
1319 2159 1569 2202 discretioni
1599 2164 1744 2203 vestre
1770 2174 1850 2217 per
1878 2162 2119 2217 apostolica
2151 2164 2314 2220 scripta
2333 2178 2453 2206 man-

513 2239 680 2289 damus,
704 2239 909 2294 quatinus
928 2253 1019 2288 vos,
1050 2238 1121 2280 vel
1144 2238 1236 2281 >dno
1263 2242 1341 2281 aut
1370 2253 1484 2282 unus
1514 2243 1720 2290 vestrum,
1751 2254 1829 2296 per
1857 2255 1950 2291 vos,
1972 2241 2040 2283 vel
2070 2242 2204 2284 alium
2226 2257 2305 2285 seu
2326 2244 2450 2293 alios,

513 2318 793 2361 canonicatus
824 2321 869 2360 et
897 2318 1137 2374 prebendas
1167 2318 1384 2373 predictos
1415 2331 1512 2360 cum
1544 2318 1672 2360 simul
1704 2319 1774 2360 vel
1804 2320 2046 2362 successive
2075 2322 2325 2364 vacaverint
2354 2337 2450 2365 cum

510 2399 778 2456 plenitudine
803 2399 918 2453 juris
939 2398 1133 2441 canonici
1163 2411 1215 2440 ac
1243 2398 1442 2440 omnibus
1467 2398 1639 2453 juribus
1665 2401 1709 2440 et
1732 2398 2007 2454 pertinentiis
2035 2400 2125 2442 suis
2146 2401 2314 2456 prefato
2336 2402 2450 2442 Wil-

511 2479 647 2520 lermo
677 2477 936 2520 auctoritate
966 2480 1119 2520 nostra
1148 2477 1342 2519 conferre
1374 2480 1419 2519 et
1449 2477 1674 2533 assignare
1705 2477 1866 2520 curetis
1898 2510 1908 2520 .
1941 2510 1949 2520 .
1984 2509 1994 2522 .
2024 2479 2233 2522 facientes
2263 2480 2444 2523 Willer-

510 2573 644 2608 mum,
664 2557 734 2599 vel
763 2570 841 2613 pro
871 2556 967 2612 ipso
989 2559 1312 2612 procuratorem
1332 2556 1589 2612 predictum,
1620 2556 1675 2598 ad
1705 2556 1900 2612 singulas
1929 2558 2169 2613 prebendas
2199 2559 2446 2614 hujusmodi

509 2640 556 2680 in
587 2637 714 2680 dictis
744 2636 936 2680 ecclesiis
965 2636 1011 2677 in
1041 2636 1293 2678 canonicum
1322 2634 1456 2691 recipi
1486 2638 1569 2677 ete.
1600 2666 1610 2677 .
1644 2668 1653 2677 .
1686 2667 1696 2677 .
1728 2634 1892 2678 Datum
1923 2637 2072 2688 Rome,
2101 2638 2216 2693 apud
2239 2637 2445 2681 Sanctum

510 2719 705 2768 Petrum,
733 2731 846 2760 anno
868 2715 1046 2759 Domini
1065 2715 1295 2757 millesimo
1315 2714 1740 2769 quadringentesimo
1761 2715 2090 2772 quadragesimo
2111 2719 2249 2767 sexto,
2272 2718 2317 2759 vi
2340 2718 2447 2759 Idus

510 2798 675 2848 Martii,
699 2796 984 2839 Pontificatus
1005 2794 1144 2838 nostri
1163 2807 1277 2836 anno
1296 2793 1427 2836 tertio
1459 2825 1469 2835 .
1502 2792 1630 2849 [ΑΒ.
1659 2795 1766 2838 1449
1785 2793 1826 2847 Ρ]

511 3025 784 3092 Indulgence
819 3035 875 3090 by
906 3031 1087 3075 Nicolas
1116 3030 1172 3074 V.
1203 3034 1249 3074 to
1285 3030 1451 3074 Robert
1485 3030 1537 3073 de
1566 3030 1716 3080 Seras,
1749 3045 1777 3072 a
1804 3030 1980 3087 >layman
2014 3032 2068 3074 of
2095 3033 2171 3076 the
2200 3034 2368 3078 diocese
2400 3039 2450 3078 of

515 3116 718 3166 Brechin,
740 3114 840 3157 who
861 3114 907 3154 in
925 3112 996 3154 his
1015 3111 1150 3168 youth
1166 3110 1256 3153 had
1277 3109 1527 3153 conti-acted
1554 3109 1772 3165 marriage
1792 3125 1875 3166 per
1903 3110 2026 3153 verba
2053 3112 2103 3154 de
2121 3115 2312 3170 presenti
2337 3117 2442 3158 with

509 3211 538 3240 a
557 3196 709 3238 widow
731 3194 849 3237 since
868 3192 992 3242 dead,
1012 3192 1069 3247 by
1087 3190 1231 3233 whom
1251 3190 1305 3231 he
1325 3189 1410 3232 had
1434 3189 1522 3231 had
1549 3187 1716 3231 several
1737 3188 1944 3240 children,
1966 3190 2046 3233 but
2064 3192 2194 3249 being
2213 3196 2442 3249 possessed

509 3276 556 3319 of
580 3273 792 3330 learning,
824 3285 917 3314 was
945 3285 1044 3313 now
1064 3269 1247 3312 anxious
1266 3271 1313 3311 to
1334 3267 1420 3310 live
1447 3269 1493 3309 in
1521 3267 1787 3319 continence,
1813 3271 1861 3310 to
1887 3268 1941 3311 be
1968 3270 2161 3313 enrolled
2181 3272 2249 3314 for
2269 3273 2439 3316 clerical

507 3354 684 3410 service,
705 3352 790 3395 and
809 3354 856 3394 to
877 3364 999 3394 serve
1020 3349 1095 3393 the
1117 3348 1239 3392 Most
1259 3347 1383 3404 High
1406 3347 1477 3390 for
1506 3361 1623 3397 ever,
1641 3346 1849 3404 allowing
1863 3348 1958 3390 'him
1977 3353 2024 3392 to
2044 3351 2209 3393 receive
2230 3352 2314 3394 and
2340 3354 2441 3396 hold
