3016 3958
424 2950 609 2992 CCCCI.

610 618 719 678 378
1095 622 1410 677 CARTAE
1449 620 2076 678 MISCELLANEAE.

613 832 621 841 .
655 831 664 842 .
698 832 708 842 .
739 814 816 856 per
843 800 1059 856 quondam
1090 800 1303 843 Joannem
1335 799 1583 855 episcopum
1611 797 1943 840 Brichinensem
1968 811 2064 840 cum
2087 812 2300 841 consensu
2322 799 2472 842 decani
2505 806 2549 843 et

613 880 915 923 canonicorum
948 879 1128 936 capituli
1158 878 1336 922 ecclesie
1367 877 1631 920 cathedralis
1660 877 1958 920 Brichinensis
1989 877 2159 933 prefato
2191 877 2348 922 Cat-010
2370 878 2550 936 Muri-ay

615 963 659 1001 et
678 959 891 1015 quondam
915 960 1104 1003 Mariote
1131 957 1419 1013 Auchtirlony
1448 957 1542 999 eius
1570 956 1744 1012 coniugi
1775 989 1785 999 .
1820 988 1830 999 .
1865 987 1876 998 .
1907 957 2226 1013 heredibusque
2255 958 2346 1001 suis
2376 990 2386 1001 .
2421 989 2432 1000 .
2467 992 2476 1001 .
2508 963 2552 1001 et

616 1053 827 1083 summam
857 1039 1149 1095 quadraginta
1177 1038 1412 1081 solidorum
1443 1040 1616 1079 monete
1646 1035 1838 1092 predicte
1866 1036 1911 1081 in
1940 1036 2129 1093 priorem
2155 1039 2552 1094 augmentationem

615 1119 795 1162 rentalis
834 1120 937 1162 dicti
976 1118 1155 1161 dominii
1195 1121 1240 1160 et
1279 1117 1556 1173 episcopatus
1597 1115 1896 1158 Brichinensis
1932 1146 1943 1157 .
1978 1148 1988 1158 .
2028 1148 2038 1158 .
2072 1115 2199 1159 firma
2239 1131 2469 1173 gressuma
2508 1122 2553 1160 et

616 1199 803 1240 deuoriis
835 1198 1017 1241 invicem
1051 1198 1312 1253 computatis
1340 1200 1442 1239 ante
1475 1195 1797 1238 concessionem
1827 1195 1941 1238 dicte
1973 1195 2200 1252 originalis
2231 1200 2350 1239 carte
2380 1228 2390 1240 .
2423 1228 2433 1240 .
2467 1229 2477 1239 .
2509 1203 2553 1239 et

618 1291 827 1319 summam
851 1291 925 1319 sex
948 1276 1183 1319 solidorum
1205 1280 1250 1318 et
1270 1280 1366 1319 octo
1388 1276 1663 1318 denariorum
1684 1278 1857 1318 monete
1878 1274 2069 1331 predicte
2091 1275 2136 1316 in
2167 1289 2324 1317 nouam
2347 1290 2554 1332 augmen-

618 1357 824 1399 tationem
866 1357 970 1399 dicti
1010 1356 1191 1399 rentalis
1229 1388 1238 1398 .
1278 1388 1287 1397 .
1327 1386 1338 1396 .
1374 1355 1575 1397 videlicet
1617 1355 1776 1398 dictam
1822 1355 2047 1410 antiquam
2092 1355 2261 1398 firmam
2309 1356 2554 1413 dictamque

618 1437 804 1491 priorem
829 1436 1226 1492 augmentationem
1253 1440 1298 1478 et
1326 1435 1486 1478 dictam
1517 1449 1676 1477 nouam
1706 1434 2105 1491 augmentationem
2134 1434 2238 1477 dicti
2269 1436 2449 1479 rentalis
2481 1452 2554 1478 ex-

620 1517 851 1559 tendentes
871 1517 915 1557 in
937 1515 1107 1572 integro
1129 1515 1183 1557 ad
1205 1530 1417 1558 summam
1439 1518 1606 1571 septem
1626 1514 1836 1557 librarum
1867 1547 1876 1556 .
1910 1546 1920 1557 .
1953 1547 1963 1557 .
1994 1514 2050 1558 ad
2074 1515 2183 1558 duos
2213 1516 2315 1557 anni
2346 1517 2555 1560 terminos

620 1599 851 1638 consuetos
881 1627 891 1638 .
926 1627 934 1636 .
968 1627 977 1637 .
1010 1595 1181 1637 nomine
1203 1595 1458 1644 feudifirme,
1483 1608 1664 1636 vnacum
1687 1608 1762 1637 sex
1791 1594 2026 1651 caponibus
2047 1598 2092 1636 et
2118 1594 2341 1638 duodecim
2372 1596 2556 1651 pultreis

620 1675 845 1717 annuatim
867 1674 912 1715 in
934 1674 1133 1716 terminis
1163 1674 1304 1716 solitis
1335 1706 1345 1716 .
1378 1706 1387 1716 .
1422 1704 1433 1715 .
1464 1674 1646 1716 acetiam
1678 1673 1873 1716 faciendo
1903 1677 1994 1716 tres
2025 1677 2167 1716 sectas
2196 1675 2251 1717 ad
2282 1676 2368 1718 tria
2396 1676 2558 1732 placita

621 1753 825 1809 capitalia
855 1752 1078 1796 annuatim
1100 1767 1178 1809 per
1197 1754 1394 1796 dominos
1425 1757 1470 1796 et
1498 1753 1684 1796 balliuos
1704 1753 1897 1796 eiusdem
1919 1754 2034 1809 apud
2054 1753 2269 1809 palacium
2290 1754 2343 1796 de
2368 1754 2559 1798 Brechin

620 1833 821 1882 tenenda,
858 1847 1024 1875 necnon
1060 1833 1242 1876 heredes
1274 1865 1284 1875 .
1317 1865 1326 1876 .
1361 1865 1370 1875 .
1401 1832 1661 1889 duplicando
1694 1865 1703 1875 .
1738 1865 1747 1875 .
1784 1864 1792 1873 .
1822 1832 2110 1875 feudifirmam
2143 1863 2156 1874 .
2188 1866 2197 1875 .
2231 1864 2242 1875 .
2272 1834 2411 1890 primo
2444 1850 2557 1877 anno

625 1927 774 1954 eorum
793 1911 1000 1954 introitus
1033 1944 1043 1954 .
1075 1944 1084 1954 .
1117 1944 1127 1954 .
1158 1913 1333 1968 prouiso
1355 1912 1470 1967 quod
1502 1912 1539 1955 si
1570 1912 1711 1954 dictus
1737 1911 1998 1954 Franciscus
2031 1911 2188 1968 Ogiluy
2210 1912 2330 1954 suive
2351 1914 2557 1957 antedicti

622 1994 667 2033 in
704 1992 900 2047 legitima
931 1994 1046 2034 etate
1077 1992 1314 2035 existentes
1348 1993 1391 2034 in
1429 1992 1645 2035 solutione
1677 2022 1686 2032 .
1722 2025 1732 2034 .
1765 2024 1775 2034 .
1809 1991 2046 2034 defecerint
2077 2024 2087 2034 .
2121 2024 2130 2033 .
2163 2024 2172 2035 .
2205 1992 2268 2034 sic
2302 1993 2416 2048 quod
2450 2008 2561 2035 vnus

624 2073 835 2114 terminus
864 2071 909 2111 in
940 2069 1125 2115 alterum
1157 2104 1174 2114 ..
1201 2103 1211 2114 .
1244 2105 1253 2114 .
1286 2074 1449 2129 absque
1475 2072 1690 2116 solutione
1713 2075 1864 2114 currat
1884 2085 2096 2113 summam
2127 2085 2214 2113 non
2242 2071 2429 2114 solutam
2461 2105 2470 2114 .
2503 2105 2514 2114 .
2545 2105 2555 2116 .

623 2151 904 2207 duplicabunt
934 2154 979 2192 et
1008 2151 1044 2192 si
1072 2152 1157 2195 duo
1187 2153 1361 2195 termini
1393 2157 1572 2195 currant
1602 2152 1647 2194 in
1676 2152 1855 2195 tertium
1879 2151 1971 2194 sine
1993 2151 2209 2194 solutione
2240 2155 2319 2194 etc.
2350 2153 2428 2195 hec
2460 2185 2469 2195 .
2505 2184 2515 2194 .
2548 2187 2556 2196 .

624 2246 738 2274 noua
768 2235 889 2275 carta
921 2267 930 2278 .
962 2267 972 2277 .
1006 2264 1016 2276 .
1047 2233 1092 2274 in
1127 2246 1173 2274 se
1204 2232 1372 2288 expiret
1403 2264 1412 2275 .
1449 2264 1457 2274 .
1493 2264 1501 2273 .
1531 2246 1700 2274 necnon
1731 2263 1741 2274 .
1775 2263 1784 2274 .
1822 2264 1830 2273 .
1860 2231 2069 2276 antedicti
2099 2233 2371 2275 obseruando
2393 2237 2560 2276 ceteras

625 2312 891 2355 conditiones
931 2316 1159 2356 contentas
1200 2313 1246 2353 in
1286 2312 1403 2354 dicta
1438 2311 1639 2368 originali
1678 2316 1801 2354 carta
1833 2341 1843 2353 .
1875 2343 1885 2353 .
1919 2343 1929 2352 .
1961 2315 2006 2353 et
2036 2343 2045 2353 .
2080 2344 2089 2353 .
2125 2343 2133 2352 .
2166 2311 2374 2356 soluendo
2410 2329 2560 2357 omnes

626 2391 734 2432 alias
765 2392 965 2435 deuorias
996 2425 1006 2435 .
1040 2425 1049 2434 .
1082 2425 1091 2434 .
1125 2393 1245 2448 sique
1266 2392 1382 2434 vltra
1403 2392 1680 2434 continentur
1717 2392 1762 2433 in
1799 2391 1913 2435 dicto
1934 2391 2092 2434 rentali
2128 2424 2136 2433 .
2171 2424 2180 2433 .
2212 2424 2220 2433 .
2253 2393 2383 2449 Apud
2412 2393 2563 2436 Halie-

626 2471 817 2514 rudhous
846 2472 1086 2528 penultimo
1116 2472 1184 2514 die
1214 2472 1376 2514 mensis
1407 2471 1607 2514 «Ianuarii
1637 2486 1751 2514 anno
1783 2471 1959 2513 Domini
1989 2471 2219 2513 millesimo
2251 2475 2563 2516 sexcentesimo

630 2551 862 2593 secundum
887 2566 1045 2594 nouam
1067 2551 1433 2608 computationem
1457 2551 1558 2594 stilo
1579 2566 1693 2594 nouo
1727 2581 1737 2592 .

631 2789 868 2833 Concessio
889 2794 1103 2834 terrarum
1126 2792 1178 2834 de
1202 2791 1313 2848 Syde
1336 2795 1416 2835 etc.
1441 2790 1626 2847 Georgio
1647 2791 1834 2847 Barclay
1854 2791 2034 2847 ejusque
2057 2806 2214 2848 sponse
2244 2825 2254 2834 .

633 2936 835 2993 Jacobus
875 2954 954 2994 etc.
991 2984 1000 2993 .
1033 2984 1042 2993 .
1077 2985 1086 2994 .
1119 2952 1216 2995 Nos
1251 2985 1259 2994 .
1299 2983 1311 2994 .
1348 2985 1358 2995 .
1394 2952 1687 2995 concessimus
1727 2984 1735 2993 .
1773 2984 1781 2995 .
1821 2984 1830 2994 .
1869 2951 2123 2995 Elizabethe
2163 2951 2367 2995 Wishart
2407 2969 2563 3010 sponse

637 3028 813 3085 Georgii
851 3029 1034 3087 Barclay
1063 3031 1115 3073 de
1149 3031 1261 3088 Syde
1292 3033 1336 3073 in
1367 3032 1492 3075 vitali
1522 3033 1694 3075 redditu
1725 3064 1735 3074 .
1767 3064 1777 3074 .
1813 3063 1824 3073 .
1853 3031 2092 3074 vmbralem
2124 3031 2435 3076 dimidietatem
2467 3067 2476 3077 .
2510 3069 2518 3078 .

633 3113 847 3150 terrarum
868 3109 919 3151 de
945 3109 1056 3166 Syde
1078 3124 1173 3152 cum
1194 3112 1462 3155 dimidietate
1481 3111 1716 3155 molendini
1745 3110 1939 3168 granarii
1968 3110 2026 3152 lie
2058 3110 2301 3153 Newmilne
2327 3118 2563 3170 nuncupati

634 3187 898 3230 dimidietate
935 3192 1148 3231 terrarum
1188 3190 1598 3233 molendinariarum
1643 3194 1688 3233 et
1727 3190 2006 3244 astrictarum
2045 3190 2333 3233 multurarum
2374 3194 2565 3238 eiusdem

637 3266 864 3309 solitarum
893 3270 940 3310 et
968 3272 1269 3311 consuetarum
1299 3284 1350 3312 ac
1379 3270 1635 3313 nominatim
1665 3269 1866 3312 villarum
1899 3273 1942 3311 et
1971 3272 2187 3311 terrarum
2209 3271 2564 3327 subsequentium

615 3397 619 3401 .
639 3345 837 3388 videlicet
864 3377 873 3390 .
906 3378 915 3387 .
945 3376 954 3387 .
984 3347 1036 3389 de
1058 3348 1265 3399 Botteris,
1287 3349 1421 3400 Ardo,
1438 3349 1767 3405 Pitquhortheis
1789 3348 1896 3391 Ouir
1916 3351 1961 3392 et
1982 3348 2155 3399 Netbir,
2178 3353 2222 3392 et
2242 3350 2454 3395 Vnthank
2478 3387 2486 3396 .
2514 3388 2522 3397 .
2552 3387 2561 3397 .
