3016 3958
259 1046 518 1092 CCXVIII.

309 1613 516 1657 CCXIX.

343 2258 522 2301 CCXX.

332 3215 539 3259 CCXXI.

525 634 637 692 270
1060 631 1378 687 CARTAE
1429 631 1532 686 DE
1583 628 1988 685 ECCLESIIS

538 903 819 947 Confirmatio
841 902 1031 960 episcopi
1052 897 1256 958 Hugonis
1277 901 1330 943 de
1362 900 1562 956 Brechyn
1582 898 1635 941 de
1656 898 1824 941 decima
1846 898 1954 940 retis
1988 929 1997 938 .

541 1039 757 1094 Testibus
787 1050 1010 1092 Willelmo
1040 1049 1094 1092 de
1127 1049 1264 1092 Bosco
1295 1045 1552 1090 cancellario
1583 1045 1747 1088 domini
1775 1044 1909 1102 regis,
1942 1043 2154 1101 Gregorio
2186 1042 2490 1086 archidiacono

542 1135 708 1182 nostro,
746 1130 936 1173 Malbrid
969 1129 1112 1186 priore
1144 1128 1437 1170 Keledeorum
1467 1129 1731 1176 nostrorum,
1769 1125 1983 1182 magistro
2019 1124 2205 1181 Symone
2235 1123 2289 1166 de
2327 1122 2487 1165 Sancto

542 1211 731 1260 Andrea,
771 1210 1019 1252 Alexandro
1039 1209 1092 1252 de
1119 1208 1322 1258 Muhaut,
1358 1207 1551 1250 Roberto
1574 1207 1705 1249 Petro
1726 1205 1965 1256 Willelmo,
1986 1203 2224 1261 capellanis
2246 1203 2424 1253 nostris,
2445 1207 2489 1244 et

543 1290 733 1347 capitulo
754 1293 904 1332 nostro
939 1321 948 1331 .
981 1289 1036 1345 (c.
1061 1288 1202 1343 1218.)

544 1464 824 1507 Confirmatio
848 1463 1045 1520 Gregorii
1066 1462 1257 1519 episcopi
1277 1462 1331 1504 de
1353 1461 1541 1503 Brechin
1562 1461 1615 1502 de
1637 1459 1805 1502 decima
1824 1461 1954 1501 vnius
1975 1458 2161 1515 plenarii
2181 1457 2290 1500 retis
2323 1488 2334 1498 .

544 1600 760 1656 Testibus
779 1612 952 1655 domino
983 1612 1125 1655 Bricio
1157 1610 1428 1654 Morauiensi
1461 1610 1676 1666 episcopo,
1697 1607 1920 1649 Willelmo
1950 1607 2003 1649 de
2035 1606 2174 1649 Bosco
2211 1604 2487 1653 cancellario,

544 1692 733 1735 Malbrid
753 1692 896 1748 priore
917 1690 1226 1734 Kelledeorum
1247 1693 1510 1739 nostrorum,
1531 1688 1744 1744 magistro
1773 1687 1967 1730 Henrico
1998 1687 2051 1729 de
2082 1686 2295 1736 Norbam,
2319 1684 2491 1728 officiali

543 1775 708 1821 nostro,
738 1771 923 1813 Freskin
959 1770 1253 1813 Morauiensis
1285 1769 1467 1813 ecclesie
1496 1769 1674 1819 decano,
1704 1767 1917 1824 magistro
1939 1766 2131 1810 Henrico
2152 1769 2197 1808 et
2228 1765 2418 1822 Hugone
2439 1765 2492 1806 de

544 1852 769 1908 Duueglas
789 1851 956 1894 clericis
976 1851 1137 1894 domini
1158 1850 1349 1907 episcopi
1370 1849 1680 1898 Morauiensis,
1698 1847 1913 1904 ‘magistro
1935 1846 2128 1889 Henrico
2149 1846 2202 1888 de
2225 1846 2425 1895 Munros,
2447 1849 2491 1887 et

544 1932 769 1975 Willelmo
789 1931 1026 1989 capellanis
1046 1931 1225 1981 nostris,
1246 1934 1292 1973 et
1315 1933 1408 1973 toto
1429 1928 1620 1986 capitulo
1649 1932 1799 1971 nostro
1832 1960 1841 1970 .
1874 1925 2005 1984 (A.D.
2034 1926 2253 1981 1218-22.)

547 2107 614 2150 De
634 2107 746 2150 tofto
765 2106 811 2148 in
830 2105 935 2148 villa
954 2106 1007 2148 de
1030 2105 1365 2148 Stracatherach
1399 2135 1409 2145 .

549 2241 794 2307 Uniuersis
831 2255 979 2295 sancte
1011 2251 1164 2293 matris
1200 2250 1379 2293 ecclesie
1410 2249 1513 2291 filiis
1545 2248 1713 2291 clericis
1746 2253 1790 2291 et
1822 2248 1945 2289 laicis
1981 2247 2202 2302 Turpinus
2232 2246 2315 2288 Dei
2351 2246 2496 2302 gratia

549 2339 776 2396 episcopus
796 2336 1102 2380 Brechinensis
1124 2335 1309 2378 salutem
1341 2364 1352 2376 .
1385 2334 1536 2376 Sciant
1555 2336 1780 2389 presentes
1803 2337 1848 2374 et
1866 2331 2001 2373 futuri
2034 2345 2115 2373 nos
2136 2330 2307 2373 dedisse
2331 2333 2376 2372 et
2396 2344 2496 2372 con-

548 2419 731 2462 cessisse
752 2422 799 2460 et
817 2418 898 2459 hac
919 2419 1042 2459 carta
1060 2419 1213 2459 nostra
1232 2415 1512 2457 confirmasse
1533 2412 1628 2454 Deo
1659 2417 1704 2455 et
1734 2412 1911 2454 ecclesie
1936 2411 2085 2453 Sancti
2107 2411 2272 2453 Thome
2295 2410 2348 2452 de
2368 2410 2498 2452 Abir-

548 2498 728 2541 brothoc
749 2502 794 2540 et
812 2495 1036 2539 monachis
1055 2495 1214 2538 ibidem
1236 2494 1330 2537 Deo
1353 2493 1644 2537 seruientibus
1664 2493 1709 2534 in
1728 2492 1911 2534 liberam
1942 2495 1987 2534 et
2015 2494 2271 2547 perpetuam
2301 2489 2498 2533 elemosi-

550 2592 650 2620 nam
667 2591 798 2619 vnum
818 2576 977 2619 toftum
1013 2578 1059 2618 et
1090 2574 1273 2617 croftum
1304 2574 1350 2616 in
1380 2573 1486 2616 villa
1520 2573 1573 2615 de
1607 2572 1952 2616 Strukatharach
1978 2576 2023 2614 et
2042 2571 2150 2614 duas
2171 2585 2297 2614 acras
2317 2575 2432 2613 terre
2453 2571 2497 2612 in

552 2673 702 2714 campo
735 2657 978 2714 pertinente
1014 2655 1068 2698 ad
1104 2655 1296 2697 eamdem
1334 2654 1484 2706 villam
1515 2687 1524 2697 .
1558 2653 1812 2695 Tenendum
1847 2652 1900 2694 de
1935 2652 2061 2694 nobis
2097 2654 2141 2694 et
2177 2651 2499 2693 successoribus

553 2737 715 2781 nostris
729 2737 913 2779 liberum
934 2739 978 2778 et
998 2736 1190 2791 quietum
1223 2736 1278 2776 ab
1309 2734 1425 2777 omni
1447 2733 1757 2776 consuetudine
1788 2736 1833 2774 et
1864 2732 2087 2774 exactione
2107 2734 2254 2787 preter
2273 2745 2498 2773 commune

553 2817 760 2860 auxilium
780 2817 896 2872 regis
927 2848 937 2858 .
969 2815 1174 2858 Testibus
1192 2814 1335 2857 Bricio
1352 2813 1497 2870 priore
1516 2814 1570 2855 de
1591 2813 1793 2862 Brechin‚
1816 2810 2007 2854 Gillefali
2023 2810 2181 2860 Kelde‚
2200 2810 2343 2852 Bricio
2358 2810 2499 2866 capel-

554 2898 669 2947 lano.
693 2895 922 2939 Mathalan
940 2894 1080 2946 kelde,
1108 2894 1320 2937 Makbeth
1342 2894 1546 2950 Maywen
1580 2924 1590 2934 .
1624 2891 1759 2947 (A.D.
1785 2892 2005 2945 lus-98.)

562 3069 846 3113 Confirmacio
867 3067 1085 3124 Radulphi
1107 3068 1297 3124 episcopi
1318 3065 1623 3109 Brechinensis
1643 3066 1696 3107 de
1716 3065 1909 3121 predicto
1930 3063 2040 3106 tofto
2073 3095 2082 3104 .

564 3204 781 3259 Testibus
813 3214 915 3257 G.G.
947 3214 1245 3257 archidiacono
1275 3217 1439 3262 nostro,
1470 3211 1695 3253 Willelmo
1725 3211 1911 3261 officiali,
1933 3211 2063 3254 Petro
2091 3211 2313 3267 capellano
2335 3215 2498 3261 nostro,

566 3296 742 3339 Andrea
782 3309 968 3351 persona
1010 3294 1063 3336 de
1105 3294 1307 3344 Brechin‚
1346 3292 1599 3335 Alexandro
1631 3292 1685 3333 de
1720 3290 1906 3334 Mohaut
1939 3292 2093 3334 clerico
2126 3296 2275 3335 nostro
2315 3324 2324 3334 .
2367 3291 2500 3350 (A.D.

573 3374 795 3431 1202-18.)
