3016 3958
488 657 599 712 232
1038 656 1330 713 OARTAE
1376 658 1875 714 ORIGINALES.

231 942 470 988 CLXIII.
499 908 900 986 Instrumentum
941 939 1144 988 saisinae
1183 940 1230 986 in
1268 940 1475 988 favorem
1516 939 1745 987 Richardi
1783 938 2025 1003 Chepman
2060 938 2176 986 civis
2210 939 2437 986 Brechin-

498 1026 624 1075 ensis
651 1027 907 1076 indubitati
930 1028 1148 1077 haeredis
1185 1028 1414 1077 Richardi
1452 1029 1695 1093 Chepman
1731 1028 1848 1076 civis
1873 1028 2046 1076 ibidem
2082 1028 2157 1075 avi
2193 1028 2265 1077 sui
2299 1028 2437 1075 unius

498 1116 640 1163 annui
681 1117 899 1166 redditus
944 1118 1175 1165 tredecim
1218 1117 1473 1166 solidorum
1517 1122 1566 1166 et
1608 1122 1811 1182 quatuor
1839 1117 2148 1165 'denariorum
2193 1115 2438 1179 [monetae

501 1205 718 1272 Scotiae]
747 1206 992 1254 annuatim
1016 1206 1204 1254 levandi
1245 1208 1303 1255 de
1342 1206 1424 1256 illo
1461 1212 1736 1256 tenemento
1764 1211 1935 1255 vocato
1960 1207 2017 1253 de
2042 1206 2237 1270 antiquo
2263 1205 2443 1269 Lyellis

498 1295 609 1343 land
642 1295 836 1357 jacente
872 1313 934 1343 ex
972 1300 1108 1360 parte
1147 1296 1433 1345 occidentali
1480 1297 1705 1345 Civitatis
1747 1296 2084 1344 Brechinensis
2124 1295 2250 1343 inter
2289 1299 2442 1343 terra-s

500 1384 654 1434 sancti
691 1384 1020 1449 Christophori
1056 1386 1117 1433 ad
1153 1385 1343 1434 boream
1373 1384 1474 1452 [et]
1500 1390 1655 1434 terras
1690 1385 1954 1434 Alexandri
1998 1386 2208 1448 Ramsay
2242 1385 2304 1432 ad
2339 1400 2445 1432 aus-

500 1479 655 1531 trum3
695 1475 892 1522 duorum
932 1474 1079 1523 etiam
1117 1491 1378 1523 annuorum
1418 1475 1687 1523 reddituum
1713 1474 1910 1523 alterius
1947 1478 2149 1538 quatuor
2183 1489 2444 1522 mercarum

503 1563 700 1612 alterius
733 1563 964 1612 tredecim
1002 1563 1259 1612 solidorum
1299 1568 1348 1612 et
1387 1568 1497 1612 octo
1535 1564 1833 1612 denariorum
1869 1564 2113 1612 annuatim
2138 1563 2445 1611 levandorum

506 1654 563 1701 de
587 1653 728 1701 terris
753 1657 801 1700 et
825 1653 964 1701 horto
992 1651 1107 1714 [No.
1135 1653 1369 1719 CXXV.]
1392 1670 1404 1710 ;
1439 1652 1672 1701 Similiter
1705 1653 1844 1701 unius
1877 1652 2022 1700 annui
2056 1652 2269 1700 redditus
2290 1653 2448 1700 trede-

506 1743 598 1790 cim
633 1741 890 1790 solidorum
925 1745 976 1790 et
1011 1745 1215 1805 quatuor
1251 1742 1551 1790 denariorum
1592 1742 1837 1789 annuatim
1880 1741 2068 1789 levandi
2098 1742 2162 1788 ¹de
2197 1741 2280 1789 illo
2313 1745 2447 1788 tene-

507 1836 667 1879 mento
715 1830 826 1896 olim
876 1831 1091 1879 Roberto
1134 1831 1360 1879 Buchane
1407 1835 1656 1894 spectante
1696 1831 1889 1892 jacente
1938 1847 1999 1877 ex
2046 1830 2265 1878 orientali
2311 1835 2447 1893 parte

510 1919 733 1968 Civitatis
770 1920 1042 1967 antedictae
1081 1919 1206 1967 inter
1250 1923 1405 1968 terras
1441 1918 1792 1982 capellanorum
1829 1918 1983 1967 sancti
2020 1918 2347 1982 Christophori
2388 1920 2447 1966 ab

511 2027 606 2058 una
629 2018 677 2058 et
703 2010 929 2058 Baxteris
952 2009 1064 2057 land
1088 2009 1148 2056 ab
1172 2008 1353 2065 altera;
1378 2012 1628 2072 praeterea
1656 2008 1794 2056 unius
1817 2007 1961 2055 annui
1985 2007 2198 2056 redditus
2221 2007 2449 2056 tredecim
2519 1991 2523 1993 ⁵

512 2098 766 2148 solidorum
803 2102 853 2146 et
889 2101 1093 2162 quatuor
1128 2098 1424 2145 denariorum
1451 2101 1669 2145 monetae
1694 2097 1968 2144 antedictae
1991 2097 2237 2144 annuatim
2262 2096 2449 2145 levandi

513 2188 572 2235 de
611 2186 694 2235 illo
731 2191 1006 2235 tenemento
1043 2191 1212 2235 vocato
1250 2188 1308 2234 de
1345 2186 1542 2250 antiquo
1572 2186 1739 2234 Reidis
1774 2185 1884 2233 land
1921 2185 2033 2234 olim
2057 2187 2269 2249 magistri
2294 2187 2449 2234 David

512 2278 746 2325 Petcarne
788 2276 1107 2324 archidiaconi
1150 2275 1485 2323 Brechinensis
1512 2273 1764 2340 [Jacente]
1791 2289 1851 2321 ex
1886 2279 2023 2338 parte
2059 2275 2256 2323 australi
2294 2277 2450 2324 dictae

513 2366 736 2413 Civitatis
760 2365 885 2413 inter
906 2368 1061 2412 terras
1095 2365 1331 2427 quondam
1368 2364 1581 2426 magistri
1619 2362 1842 2412 Gulielmi
1870 2363 2106 2411 Meldrum
2132 2365 2451 2414 archidiaconi

514 2453 870 2502 Dunkeldensis
904 2454 964 2501 ab
1001 2469 1095 2500 una
1129 2457 1178 2501 et
1214 2457 1368 2501 terras
1392 2453 1628 2516 quondam
1663 2453 1696 2499 J
1701 2453 1868 2501 oannis
1894 2452 2121 2515 Weymes
2155 2455 2214 2501 ab
2250 2454 2403 2502 altera
2440 2484 2450 2495 ·

516 2543 698 2592 Saisina
737 2542 918 2593 tradita
951 2558 1036 2606 per
1076 2542 1341 2590 Robertum
1380 2540 1556 2589 Rollok
1582 2557 1723 2589 unum
1747 2541 2026 2589 ballivorum
2051 2543 2208 2591 dictae
2234 2544 2455 2594 Civitatis

486 2612 673 2681 *coram
720 2632 795 2680 his
841 2632 1046 2680 testibus
1093 2631 1324 2679 Mathaeo
1347 2621 1349 2623 ’
1371 2631 1630 2694 Dempster
1675 2631 1898 2678 Johanne
1952 2632 2169 2694 Kynneir
2216 2633 2455 2683 Vilhelmo

520 2723 674 2769 Bruce
697 2721 883 2769 Jacobo
909 2720 1170 2785 Dempster
1203 2721 1390 2768 Jacobo
1426 2721 1586 2768 Smart
1626 2719 1904 2768 Alexandro
1942 2720 2085 2768 Clerk
2119 2722 2298 2771 civibus
2340 2725 2455 2772 Bre-

522 2809 824 2857 chinensibus
868 2810 901 2856 J
906 2809 1090 2857 ohanne
1134 2810 1372 2872 Keingzer
1412 2814 1461 2857 et
1504 2809 1715 2857 Patricio
1759 2810 1970 2858 Brokass
2011 2811 2248 2859 officiariis
2286 2841 2295 2850 ·
2335 2814 2456 2860 Wil-

523 2897 664 2945 lelmo
692 2898 903 2960 Ramsay
928 2898 1299 2946 Sanctiandreae
1325 2899 1596 2950 dioeceseos
1620 2899 1806 2947 notario
1845 2928 1856 2937 ·
1896 2901 1958 2949 16
1987 2900 2153 2949 Martii
2183 2902 2311 2949 1602
2349 2932 2361 2941 ·

275 3167 502 3214 CLXIV.
531 3130 890 3227 Procuratory
912 3166 975 3228 by
1002 3166 1218 3214 Mathow
1243 3166 1504 3229 Hepburne
1529 3165 1747 3228 chaplain
1783 3167 1836 3214 of
1865 3167 1948 3215 the
1972 3168 2245 3233 chaplainry
2268 3173 2323 3219 of
2352 3174 2459 3222 Cal-

532 3255 639 3302 dem
663 3254 737 3301 for
760 3254 993 3317 resigning
1017 3254 1063 3301 in
1087 3255 1170 3302 the
1195 3255 1346 3302 hands
1381 3254 1436 3302 of
1462 3255 1545 3302 the
1580 3253 1709 3304 lords
1744 3255 1796 3302 of
1825 3256 1907 3304 the
1931 3257 2068 3320 kings
2091 3260 2287 3316 council,
2323 3279 2376 3311 as
2410 3266 2456 3313 in

532 3343 616 3391 the
638 3342 790 3391 hands
813 3343 867 3390 of
894 3343 967 3391 his
991 3344 1206 3407 majesty,
1230 3347 1400 3407 patron
1425 3343 1624 3399 thereos,
1648 3343 1730 3392 the
1755 3344 1856 3393 said
1882 3346 2157 3411 chaplainry
2181 3350 2234 3397 of
2263 3351 2455 3404 Caldem
