3016 3958
283 1529 484 1571 CCVIII.

504 634 615 691 260
1013 635 1327 691 CARTAE
1380 634 1482 689 DE
1521 629 1924 688 EOCLESIIS

506 814 664 856 eisdem
685 814 906 857 monachis
926 814 1170 871 capellanos
1192 827 1293 856 suos
1323 813 1368 854 in
1398 811 1559 853 eisdem
1589 809 1783 852 ecclesiis
1804 810 2084 859 constituere,
2109 807 2247 851 saluis
2268 808 2433 864 episco-

507 893 676 948 palibus
712 926 721 936 .
758 894 960 936 Testibus
996 893 1186 935 Roberto
1228 892 1363 934 electo
1405 890 1628 940 Rossensi,
1668 888 1887 945 Gwydone
1928 888 2086 931 abbate
2127 888 2180 930 de
2221 887 2435 938 Lundors‚

507 972 730 1015 Willelmo
764 973 918 1015 abbate
953 972 1005 1014 de
1043 972 1192 1022 Scone,
1231 970 1455 1013 Willelmo
1491 969 1544 1011 de
1581 969 1752 1012 Boscho
1788 968 2047 1011 cancellario
2084 968 2247 1011 domini
2288 968 2436 1024 Regis,

508 1053 714 1108 Gregorio
735 1052 1031 1095 archidiacono
1052 1056 1214 1102 nostro,
1238 1049 1481 1106 Mallebryd
1511 1048 1662 1091 Priore
1694 1048 1988 1090 Keledeorum
2010 1051 2274 1097 nostrorum,
2299 1046 2434 1090 Alex-

507 1132 642 1174 andro
663 1132 715 1174 de
737 1132 922 1174 Mohaut
941 1131 1095 1174 clerico
1116 1134 1280 1181 nostro,
1305 1129 1521 1186 Magistro
1545 1128 1732 1185 Symone
1763 1128 1815 1170 de
1849 1127 2010 1171 Sancto
2032 1127 2230 1173 Andrea,
2247 1126 2440 1170 Roberto

511 1211 733 1268 capellano
754 1215 917 1261 nostro,
938 1214 983 1253 et
1002 1214 1096 1253 toto
1118 1209 1306 1267 capitulo
1335 1211 1484 1251 nostro
1516 1240 1525 1250 .
1576 1210 1629 1263 (e.
1660 1207 1802 1262 1218.)

511 1385 644 1427 Carta
664 1384 880 1440 Radulphi
901 1384 1090 1441 episcopi
1111 1383 1417 1426 Brechinensis
1437 1382 1490 1424 de
1510 1381 1893 1439 procuracionibus
1921 1381 2131 1424 faciendis
2182 1411 2192 1424 .

511 1517 754 1574 Uniuersis
785 1533 931 1574 sancte
961 1530 1115 1573 matris
1145 1530 1323 1572 ecclesie
1353 1529 1455 1572 filiis
1484 1533 1575 1572 tam
1606 1527 1882 1585 presentibus
1915 1541 2046 1584 quam
2078 1526 2239 1570 futuris
2273 1526 2326 1570 R.
2359 1525 2442 1568 Dei

510 1611 655 1666 gratia
684 1610 998 1666 Brechynensis
1028 1610 1254 1666 episcopus
1285 1608 1471 1652 salutem
1501 1608 1546 1650 in
1578 1607 1735 1651 salutis
1767 1610 1945 1650 auctore
1976 1637 1985 1649 .
2021 1606 2331 1649 Conuenerunt
2361 1620 2442 1649 nos

509 1690 643 1731 abbas
662 1692 707 1730 et
727 1689 924 1730 monachi
947 1688 1094 1731 Sancti
1117 1689 1280 1730 Thome
1311 1687 1503 1730 martiris
1532 1688 1584 1730 de
1616 1688 1930 1737 Aberbrothoc,
1953 1687 2232 1730 ostendentes
2252 1686 2367 1743 quod
2386 1685 2442 1728 ad

510 1768 717 1823 quasdam
761 1767 965 1810 ecclesias
1014 1783 1162 1810 eorum
1207 1768 1373 1810 scilicet
1415 1767 1642 1810 ecclesiam
1691 1768 1744 1809 de
1794 1767 2093 1824 Maringtona,
2126 1766 2354 1809 ecclesiam
2389 1765 2442 1807 de

511 1847 715 1903 Guthery‚
737 1847 962 1890 ecclesiam
991 1848 1043 1889 de
1071 1848 1288 1904 Panbryd,
1311 1847 1534 1890 ecclesiam
1555 1847 1608 1890 de
1632 1847 1853 1903 Monieky,
1876 1846 2102 1889 ecclesiam
2123 1846 2177 1888 de
2210 1845 2445 1888 Dunnech-

508 1932 583 1983 tyn
606 1927 714 1969 sitas
734 1926 779 1968 in
799 1926 958 1969 diocesi
979 1930 1144 1977 nostra,
1168 1927 1292 1969 nobis
1313 1941 1446 1969 causa
1465 1927 1737 1970 visitacionis
1758 1927 2047 1977 venientibus,
2070 1927 2116 1968 in
2135 1926 2446 1983 procuracione

510 2012 660 2050 nostra
688 2007 896 2058 facienda,
916 2010 1006 2049 tam
1036 2008 1218 2049 honeste
1249 2011 1298 2049 vt
1326 2007 1499 2050 deceret
1529 2007 1694 2050 seruire
1725 2022 1812 2050 non
1843 2010 2038 2064 possent,
2059 2021 2156 2049 cum
2176 2009 2355 2062 propter
2374 2006 2449 2049 do-

511 2100 677 2128 morum
711 2086 948 2142 penuriam,
981 2090 1073 2129 tum
1103 2090 1282 2143 propter
1311 2086 1420 2129 alias
1455 2101 1565 2142 quas
1586 2087 1872 2144 assignabant
1891 2087 2084 2146 ratio-nes
2115 2116 2126 2129 .
2158 2085 2448 2128 Postulabant

511 2165 644 2221 igitur
673 2179 700 2207 a
729 2165 852 2207 nobis
882 2169 930 2208 vt
957 2166 1248 2221 predictarum
1277 2166 1558 2208 ecclesiarum
1587 2167 1920 2222 procuraciones
1941 2166 2005 2208 eis
2025 2165 2360 2216 remitteremus,
2384 2166 2448 2209 ita

512 2250 559 2288 vt
590 2259 685 2287 cum
720 2246 774 2287 ad
809 2245 998 2302 aliquam
1030 2246 1203 2288 illarum
1238 2246 1501 2289 visitandam
1531 2246 1862 2297 accederemus3
1894 2246 2017 2289 nulla
2047 2247 2108 2289 ibi
2138 2246 2446 2303 procuracione

512 2329 675 2375 exacta,
715 2326 768 2367 ad
807 2325 980 2368 domum
1015 2340 1137 2368 suam
1173 2326 1226 2368 de
1264 2326 1566 2368 Aberbrothoc
1600 2326 1956 2382 procuracionem
1990 2329 2190 2368 nostram
2225 2326 2445 2382 accepturi

512 2405 769 2454 veniremus,
791 2419 885 2446 cum
906 2419 1038 2461 quare
1059 2406 1111 2447 de
1132 2405 1314 2461 prefatis
1335 2405 1543 2456 ecclesiis,
1566 2409 1666 2461 post
1687 2405 1909 2462 expletum
1929 2405 2218 2448 ministerium
2248 2409 2448 2448 nostrum

513 2486 566 2527 ad
586 2485 806 2527 abbaciam
826 2499 959 2541 prope
980 2499 1110 2541 quam
1132 2485 1214 2528 site
1235 2489 1352 2536 sunt,
1377 2485 1469 2527 sine
1497 2485 1615 2527 omni
1634 2485 1889 2528 difficultate
1909 2488 2082 2541 pateret
2101 2485 2332 2536 accessius,
2355 2489 2449 2528 tum

514 2579 644 2620 quare
675 2565 734 2607 ibi
763 2569 942 2621 possent
970 2565 1095 2608 nobis
1125 2566 1300 2608 vberius
1330 2569 1376 2608 et
1404 2565 1634 2608 honestius
1662 2564 1708 2606 in
1742 2564 2050 2620 procuracione
2080 2569 2233 2607 nostra
2252 2564 2451 2607 facienda

516 2645 677 2686 seruire
708 2676 717 2686 .
749 2643 844 2687 Nos
863 2644 1008 2700 itaque
1029 2645 1219 2701 predicte
1240 2645 1393 2688 domus
1414 2645 1467 2686 de
1488 2644 1789 2687 Aberbrothoc
1810 2658 1940 2700 quam
1961 2644 2131 2687 sincera
2150 2645 2333 2687 caritate
2353 2644 2450 2686 dili-

517 2724 658 2779 gimus
677 2723 855 2766 vtilitati
875 2728 920 2766 et
939 2725 1092 2767 honori
1111 2725 1250 2767 modis
1272 2725 1471 2768 omnibus
1492 2724 1721 2781 prouidere
1748 2723 1972 2780 cupientes
1992 2723 2141 2767 abbati
2161 2727 2206 2766 et
2225 2725 2449 2767 monachis

519 2803 707 2845 eiusdem
742 2803 825 2845 loci
859 2804 1050 2846 omnium
1083 2804 1360 2847 ecclesiarum
1395 2803 1795 2860 prenominatarum
1826 2803 2150 2859 procuracionis
2179 2803 2449 2846 exactionem

520 2895 652 2937 penes
682 2881 852 2923 easdem
883 2882 1099 2933 ecclesias,
1132 2884 1446 2926 communicato
1477 2883 1658 2925 consilio
1688 2882 1942 2925 clericorum
1973 2885 2222 2925 nostrorum
2251 2883 2449 2925 caritatis

521 2960 681 3002 intuitu
722 2960 892 3002 omnino
926 2961 1170 3005 remisimus
1202 2963 1266 3005 ita
1301 2966 1350 3005 vt
1385 2962 1620 3005 earundem
1655 2961 1935 3004 ecclesiarum
1969 2962 2301 3018 procuraciones
2334 2963 2449 3018 apud

522 3039 817 3081 Aberbrothoc
837 3040 959 3081 nobis
979 3041 1210 3084 honorifice
1231 3042 1518 3084 exhibeantur
1547 3073 1558 3084 .
1589 3040 1655 3083 Vt
1674 3044 1821 3083 autem
1841 3041 1920 3082 hec
1940 3041 2160 3083 concessio
2179 3046 2332 3084 nostra
2351 3046 2450 3085 rata

522 3123 566 3160 et
585 3118 837 3159 inconcussa
856 3117 1011 3161 futuris
1032 3122 1296 3184 temporibus
1312 3121 1553 3170 habeatur3
1574 3134 1671 3162 eam
1691 3120 1773 3161 hac
1794 3123 1916 3162 carta
1931 3123 2084 3162 nostra
2099 3121 2449 3164 confirmauimus

523 3201 567 3239 et
587 3195 719 3252 sigilli
748 3196 883 3238 nostri
903 3199 1173 3253 apposicione
1194 3201 1448 3242 roboramus
1481 3231 1491 3241 .
1522 3198 1727 3242 Testibus
1748 3198 1957 3255 Gregorio
1978 3199 2294 3250 archidiacono,
2316 3200 2448 3242 Will-

523 3276 634 3319 elmo
653 3275 889 3332 capellano,
913 3278 1086 3321 Audi-ea
1115 3280 1337 3337 capellano
1366 3280 1419 3322 de
1450 3279 1650 3330 Brechin,
1672 3279 1853 3322 Matheo
1874 3279 2050 3330 decano,
2072 3279 2202 3322 Petro
2223 3280 2446 3336 capellano
