3016 3958
1139 622 1431 679 GARTAE
1475 621 1976 694 ORIGINALES.
2431 618 2539 676 137

586 823 790 857 annuum
817 812 1051 860 redditum
1078 814 1328 862 tresdecim
1355 814 1610 863 solidorum
1644 818 1693 861 et
1729 817 1932 877 quatuor
1957 811 2254 860 denariorum
2279 809 2537 873 capellanis

587 897 716 944 chori
757 899 974 949 ecclesie
995 903 1283 952 cathedralis
1321 903 1657 952 Brechinensis
1693 904 1753 950 ad
1793 902 2126 950 celebrandum
2165 900 2416 964 obsequias
2450 915 2536 962 pro

585 986 738 1035 salute
763 988 1026 1038 animarum
1050 1007 1238 1040 suarum
1265 993 1510 1042 annuatim
1534 987 1804 1041 leuandum
1823 1009 1910 1056 per
1943 990 2215 1055 capellanos
2250 990 2366 1038 dicti
2403 989 2534 1036 chori

584 1076 929 1141 imperpetuum
985 1108 995 1118 ·
1050 1081 1157 1136 Qua
1198 1083 1515 1146 resignatione
1562 1083 1632 1131 sic
1668 1083 1800 1131 facta
1835 1082 1971 1129 Idem
2013 1080 2218 1128 balliuus
2254 1107 2267 1118 -
2306 1108 2316 1117 ·
2357 1107 2366 1116 ·
2403 1079 2537 1126 saisi-

583 1182 691 1213 nam
731 1196 740 1205 ·
781 1196 790 1205 ·
831 1197 840 1206 ·
878 1169 993 1217 dicti
1018 1173 1279 1220 tenementi
1306 1172 1506 1220 Valtero
1532 1171 1721 1220 Tindell
1745 1188 1830 1236 per
1863 1175 1991 1220 terre
2026 1174 2076 1218 et
2111 1169 2284 1234 lapidis
2318 1169 2537 1217 traditio-

583 1271 690 1303 nem
730 1286 740 1294 ›
781 1286 790 1295 ·
831 1287 840 1296 ·
877 1259 1167 1308 ministrauit
1207 1289 1216 1298 ·
1256 1289 1266 1298 ·
1305 1289 1315 1299 ·
1357 1262 1626 1310 Reseruato
1678 1265 1841 1309 tamen
1889 1260 2040 1308 libero
2091 1263 2366 1308 tenemento
2419 1259 2536 1306 dicti

582 1348 842 1395 tenementi
874 1349 1072 1411 prefatis
1094 1350 1128 1396 J
1132 1349 1306 1398 ohanni
1345 1354 1394 1398 et
1430 1350 1464 1397 J
1468 1353 1609 1398 onete
1648 1354 1697 1398 et
1734 1366 1828 1397 uno
1862 1365 2019 1397 annuo
2054 1349 2244 1397 redditu
2280 1348 2533 1396 tresdecim

582 1434 837 1484 solidorum
879 1440 928 1485 et
968 1441 1175 1501 quatuor
1215 1439 1516 1487 denariorum
1559 1438 1820 1503 capellanis
1860 1438 2090 1503 predictis
2130 1442 2184 1487 ut
2225 1438 2487 1502 predicitur
2525 1467 2534 1475 ·

582 1524 737 1588 Super
760 1525 928 1589 quibus
966 1555 976 1564 ·
1016 1556 1026 1565 ·
1065 1556 1075 1565 ·
1112 1528 1286 1591 prefati
1319 1529 1568 1578 ‚Iohannes
1603 1533 1652 1576 et
1686 1529 1869 1577 Joneta
1902 1545 1932 1576 a
1967 1545 2043 1575 me
2071 1527 2258 1576 notario
2297 1556 2308 1565 ·
2346 1555 2357 1566 ·
2395 1554 2407 1564 ·
2443 1527 2532 1575 sibi

579 1614 679 1666 fieri
721 1615 961 1678 petierunt
1003 1616 1319 1666 instrumenta
1357 1646 1366 1655 -
1406 1646 1416 1655 ·
1457 1646 1465 1655 ·
1505 1619 1632 1666 Acta
1679 1623 1816 1666 erant
1857 1618 1946 1665 heo
1989 1633 2131 1681 super
2169 1617 2368 1665 fundum
2416 1617 2532 1664 dicti

579 1705 840 1752 tenementi
879 1733 889 1743 ·
930 1734 939 1743 -
980 1734 989 1743 ·
1025 1722 1149 1754 anno
1189 1735 1198 1744 ·
1240 1735 1249 1745 ·
1290 1735 1300 1744 ·
1338 1707 1508 1771 quibus
1542 1723 1686 1772 supra
1723 1735 1733 1745 ·
1769 1707 2076 1756 Presentibus
2106 1707 2283 1755 ibidem
2306 1707 2340 1754 ‚J
2345 1707 2530 1755 ohanne

579 1794 840 1858 Dempstar
863 1795 921 1842 de
947 1795 1230 1844 Ouchterles
1251 1796 1496 1844 Willelmo
1522 1795 1769 1845 Thowless
1793 1797 1852 1845 de
1872 1796 2157 1846 Conansitht
2180 1796 2215 1844 J
2218 1796 2403 1844 ohanne
2428 1795 2529 1843 An-

578 1885 732 1931 nande
757 1888 807 1932 et
832 1885 1021 1932 domino
1047 1884 1324 1934 Alexandro
1349 1886 1461 1949 Hog
1483 1885 1732 1950 capellano
1755 1901 1861 1934 cum
1889 1886 2092 1934 diuersis
2114 1885 2223 1934 aliis
2258 1913 2268 1924 -
2308 1914 2318 1924 ·
2358 1914 2368 1924 ·

646 1973 712 2021 Et
738 1974 841 2037 Ego
866 1974 1093 2023 Valterus
1119 1974 1262 2023 Clerk
1287 1976 1521 2039 presbiter
1546 1975 1883 2024 Brechinensis
1910 2005 1919 2013 -
1948 2004 1958 2013 ·
1986 2003 1998 2014 ·
2022 1975 2237 2023 notarius
2261 1975 2387 2030 Quia
2414 2004 2423 2014 ·
2452 2003 2462 2013 ·
2492 2005 2501 2013 ·

571 2177 718 2224 Carta
742 2176 921 2225 domini
946 2177 1182 2240 Nicholaij
1207 2178 1242 2225 J
1245 2178 1425 2228 honson
1452 2182 1542 2227 eto.

284 2301 852 2384 LXXVII-Omnibus
886 2337 1009 2384 hanc
1046 2336 1237 2384 Cartam
1276 2336 1454 2384 visuris.
1479 2335 1554 2383 vel
1589 2335 1823 2383 audituris
1859 2335 2093 2384 Dominus
2119 2335 2410 2398 Nicholayus
2432 2336 2466 2382 J
2470 2351 2520 2383 o-

563 2424 734 2473 hannis
769 2424 1043 2489 capellanus
1077 2429 1335 2489 perpetuus
1369 2424 1536 2473 altaris
1573 2425 1749 2472 Sancte
1789 2423 1956 2472 Crucis
1992 2424 2115 2472 infra
2153 2424 2401 2473 ecclesiam
2438 2440 2516 2472 ca-

563 2513 830 2561 thedralem
884 2514 1254 2563 Brechinensem
1304 2514 1471 2562 situati
1520 2513 1735 2561 Salutem
1774 2542 1784 2551 ·
1825 2542 1835 2551 ·
1877 2541 1887 2551 ·
1926 2513 2172 2562 Noueritis
2212 2529 2286 2560 me
2321 2515 2382 2561 ad
2417 2513 2519 2561 lau-

565 2603 671 2650 dem
696 2607 745 2650 et
768 2602 964 2666 gloriam
985 2602 1324 2667 omnipotentis
1348 2602 1444 2650 Dei
1468 2607 1726 2666 sancteque
1747 2603 2000 2651 Trinitatis
2023 2603 2296 2652 beatissime
2320 2604 2512 2666 virginis

566 2692 720 2740 Marie
757 2693 925 2741 matris
962 2692 1171 2741 eiusdem
1210 2707 1268 2740 ac
1304 2692 1445 2739 beate
1484 2691 1639 2739 Marie
1667 2691 1951 2754 Magdalene
1990 2697 2039 2740 et
2078 2693 2284 2740 omnium
2321 2693 2512 2742 celestis

563 2782 691 2830 curie
730 2786 1000 2830 sanctorum
1041 2811 1050 2819 -
1092 2809 1102 2819 ·
1142 2810 1151 2819 ·
1190 2782 1377 2830 dedisse
1417 2782 1478 2828 ad
1517 2797 1708 2828 manum
1733 2785 1968 2829 mortuam
2004 2786 2145 2845 prout
2183 2783 2231 2829 in
2267 2783 2512 2831 confirm&

562 2871 691 2918 tione
741 2871 933 2934 Georgii
984 2870 1193 2919 Stewart
1243 2870 1464 2933 Magistri
1512 2869 1782 2934 Hospitalis
1827 2870 1967 2918 beate
2014 2870 2206 2933 virginis
2255 2871 2409 2918 Mario
2451 2873 2509 2919 de

564 2961 846 3024 Masyndew
881 2961 1004 3008 infra
1039 2960 1301 3008 Ciuitatem
1331 2959 1699 3008 Brechinensem
1734 2958 1921 3023 plenius
1955 2960 2228 3008 continetur
2252 2961 2360 3008 Deo
2398 2990 2407 2999 ·
2448 2990 2458 2998 -
2498 2990 2508 2999 ·

562 3054 610 3096 et
649 3077 659 3086 ·
698 3078 707 3086 ·
748 3078 757 3087 ·
794 3049 1080 3113 supradictis
1114 3065 1171 3096 ac
1208 3048 1479 3112 Capellanis
1504 3048 1849 3096 Canonicorum
1885 3054 1935 3097 et
1970 3049 2212 3113 perpetuis
2237 3049 2508 3113 Capellanis

561 3139 691 3186 chori
734 3138 932 3187 ecclesie
985 3137 1272 3187 cathedralis
1325 3137 1661 3186 Brechinensis
1713 3165 1722 3175 ·
1757 3166 1772 3175 -·
1813 3166 1822 3175 ·
1873 3154 1959 3202 pro
1997 3138 2151 3186 salute
2198 3138 2353 3186 anime
2404 3155 2506 3186 mee

561 3232 610 3275 et
659 3228 920 3275 animarum
963 3227 1115 3291 patris
1160 3227 1253 3275 mei
1291 3230 1340 3274 et
1376 3226 1544 3274 matris
1585 3243 1689 3274 mee
1726 3231 1775 3274 et
1831 3255 1842 3265 ·
1895 3256 1906 3265 -
1958 3255 1970 3266 ·
2024 3228 2073 3275 in
2109 3244 2274 3292 puram
2313 3234 2361 3276 et
2403 3246 2508 3292 per-

560 3320 747 3379 petuam
776 3316 1077 3365 elemosinam
1105 3333 1242 3364 vnam
1278 3331 1487 3363 marcam
1525 3316 1667 3363 annui
1706 3317 1920 3365 redditus
1955 3317 2133 3366 vsualis
2165 3323 2354 3366 monete
2378 3320 2508 3382 regni

1521 3421 1542 3451 s
