3016 3958
273 2964 504 3021 cccclv.

1001 616 1318 673 GARTAE
1357 615 1989 674 MISCELLANEAE.
2355 618 2463 672 381

520 797 757 853 dampnum
779 800 824 840 et
845 811 1084 853 grauamen
1102 813 1113 847 3
1145 798 1285 848 vobis,
1307 801 1353 840 et
1373 797 1602 853 vnicuique
1623 802 1818 840 vestrum
1848 796 2110 854 precipimus
2142 800 2188 839 et
2217 797 2474 839 mandamus

523 877 745 933 quatinus,
769 892 866 919 cum
887 892 965 933 per
984 877 1168 934 predicti
1188 878 1316 934 burgi
1337 878 1478 921 nostri
1501 878 1742 934 burgenses
1763 877 1936 919 fueritis
1957 876 2158 932 requisiti
2187 875 2257 918 vel
2288 876 2475 918 necessi—

524 961 661 1000 tatem
681 957 878 1000 videritis
909 958 1112 1008 eminere,
1136 958 1253 1000 dicta
1282 957 1380 1000 loca
1406 957 1698 1014 personaliter
1717 956 1900 1007 adeatis,
1931 961 1977 999 et
2005 956 2165 999 ibidem
2186 955 2357 1013 publice
2378 970 2476 1011 pro-

522 1037 704 1080 clamari
738 1038 926 1087 faciatis,
963 1052 1017 1079 ex
1053 1042 1179 1093 parte
1210 1041 1365 1080 nostra
1394 1038 1578 1080 firmiter
1609 1038 1872 1087 inhibentes,
1904 1037 2059 1092 nequis
2096 1036 2149 1078 de
2185 1039 2330 1079 cetero
2361 1036 2476 1091 apud

523 1113 764 1174 Brechyne‚
788 1118 840 1160 de
862 1118 977 1168 lana,
1001 1118 1145 1168 coriis,
1168 1122 1247 1160 aut
1271 1117 1459 1174 pellibus
1480 1117 1656 1168 lanatis,
1680 1121 1759 1159 aut
1778 1117 1894 1172 apud
1926 1116 2172 1165 Fordoune‚
2193 1115 2264 1158 vel
2294 1116 2340 1156 in
2371 1130 2477 1170 quo·

524 1213 691 1254 cunque
712 1198 799 1240 alio
820 1198 915 1240 loco
936 1197 1052 1240 infra
1071 1201 1213 1240 metas
1244 1201 1289 1239 et
1319 1197 1488 1239 bundas
1508 1197 1614 1239 dicti
1635 1197 1763 1252 burgi
1795 1198 1936 1239 nostri
1966 1197 2020 1237 de
2054 1196 2238 1238 Monros
2270 1210 2348 1252 per
2377 1210 2476 1251 pre-

521 1279 773 1320 decessores
794 1280 970 1319 nostros
991 1276 1136 1332 Reges
1160 1276 1304 1319 Scotie
1325 1290 1556 1319 concessas
1577 1280 1623 1318 et
1642 1275 1870 1325 limitatas,
1903 1276 1956 1317 de
1988 1275 2318 1331 quibuscunque
2344 1275 2474 1316 rebus

521 1357 763 1406 venalibus,
801 1357 927 1398 nobis
957 1370 1163 1411 magnam
1197 1356 1264 1397 vel
1294 1370 1479 1411 paruam
1512 1359 1757 1398 custumam
1788 1356 2061 1406 debentibus,
2094 1356 2190 1397 fora
2226 1354 2478 1410 aliqualiter

522 1441 686 1487 teneat,
708 1437 872 1485 foueat,
893 1439 972 1478 aut
991 1439 1207 1486 exerceat,
1231 1436 1300 1477 vel
1321 1435 1426 1478 illuc
1447 1436 1661 1492 premissa
1693 1436 1875 1478 emendo
1906 1436 1977 1477 vel
2009 1435 2234 1478 vendendo
2255 1449 2477 1477 accessum

522 1518 685 1559 habeat
716 1549 726 1559 .
758 1516 819 1558 Et
840 1517 875 1558 si
896 1515 1010 1558 forte
1031 1514 1180 1570 aliqua
1210 1516 1426 1571 premissa
1455 1516 1501 1557 in
1530 1515 1659 1558 dictis
1683 1515 1792 1558 locis
1824 1516 1870 1557 in
1902 1521 2035 1558 antea
2054 1516 2253 1557 inuenire
2278 1516 2478 1572 poteritis

522 1597 708 1647 venalia,
731 1596 809 1638 illa
838 1597 967 1645 bona,
999 1599 1210 1651 tanquam
1240 1599 1475 1645 escaetam,
1504 1599 1723 1637 arrestare
1756 1599 1802 1638 et
1831 1596 2054 1637 obseruari
2087 1595 2274 1645 faciatis,
2297 1595 2342 1636 in
2371 1609 2478 1637 usus

523 1681 699 1720 nostros
744 1677 920 1732 penitus
965 1675 1275 1725 conuertenda,
1322 1678 1367 1717 et
1412 1675 1577 1730 absque
1623 1675 1937 1731 replegiatione
1986 1675 2133 1730 aliqua
2177 1675 2435 1731 applicanda
2468 1706 2478 1716 .

523 1757 734 1799 Ementes
769 1756 1019 1798 huiusmodi
1041 1758 1087 1798 et
1106 1755 1361 1804 vendentes,
1395 1758 1441 1797 et
1469 1755 1776 1811 prenominata
1796 1756 1893 1797 fora
1913 1755 2066 1797 illicita
2086 1756 2287 1798 fouentes
2309 1757 2481 1798 attach·

523 1838 624 1880 ietis
659 1837 715 1880 ad
755 1836 1048 1891 calumpniam
1081 1840 1277 1878 nostram
1318 1835 1609 1890 personaliter
1649 1840 1938 1891 responsuros
1972 1870 1980 1878 .
2014 1835 2259 1877 Baronibus
2301 1836 2480 1892 insuper

524 1918 689 1960 nostris
719 1916 1107 1959 liberetenentibus
1129 1919 1174 1957 et
1194 1915 1411 1957 vniuersis
1442 1919 1487 1957 et
1518 1915 1703 1970 singulis
1736 1915 1983 1959 hominibus
2015 1915 2178 1957 nostris
2209 1916 2395 1958 firmiter
2414 1917 2478 1957 in—

525 1998 739 2046 hibemus,
778 1996 932 2052 nequis
963 1995 1080 2037 dicta
1110 1995 1220 2044 fora,
1254 2008 1331 2036 seu
1361 1994 1510 2050 aliqua
1541 1994 1629 2036 alia
1658 1995 1908 2037 huiusmodi
1938 1995 2105 2045 illicita,
2138 1977 2301 2046 foueat,
2334 1996 2478 2045 adeat,

526 2083 605 2121 aut
625 2077 820 2126 consilio,
851 2076 921 2119 vel
951 2075 1129 2126 auxilio,
1164 2075 1276 2117 clam
1304 2075 1375 2116 vel
1403 2075 1564 2131 palam,
1589 2075 1839 2130 aliqualiter
1867 2079 2164 2126 manutenere,
2188 2075 2258 2118 vel
2279 2090 2478 2118 exercere

526 2162 766 2214 presumat,
790 2160 943 2198 contra
962 2159 1209 2212 presentem
1240 2154 1547 2196 inhibicionem
1579 2158 1788 2204 nostram,
1814 2156 1894 2196 sub
1914 2169 2027 2211 pena
2054 2155 2245 2196 omnium
2269 2170 2352 2210 que
2374 2170 2481 2212 erga

526 2253 607 2281 nos
643 2236 812 2294 am[itti
843 2236 1068 2292 p]0terunt
1109 2248 1281 2290 quoquo
1318 2234 1445 2275 modo
1479 2266 1487 2275 .
1523 2233 1582 2275 Et
1617 2234 1696 2275 hec
1737 2234 1782 2275 in
1817 2234 1902 2275 fide
1938 2237 1984 2275 et
2022 2234 2234 2276 fidelitate
2276 2234 2475 2292 [quibus]

528 2319 653 2361 nobis
673 2317 882 2360 tenemini
914 2319 957 2359 et
986 2319 1194 2358 tenentur
1230 2314 1350 2356 nullo
1382 2314 1509 2355 modo
1542 2313 1772 2364 omittatis,
1805 2328 1885 2355 nec
1917 2314 2124 2356 omittant
2157 2346 2166 2355 .
2199 2314 2250 2356 In
2274 2316 2398 2356 cuius
2418 2316 2481 2356 rei

528 2398 830 2442 testimonium
850 2395 1128 2453 presentibus
1149 2394 1289 2436 literis
1318 2393 1496 2438 nostris,
1526 2407 1661 2457 penes
1693 2393 1910 2448 predictos
1931 2394 2173 2449 burgenses
2194 2398 2369 2436 nostros
2385 2409 2482 2450 per-

528 2482 660 2535 petuo
700 2476 983 2525 remansuris,
1017 2475 1177 2531 apponi
1214 2473 1487 2530 precepimus
1525 2473 1716 2529 sigillum
1754 2477 1952 2516 nostrum
1985 2506 1994 2516 .
2028 2474 2157 2530 Apud
2197 2474 2380 2517 Sconam
2423 2475 2481 2517 v‘0

528 2560 599 2601 die
621 2558 777 2600 Marcii
800 2571 914 2598 anno
937 2555 1061 2611 regni
1083 2556 1223 2596 nostri
1245 2553 1449 2596 vicesimo
1472 2553 1606 2595 tercio
1639 2585 1648 2594 .

531 2799 667 2842 Carta
693 2798 862 2840 Thome
888 2796 1075 2852 Scheuyl
1096 2795 1148 2837 de
1172 2794 1371 2851 Brechyn
1405 2823 1414 2836 .

530 2951 755 3004 Omnibus
789 2990 799 3000 .
833 2991 842 3001 .
875 2989 886 3000 .
919 2957 1063 3000 Dauid
1093 2957 1146 2999 de
1177 2956 1362 3012 Berclay
1393 2955 1518 2997 miles
1539 2955 1740 2997 dominus
1771 2954 1823 2996 de
1857 2954 2077 3010 Brechtyn
2110 2986 2119 2998 .
2152 2983 2162 2998 .
2196 2987 2205 2997 .
2241 2955 2436 2999 Salutem
2470 2990 2479 2999 .

536 3042 686 3086 Sciant
704 3042 931 3096 presentes
963 3042 1007 3080 et
1037 3037 1174 3079 futuri
1195 3050 1263 3078 me
1284 3035 1456 3077 dedisse
1489 3067 1499 3077 .
1533 3067 1542 3076 .
1577 3064 1586 3077 .
1619 3033 1787 3077 Thome
1812 3034 1928 3077 dicto
1957 3034 2144 3091 Seheuyl
2175 3036 2229 3077 de
2262 3036 2480 3093 Brechtyn

529 3135 661 3164 unam
682 3119 939 3176 perticatam
960 3121 1076 3159 terre
1097 3131 1191 3159 mee
1212 3116 1425 3158 iacentem
1445 3115 1491 3156 in
1511 3114 1616 3156 villa
1646 3114 1699 3156 de
1729 3114 1949 3170 Brechtyn
1981 3129 2033 3156 ex
2066 3115 2322 3158 occidentali
2344 3117 2480 3159 latere

531 3201 724 3243 eiusdem
756 3199 859 3241 uille
886 3199 1003 3240 inter
1032 3201 1195 3239 terram
1227 3195 1255 3237 J
1259 3195 1414 3237 oannis
1443 3193 1568 3249 Lang
1586 3208 1651 3237 ‚ex
1685 3208 1774 3235 una
1805 3198 1930 3249 parte
1962 3194 2017 3236 ad
2047 3199 2259 3246 austrum,
2292 3200 2337 3238 et
2368 3211 2483 3239 com—

531 3294 705 3322 munem
725 3279 840 3321 viam
861 3291 916 3319 ex
935 3276 1076 3319 altera
1096 3280 1220 3331 parte
1248 3275 1303 3316 ad
1331 3274 1520 3323 boream,
1544 3278 1589 3316 et
1610 3287 1740 3315 vnam
1761 3287 1907 3315 acram
1928 3278 2044 3316 terre
2067 3275 2246 3318 arabilis
2266 3276 2480 3318 iacentem

532 3375 584 3402 ex
607 3357 862 3402 occidentali
885 3359 1008 3412 parte
1030 3354 1132 3397 ville
1154 3355 1206 3396 de
1230 3354 1448 3409 Brechtyn
1469 3354 1514 3395 in
1546 3353 1638 3396 solo
1660 3367 1756 3395 meo
1778 3353 1892 3395 inter
1914 3357 2076 3396 terram
2099 3369 2238 3398 meam
2260 3356 2478 3412 propriam
