3016 3958
526 635 634 711 126
1110 655 1402 710 OARTAE
1447 654 1951 710 ORIGINALES.

535 847 793 895 exhibitori
817 862 901 894 seu
936 846 1078 894 latori
1111 867 1122 900 Ι
1155 847 1216 894 ad
1252 846 1459 909 ipsorum
1497 861 1582 894 seu
1617 845 1872 894 cuiuslibet
1908 862 2070 894 eorum
2106 846 2399 896 voluntatem
2429 853 2478 896 et

539 935 802 1000 simplicem
828 935 1184 999 requisitionem
1218 959 1229 992 s
1261 935 1440 998 absque
1478 933 1639 998 aliqua
1678 934 1773 982 alia
1810 951 1944 983 mora
1982 935 2210 984 dilatione
2251 953 2334 986 seu
2375 954 2480 1002 pro-

536 1025 827 1091 trac[ti0ne]
863 1046 903 1080 lt
936 1024 1034 1073 Sub
1059 1024 1347 1087 obligatione
1372 1028 1420 1072 et
1444 1024 1682 1088 ypotheca
1706 1023 1917 1072 omnium
1942 1029 1992 1073 et
2015 1025 2302 1088 singulorum
2339 1027 2483 1076 bono·

538 1131 640 1162 rum
659 1130 850 1164 suorum
883 1138 894 1170 s
925 1114 1168 1162 mobilium
1194 1118 1243 1162 et
1268 1113 1577 1162 immobilium
1612 1139 1623 1168 Ι
1649 1114 1940 1178 presentium
1965 1118 2015 1163 et
2038 1114 2304 1163 futurorum
2337 1140 2348 1172 s
2382 1116 2483 1163 ubi-

542 1219 726 1267 cunque
750 1203 1013 1252 consistant
1037 1207 1087 1251 et
1111 1207 1335 1267 poterunt
1360 1203 1556 1267 reperiri
1589 1228 1600 1260 s
1631 1206 1729 1250 tam
1756 1202 1882 1251 ultra
1905 1220 2035 1252 mare
2058 1208 2108 1252 et
2131 1209 2318 1254 montes
2341 1222 2482 1269 quam

542 1294 687 1341 etiam
706 1293 828 1340 citra
859 1314 871 1347 s
890 1316 901 1347 Ι
935 1292 1000 1340 Et
1020 1291 1232 1356 qualibet
1251 1292 1346 1340 alia
1363 1292 1484 1354 juris
1503 1296 1552 1340 et
1571 1293 1687 1340 facti
1711 1293 1772 1340 ad
1798 1293 1923 1340 idem
1947 1294 2215 1342 necessaria
2239 1295 2483 1342 renuncia·

540 1383 672 1431 tione
698 1382 879 1446 pariter
901 1385 950 1429 et
974 1381 1164 1429 cautela
1195 1394 1265 1428 tls
1300 1381 1366 1429 Et
1403 1381 1647 1450 predictus
1685 1382 1903 1431 dominus
1940 1382 2190 1432 Walterus
2218 1384 2320 1432 vice
2352 1400 2488 1432 versa

541 1471 760 1535 promisit
784 1471 930 1519 etiam
953 1470 1170 1534 predicto
1196 1471 1431 1535 Guaspari
1456 1471 1630 1519 ibidem
1659 1471 1869 1535 presenti
1905 1476 1954 1520 et
1990 1472 2132 1520 michi
2161 1473 2348 1521 notario
2371 1474 2488 1537 pub-

542 1561 635 1608 lico
681 1559 949 1623 subscripto
980 1582 992 1615 1
1022 1563 1250 1623 tanquam
1290 1576 1490 1623 persone
1530 1589 1540 1598 ·
1578 1561 1705 1624 (Sec)
1744 1589 1756 1598 ι
1794 1562 1932 1617 Quod
1974 1561 2014 1610 si
2061 1562 2313 1625 contigerit
2359 1563 2488 1626 ipsos

548 1648 816 1712 Philippum
841 1652 891 1696 et
915 1648 1070 1696 socios
1094 1648 1143 1695 in
1168 1649 1299 1697 dicta
1323 1650 1456 1697 curia
1483 1649 1702 1697 Romana
1725 1666 1810 1712 pro
1835 1649 2139 1713 expeditione
2167 1650 2486 1713 predictorum

545 1738 651 1802 plus
673 1739 941 1802 expendere
966 1738 1138 1786 debere
1168 1738 1312 1800 juxta
1347 1739 1465 1786 dicti
1501 1738 1790 1787 memorialis
1812 1742 2028 1787 tenorem
2061 1755 2073 1788 s
2105 1754 2247 1802 quam
2272 1739 2485 1803 predicte

545 1829 747 1875 ducente
771 1826 889 1875 libre
912 1842 1180 1889 grossorum
1205 1831 1394 1875 monete
1421 1827 1646 1875 Flandrie
1670 1843 1722 1876 se
1745 1831 1970 1892 poterunt
1990 1829 2250 1876 extendere
2283 1852 2294 1885 J
2327 1845 2487 1892 quem-

544 1917 662 1965 libet
687 1917 910 1964 ducatum
936 1920 988 1964 ut
1013 1916 1191 1964 dictum
1219 1920 1292 1965 est
1325 1933 1336 1966 t
1368 1917 1430 1964 ad
1454 1917 1687 1966 rationem
1713 1918 1771 1965 de
1807 1917 1972 1967 solidis
1994 1933 2161 1966 novem
2197 1922 2246 1966 et
2282 1919 2488 1967 denariis

547 2007 728 2054 duobus
751 2019 1017 2069 grossorum
1043 2005 1363 2068 appretiatum
1388 2007 1701 2069 expendendo
1733 2030 1745 2064 t
1776 2008 1870 2055 isto
1905 2007 1953 2054 in
1989 2022 2100 2056 casu
2134 2007 2225 2071 ipsi
2251 2008 2487 2072 Guaspari

546 2112 631 2144 suo
666 2094 741 2142 vel
775 2094 1070 2158 procuratori
1094 2094 1265 2142 factori
1302 2093 1377 2142 vel
1410 2095 1580 2143 nuntio
1612 2113 1624 2146 s
1655 2096 1717 2144 ad
1741 2095 1831 2143 hoc
1855 2096 2091 2144 sufficiens
2115 2097 2389 2145 mandatum
2413 2098 2487 2145 vel

547 2200 737 2233 causam
773 2183 968 2231 habenti
1005 2182 1239 2246 presentis
1273 2182 1450 2246 publici
1475 2183 1776 2233 instrumenti
1801 2184 2056 2232 exhibitori
2081 2185 2155 2232 vel
2178 2184 2319 2234 latori
2353 2211 2364 2239 Ι
2395 2186 2487 2235 sol-

548 2291 660 2322 uere
683 2274 873 2322 tradere
899 2277 947 2320 et
984 2272 1246 2320 deliberare
1270 2288 1408 2320 omne
1433 2272 1550 2320 illud
1573 2277 1727 2321 totum
1766 2277 1815 2321 et
1851 2274 2078 2338 quidquid
2112 2296 2122 2328 t
2155 2274 2280 2322 ultra
2303 2276 2487 2339 predic-

548 2369 648 2412 tam
696 2364 1005 2410 ducentarum
1040 2360 1267 2408 librarum
1305 2389 1316 2398 ·
1353 2361 1480 2424 (δια.)
1521 2390 1530 2399 -
1567 2377 1796 2410 summam
1830 2386 1841 2418 s
1874 2363 2142 2426 expositum
2183 2369 2232 2412 et
2279 2364 2485 2413 solutum

548 2454 639 2501 erit
674 2476 684 2508 t
703 2476 714 2508 s
748 2451 943 2499 Proviso
959 2454 1122 2510 tamen
1141 2454 1190 2498 et
1207 2450 1328 2499 bene
1346 2450 1593 2499 intellecto
1612 2452 1737 2514 quod
1762 2451 1802 2499 si
1827 2450 1943 2498 illud
1975 2479 1986 2507 s
2018 2453 2146 2515 quod
2170 2451 2276 2516 plus
2299 2455 2486 2517 exposi-

546 2548 651 2600 tum
674 2543 799 2590 foret
832 2556 843 2588 l
875 2543 1002 2588 esset
1038 2555 1314 2588 conversum
1339 2539 1387 2587 in
1411 2539 1648 2603 aliquibus
1683 2539 2075 2588 extraordinariis
2098 2542 2320 2605 expensis
2351 2571 2362 2600 Ι
2394 2560 2485 2607 que

545 2631 786 2695 predictus
823 2628 1040 2677 dominus
1079 2627 1324 2677 Walterus
1360 2644 1455 2676 non
1491 2628 1713 2692 intelligit
1749 2645 1800 2676 se
1835 2629 1883 2676 in
1919 2628 2014 2678 illis
2047 2634 2212 2690 tenore
2237 2635 2287 2680 et
2309 2631 2486 2696 obliga-

551 2722 680 2768 tione
703 2718 823 2766 velle
855 2742 866 2774 s
898 2718 989 2766 nisi
1023 2718 1072 2764 in
1107 2732 1221 2766 casu
1245 2717 1549 2767 necessitatis
1574 2718 1952 2767 extraordinarie
1987 2719 2257 2783 expositum
2304 2726 2430 2770 esset
2462 2747 2474 2779 s

546 2816 595 2858 et
620 2823 849 2858 summam
874 2807 1110 2854 duntaxat
1134 2807 1447 2870 quadraginta
1482 2806 1556 2854 vel
1590 2807 1930 2871 quinquaginta
1956 2809 2234 2857 ducatorum
2258 2811 2319 2857 ad
2343 2826 2481 2859 omne

544 2899 651 2962 plus
673 2913 767 2945 non
792 2896 995 2943 excedat
1027 2915 1039 2947 t
1070 2899 1210 2958 prout
1235 2895 1281 2943 in
1309 2895 1438 2943 dicto
1456 2896 1717 2944 memoriali
1740 2895 1886 2945 latius
1909 2896 2179 2946 declaratur
2209 2921 2250 2955 tt
2281 2915 2477 2948 vnacum

545 2991 654 3035 octo
679 2984 864 3032 ducatis
886 2999 972 3047 pro
996 2982 1209 3046 quolibet
1233 2984 1506 3032 centenario
1529 2985 1807 3032 ducatorum
1832 2985 1879 3032 in
1904 2985 2208 3048 expeditione
2244 2987 2478 3037 dictarum

545 3075 778 3123 bullarum
836 3077 885 3120 et
938 3071 1135 3120 aliarum
1189 3088 1344 3120 rerum
1397 3073 1538 3121 modo
1584 3073 1799 3136 predicto
1850 3089 2181 3122 conuersorum
2230 3079 2279 3124 et
2325 3077 2479 3141 impli-

546 3170 760 3214 catorum
794 3183 833 3218 ll
865 3162 995 3217 Quos
1017 3161 1118 3225 ipse
1143 3161 1359 3211 dominus
1385 3161 1631 3210 Walterus
1662 3162 1877 3225 predicto
1902 3163 2137 3226 Guaspari
2162 3164 2274 3212 dare
2298 3169 2347 3213 et
2382 3171 2479 3214 tra

543 3257 654 3303 dere
678 3251 894 3316 promisit
930 3255 979 3298 et
1016 3250 1234 3298 convenit
1266 3268 1278 3301 s
1310 3266 1396 3313 pro
1428 3265 1515 3299 suo
1547 3249 1709 3298 labore
1745 3249 1918 3299 salario
1952 3255 2002 3299 et
2037 3251 2282 3314 diligentia
2316 3254 2364 3302 in
2392 3271 2476 3303 ex·

543 3341 785 3408 peditione
819 3338 1138 3402 predictorum
1174 3337 1533 3387 adhibendis-
1550 3339 1615 3386 Et
1650 3339 1740 3386 hoc
1776 3339 1898 3387 infra
1933 3340 2138 3404 quinque
2174 3358 2359 3392 menses
2392 3345 2476 3392 im-
