3016 3958
999 593 1319 649 OARTAE
1359 591 1991 649 MISCELLANEAE.
2353 595 2465 651 329

514 769 665 812 eadem
713 771 1049 827 prouiderentur
1089 773 1289 816 Acetiam
1330 787 1426 815 cum
1471 775 1692 829 potestate
1733 777 1778 816 et
1816 773 2019 817 libertate
2059 774 2175 816 dicto
2217 773 2468 816 Alexandro

513 851 884 907 temporalitatem
938 856 982 895 et
1034 852 1389 910 spiritualitatem
1434 853 1538 895 dicti
1585 853 1860 915 episcopatus
1902 853 2100 896 laborare
2151 857 2195 895 et
2248 854 2311 895 vti
2371 868 2468 895 cum

513 931 730 974 vniuersis
763 936 809 975 et
846 933 1031 990 singulis
1064 933 1202 975 firmis
1243 932 1422 975 decimis
1456 936 1501 975 et
1533 932 1713 975 diuoriis
1747 933 1939 975 eiusdem
1973 934 2301 990 quibuscunque
2333 934 2469 975 intro-

515 1011 688 1054 mittere
720 1015 765 1054 et
789 1012 936 1055 leuare
959 1027 1009 1055 ac
1032 1013 1068 1055 si
1089 1026 1267 1055 necesse
1297 1012 1430 1055 fuerit
1459 1027 1539 1069 pro
1567 1012 1727 1055 eisdem
1761 1027 1939 1055 namare
1968 1016 2013 1055 et
2042 1012 2249 1068 prosequi
2271 1016 2316 1055 et
2336 1013 2465 1055 etiam

514 1092 719 1148 prosequi
741 1095 786 1134 et
806 1092 1034 1134 defendere
1057 1093 1102 1133 in
1123 1092 1324 1135 omnibus
1346 1091 1490 1134 causis
1512 1095 1556 1134 et
1576 1092 1819 1134 actionibus
1841 1093 1955 1134 dicto
1979 1093 2247 1150 episcopatui
2265 1107 2470 1135 concern·

515 1171 688 1214 entibus
709 1172 870 1214 directe
895 1175 973 1214 aut
992 1171 1201 1214 indirecte
1234 1171 1364 1213 simili
1393 1171 1521 1214 modo
1553 1175 1598 1214 et
1628 1172 1735 1214 adeo
1761 1172 1895 1214 libere
1917 1187 1967 1214 ac
1987 1172 2181 1229 legitime
2203 1173 2248 1214 in
2270 1173 2469 1215 omnibus

512 1251 782 1307 respectibus
810 1252 983 1293 casibus
1005 1255 1050 1293 et
1071 1251 1390 1306 conditionibus
1421 1266 1471 1293 ac
1499 1252 1537 1293 si
1558 1251 1613 1293 ad
1643 1252 1808 1294 dictum
1839 1252 2135 1307 episcopatum
2166 1252 2469 1308 prouideretur

512 1334 556 1372 et
578 1330 720 1372 bullas
740 1331 926 1387 desuper
946 1332 991 1373 in
1023 1331 1144 1373 curia
1170 1332 1370 1374 Romana
1394 1333 1457 1374 vti
1487 1346 1565 1387 pro
1592 1335 1786 1387 tempore
1809 1332 2088 1374 obseruatum
2111 1337 2179 1373 est
2200 1332 2462 1374 obtinuisset

512 1410 676 1465 absque
700 1410 846 1466 aliquo
876 1411 1186 1466 impedimento
1217 1411 1383 1454 clameo
1415 1411 1643 1467 questione
1666 1426 1744 1454 seu
1774 1411 2116 1454 contradictione
2138 1415 2291 1454 contra
2321 1412 2463 1468 ipsum

513 1491 797 1546 quouismodo
829 1491 917 1534 vllo
948 1495 1144 1548 tempore
1175 1493 1367 1535 affuturo
1398 1492 1613 1534 mouenda
1635 1506 1712 1534 seu
1742 1492 2045 1548 prosequenda
2074 1507 2161 1535 non
2193 1493 2467 1535 obstantibus

513 1571 741 1626 quibusuis
771 1571 946 1626 juribus
979 1573 1159 1614 statutis
1182 1587 1260 1614 seu
1291 1571 1680 1614 constitutionibus
1712 1571 1932 1614 canonicis
1954 1576 2030 1614 aut
2052 1572 2252 1615 ciuilibus
2273 1573 2468 1629 speciali-

512 1651 596 1692 bus
632 1654 710 1693 aut
744 1650 1024 1708 generalibus
1059 1651 1188 1694 factis
1226 1666 1303 1693 seu
1336 1651 1491 1693 fiendis
1527 1666 1610 1707 que
1641 1651 1828 1694 tendunt
1860 1666 1937 1694 seu
1975 1653 2149 1694 extendi
2184 1657 2389 1708 poterunt
2423 1653 2467 1693 in

513 1731 780 1786 presentium
803 1731 1038 1787 dampnum
1060 1735 1138 1774 aut
1158 1731 1444 1788 preiudicium
1470 1731 1613 1791 Super
1640 1731 1797 1787 quibus
1819 1736 1863 1774 et
1892 1732 2216 1787 prouisionibus
2238 1732 2283 1773 in
2304 1732 2465 1774 eisdem

512 1810 729 1853 contentis
763 1811 799 1853 si
830 1826 913 1866 que
946 1815 1050 1854 sunt
1080 1826 1162 1867 que
1191 1812 1252 1854 sic
1283 1812 1458 1854 extendi
1489 1815 1696 1868 poterunt
1725 1826 1803 1867 per
1832 1816 2058 1868 presentes
2086 1812 2388 1867 dispensamus
2413 1826 2463 1853 ac

515 1891 677 1933 eisdem
709 1906 806 1933 cum
833 1891 1033 1934 omnibus
1062 1892 1231 1934 actione
1259 1892 1473 1935 instantia
1500 1895 1545 1934 et
1572 1892 1782 1934 interesse
1811 1906 1889 1948 pro
1918 1891 2042 1934 nobis
2074 1896 2118 1933 et
2143 1891 2465 1933 successoribus

515 1972 678 2014 nostris
699 1987 795 2014 cum
826 1977 954 2029 pacto
975 1973 1028 2015 de
1050 1987 1136 2016 non
1166 1973 1353 2029 petendo
1384 1973 1701 2030 imperpetuum
1733 1987 2018 2015 exoneramus
2050 2004 2060 2013 .
2091 1971 2231 2014 Vobis
2253 1977 2333 2014 etc.
2357 1971 2466 2013 Cum

518 2052 724 2094 mandato
766 2052 811 2094 in
853 2053 1004 2095 eadem
1037 2053 1237 2095 omnibus
1278 2057 1323 2095 et
1364 2053 1548 2109 singulis
1588 2053 1844 2095 feudatariis
1890 2052 2171 2094 assedatariis
2214 2053 2464 2094 tenentibus

513 2136 558 2174 et
591 2132 892 2188 parrochianis
928 2146 1282 2188 quarumcunque
1324 2136 1539 2175 terrarum
1580 2131 1859 2174 ecclesiarum
1901 2131 2093 2173 locorum
2135 2135 2179 2173 et
2214 2131 2461 2186 prediorum

516 2211 632 2254 dicto
655 2211 925 2268 episcopatui
945 2211 1257 2267 pertinentium
1280 2216 1325 2255 et
1345 2212 1442 2254 aliis
1463 2213 1662 2268 personis
1693 2213 2021 2268 quibuscunque
2043 2212 2096 2252 ad
2118 2210 2465 2265 respondendum

516 2292 804 2334 obediendum
837 2293 1093 2335 soluendum
1115 2296 1160 2335 et
1180 2292 1427 2335 huiusmodi
1458 2291 1782 2334 deliberandum
1815 2305 1865 2333 ac
1893 2291 1945 2332 de
1978 2290 2192 2331 vniuersis
2214 2293 2258 2331 et
2280 2291 2464 2346 singulis

516 2373 654 2414 firmis
687 2373 807 2414 canis
838 2373 1050 2415 custumis
1078 2373 1256 2415 decimis
1284 2372 1536 2428 garbalibus
1562 2371 1744 2426 aliisque
1772 2370 1949 2413 decimis
1980 2369 2192 2411 fructibus
2224 2370 2463 2412 redditibus

516 2453 801 2508 prouentibus
832 2455 878 2494 et
907 2452 1196 2495 emolimentis
1227 2452 1389 2494 eisdem
1420 2451 1756 2507 persoluendum
1787 2450 1902 2492 dicto
1931 2448 2181 2491 Alexandro
2207 2449 2298 2491 suis
2323 2459 2450 2493 came·

516 2533 644 2575 rai-iis
675 2532 914 2575 factoribus
935 2535 980 2575 et
1001 2532 1286 2575 seruitoribus
1308 2545 1386 2573 suo
1418 2531 1591 2573 nomine
1612 2545 1662 2572 ac
1692 2529 1802 2571 nulli
1832 2529 1959 2572 alteri
1991 2531 2174 2575 durante
2198 2547 2277 2575 sua
2306 2533 2397 2574 vita
2419 2537 2457 2575 e⁴

517 2614 571 2656 ad
602 2614 899 2656 desistendum
930 2615 975 2655 et
1004 2612 1262 2654 cessandum
1293 2613 1348 2654 ab
1379 2611 1495 2654 omni
1526 2610 1833 2666 impedimento
1862 2610 1943 2652 sibi
1969 2615 2046 2652 aut
2072 2611 2160 2654 illis
2190 2612 2386 2655 faciendo
2418 2614 2455 2654 ir

516 2693 841 2736 intromissione
878 2697 921 2735 et
955 2692 1231 2748 perceptione
1267 2691 1500 2733 eorundem
1534 2704 1584 2731 ac
1609 2690 1794 2745 desuper
1826 2689 1881 2730 ad
1915 2703 1991 2731 sue
2019 2690 2189 2733 libitum
2221 2692 2457 2735 voluntati*²

514 2773 797 2829 dispositione
821 2773 901 2814 sub
917 2772 1034 2814 omni
1054 2786 1167 2827 pena
1183 2774 1264 2814 etc.
1287 2770 1346 2813 Et
1367 2769 1568 2813 similiter
1584 2783 1681 2811 cum
1701 2769 1906 2811 mandato
1928 2770 2066 2811 nostri
2088 2771 2256 2813 consilii
2277 2772 2462 2815 dominis

515 2854 668 2913 literas
693 2853 738 2893 in
760 2855 946 2908 quatuor
976 2851 1139 2893 formas
1165 2854 1210 2893 et
1242 2850 1353 2892 alias
1381 2849 1650 2891 necessarias
1675 2849 1730 2890 ad
1757 2849 2022 2890 causandum
2050 2850 2191 2906 ipsum
2226 2852 2278 2893 de
2314 2852 2463 2895 huius-

517 2933 632 2975 modi
663 2931 917 2988 responderi
953 2934 996 2973 et
1028 2929 1192 2972 obediri
1219 2930 1266 2971 in
1293 2929 1438 2971 debita
1467 2929 1608 2971 forma
1635 2932 1682 2970 vt
1706 2929 1908 2983 congruit
1943 2930 2175 2972 concedere
2201 2935 2246 2973 et
2276 2932 2461 2989 dirigere

517 3013 717 3055 Aeetiam
747 3012 801 3053 ad
834 3011 1100 3053 causandum
1130 3010 1242 3052 tales
1273 3010 1347 3064 qui
1377 3023 1455 3064 per
1488 3009 1630 3064 ipsum
1659 3007 1874 3050 nominari
1895 3012 1939 3051 et
1959 3010 2177 3065 prouideri
2199 3013 2462 3069 contigerint
2487 3030 2492 3034 ·

518 3093 573 3137 ad
603 3091 810 3134 inferiora
839 3090 1050 3132 beneficia
1080 3103 1157 3132 sue
1188 3088 1462 3144 dispositioni
1489 3091 1540 3128 ut
1568 3087 1729 3129 dictum
1762 3091 1830 3129 est
1859 3088 2125 3143 pertinentia
2158 3090 2212 3132 de
2247 3092 2461 3136 vniu'ersis

518 3171 732 3214 fructibus
766 3170 1007 3212 redditibus
1043 3172 1088 3211 et
1123 3167 1411 3210 emolimentis
1451 3166 1684 3208 eorundem
1725 3167 1978 3222 responderi
2018 3169 2083 3210 Ac
2119 3184 2216 3211 cum
2256 3174 2460 3216 mandato

518 3255 765 3293 nostrorum
798 3253 1096 3306 computorum
1127 3247 1357 3291 rotulatori
1378 3245 1571 3302 presenti
1592 3249 1637 3287 et
1666 3260 1744 3301 pro
1774 3249 1969 3302 tempore
2001 3248 2206 3291 existenti
2227 3251 2280 3292 ad
2314 3252 2462 3295 huius-

520 3331 634 3374 modi
673 3330 1028 3372 consentiendum
1061 3361 1070 3372 .
1103 3328 1267 3371 Datum
1312 3331 1392 3370 etc.
1424 3326 1540 3382 apud
1569 3325 1869 3383 Edinburgum
1902 3331 2025 3370 sexto
2055 3328 2124 3371 die
2164 3331 2325 3373 mensis
2356 3330 2463 3375 Maii

1482 3406 1506 3447 2
1539 3413 1554 3446 t
