<?xml version="1.0" encoding="UTF-8"?>
<!DOCTYPE html PUBLIC "-//W3C//DTD XHTML 1.0 Transitional//EN"
    "http://www.w3.org/TR/xhtml1/DTD/xhtml1-transitional.dtd">
<html xmlns="http://www.w3.org/1999/xhtml" xml:lang="en" lang="en">
 <head>
  <title>
</title>
<meta http-equiv="Content-Type" content="text/html;charset=utf-8" />
  <meta name='ocr-system' content='tesseract 3.04.00' />
  <meta name='ocr-capabilities' content='ocr_page ocr_carea ocr_par ocr_line ocrx_word'/>
</head>
<body>
  <div class='ocr_page' id='page_1' title='image "./registrumepiscop02brecuoft_0334.png"; bbox 0 0 3016 3958; ppageno 0'>
   <div class='ocr_carea' id='block_1_1' title="bbox 570 625 2049 689">
    <p class='ocr_par' dir='ltr' id='par_1_1' title="bbox 570 625 2049 689">
     <span class='ocr_line' id='line_1_1' title="bbox 570 625 2049 689; baseline -0.005 -1"><span class='ocrx_word' id='word_1_1' title='bbox 570 634 681 689; x_wconf 84' lang='lat'>320</span> <span class='ocrx_word' id='word_1_2' title='bbox 1060 628 1381 685; x_wconf 80' lang='lat' dir='ltr'><strong>OARTAE</strong></span> <span class='ocrx_word' id='word_1_3' title='bbox 1424 625 2049 682; x_wconf 83' lang='lat' dir='ltr'><strong>MISGELLANEAE.</strong></span> 
     </span>
    </p>
   </div>
   <div class='ocr_carea' id='block_1_2' title="bbox 576 803 2523 3411">
    <p class='ocr_par' dir='ltr' id='par_1_2' title="bbox 576 803 2523 1263">
     <span class='ocr_line' id='line_1_2' title="bbox 576 803 2516 867; baseline -0.002 -13"><span class='ocrx_word' id='word_1_4' title='bbox 576 811 824 867; x_wconf 78' lang='lat' dir='ltr'>capellanos</span> <span class='ocrx_word' id='word_1_5' title='bbox 864 811 977 852; x_wconf 89' lang='lat' dir='ltr'>dicte</span> <span class='ocrx_word' id='word_1_6' title='bbox 1019 809 1196 851; x_wconf 75' lang='lat' dir='ltr'>ecclesie</span> <span class='ocrx_word' id='word_1_7' title='bbox 1237 805 1500 849; x_wconf 83' lang='lat' dir='ltr'>cathedralis</span> <span class='ocrx_word' id='word_1_8' title='bbox 1537 803 1844 847; x_wconf 85' lang='lat' dir='ltr'>Brechinensis</span> <span class='ocrx_word' id='word_1_9' title='bbox 1883 805 2050 848; x_wconf 88' lang='lat' dir='ltr'>habens</span> <span class='ocrx_word' id='word_1_10' title='bbox 2082 806 2137 847; x_wconf 86' lang='lat' dir='ltr'>ad</span> <span class='ocrx_word' id='word_1_11' title='bbox 2179 809 2516 863; x_wconf 78' lang='lat' dir='ltr'>septentrionem</span> 
     </span>
     <span class='ocr_line' id='line_1_3' title="bbox 578 884 2519 935; baseline -0.001 -3"><span class='ocrx_word' id='word_1_12' title='bbox 578 891 844 932; x_wconf 75' lang='lat' dir='ltr'>cemiterium</span> <span class='ocrx_word' id='word_1_13' title='bbox 866 889 978 932; x_wconf 89' lang='lat' dir='ltr'>dicte</span> <span class='ocrx_word' id='word_1_14' title='bbox 999 887 1261 931; x_wconf 83' lang='lat' dir='ltr'>cathedralis</span> <span class='ocrx_word' id='word_1_15' title='bbox 1282 885 1476 935; x_wconf 88' lang='lat' dir='ltr'>ecclesie,</span> <span class='ocrx_word' id='word_1_16' title='bbox 1496 885 1672 927; x_wconf 83' lang='lat' dir='ltr'>hortum</span> <span class='ocrx_word' id='word_1_17' title='bbox 1688 887 1734 927; x_wconf 88' lang='lat' dir='ltr'>et</span> <span class='ocrx_word' id='word_1_18' title='bbox 1748 884 2017 927; x_wconf 84' lang='lat' dir='ltr'>mansionem</span> <span class='ocrx_word' id='word_1_19' title='bbox 2040 885 2197 928; x_wconf 83' lang='lat' dir='ltr'>vicarie</span> <span class='ocrx_word' id='word_1_20' title='bbox 2215 886 2519 930; x_wconf 89' lang='lat' dir='ltr'>Brechinensis</span> 
     </span>
     <span class='ocr_line' id='line_1_4' title="bbox 579 964 2523 1025; baseline -0.001 -14"><span class='ocrx_word' id='word_1_21' title='bbox 579 984 661 1025; x_wconf 90' lang='lat' dir='ltr'>que</span> <span class='ocrx_word' id='word_1_22' title='bbox 683 973 863 1011; x_wconf 87' lang='lat' dir='ltr'>vocatur</span> <span class='ocrx_word' id='word_1_23' title='bbox 893 968 1053 1010; x_wconf 84' lang='lat' dir='ltr'>vicaria</span> <span class='ocrx_word' id='word_1_24' title='bbox 1077 964 1353 1022; x_wconf 84' lang='lat' dir='ltr'>pensionaria</span> <span class='ocrx_word' id='word_1_25' title='bbox 1373 964 1427 1006; x_wconf 85' lang='lat' dir='ltr'>ad</span> <span class='ocrx_word' id='word_1_26' title='bbox 1452 964 1732 1014; x_wconf 89' lang='lat' dir='ltr'>occidentem,</span> <span class='ocrx_word' id='word_1_27' title='bbox 1754 967 1799 1006; x_wconf 89' lang='lat' dir='ltr'>et</span> <span class='ocrx_word' id='word_1_28' title='bbox 1818 964 1972 1007; x_wconf 89' lang='lat' dir='ltr'>deinde</span> <span class='ocrx_word' id='word_1_29' title='bbox 1993 965 2232 1007; x_wconf 86' lang='lat' dir='ltr'>extendens</span> <span class='ocrx_word' id='word_1_30' title='bbox 2253 966 2523 1009; x_wconf 83' lang='lat' dir='ltr'>orientaliter</span> 
     </span>
     <span class='ocr_line' id='line_1_5' title="bbox 579 1043 2520 1104; baseline -0.001 -14"><span class='ocrx_word' id='word_1_31' title='bbox 579 1049 634 1090; x_wconf 85' lang='lat' dir='ltr'>ad</span> <span class='ocrx_word' id='word_1_32' title='bbox 664 1048 903 1104; x_wconf 89' lang='lat' dir='ltr'>pomarium</span> <span class='ocrx_word' id='word_1_33' title='bbox 929 1046 1117 1103; x_wconf 89' lang='lat' dir='ltr'>episcopi</span> <span class='ocrx_word' id='word_1_34' title='bbox 1142 1044 1447 1087; x_wconf 88' lang='lat' dir='ltr'>Brechinensis</span> <span class='ocrx_word' id='word_1_35' title='bbox 1468 1044 1523 1086; x_wconf 91' lang='lat' dir='ltr'>ad</span> <span class='ocrx_word' id='word_1_36' title='bbox 1545 1043 1702 1095; x_wconf 87' lang='lat' dir='ltr'>colum,</span> <span class='ocrx_word' id='word_1_37' title='bbox 1730 1048 1776 1087; x_wconf 91' lang='lat' dir='ltr'>et</span> <span class='ocrx_word' id='word_1_38' title='bbox 1798 1043 1986 1086; x_wconf 93' lang='lat' dir='ltr'>riuolum</span> <span class='ocrx_word' id='word_1_39' title='bbox 2013 1045 2087 1100; x_wconf 91' lang='lat' dir='ltr'>qui</span> <span class='ocrx_word' id='word_1_40' title='bbox 2115 1045 2251 1087; x_wconf 89' lang='lat' dir='ltr'>currit</span> <span class='ocrx_word' id='word_1_41' title='bbox 2274 1045 2328 1087; x_wconf 90' lang='lat' dir='ltr'>ad</span> <span class='ocrx_word' id='word_1_42' title='bbox 2361 1045 2520 1088; x_wconf 80' lang='lat' dir='ltr'>calcem</span> 
     </span>
     <span class='ocr_line' id='line_1_6' title="bbox 578 1123 2522 1184; baseline -0.001 -15"><span class='ocrx_word' id='word_1_43' title='bbox 578 1129 670 1184; x_wconf 88' lang='lat' dir='ltr'>ripe</span> <span class='ocrx_word' id='word_1_44' title='bbox 705 1129 925 1170; x_wconf 89' lang='lat' dir='ltr'>hortorum</span> <span class='ocrx_word' id='word_1_45' title='bbox 955 1125 1130 1168; x_wconf 90' lang='lat' dir='ltr'>dominii</span> <span class='ocrx_word' id='word_1_46' title='bbox 1163 1124 1216 1166; x_wconf 86' lang='lat' dir='ltr'>de</span> <span class='ocrx_word' id='word_1_47' title='bbox 1245 1124 1432 1166; x_wconf 85' lang='lat' dir='ltr'>Brechin</span> <span class='ocrx_word' id='word_1_48' title='bbox 1460 1124 1516 1166; x_wconf 86' lang='lat' dir='ltr'>ad</span> <span class='ocrx_word' id='word_1_49' title='bbox 1546 1123 1782 1174; x_wconf 85' lang='lat' dir='ltr'>meridiem,</span> <span class='ocrx_word' id='word_1_50' title='bbox 1812 1123 1951 1167; x_wconf 87' lang='lat' dir='ltr'>altera</span> <span class='ocrx_word' id='word_1_51' title='bbox 1980 1138 2080 1166; x_wconf 88' lang='lat' dir='ltr'>vero</span> <span class='ocrx_word' id='word_1_52' title='bbox 2112 1124 2339 1166; x_wconf 86' lang='lat' dir='ltr'>laboratur</span> <span class='ocrx_word' id='word_1_53' title='bbox 2373 1128 2418 1168; x_wconf 91' lang='lat' dir='ltr'>et</span> <span class='ocrx_word' id='word_1_54' title='bbox 2453 1140 2522 1168; x_wconf 84' lang='lat' dir='ltr'>oc-</span> 
     </span>
     <span class='ocr_line' id='line_1_7' title="bbox 582 1202 2521 1263; baseline -0.001 -14"><span class='ocrx_word' id='word_1_55' title='bbox 582 1211 764 1263; x_wconf 83' lang='lat' dir='ltr'>cupatur</span> <span class='ocrx_word' id='word_1_56' title='bbox 783 1220 861 1262; x_wconf 91' lang='lat' dir='ltr'>per</span> <span class='ocrx_word' id='word_1_57' title='bbox 1228 1204 1408 1260; x_wconf 84' lang='lat' dir='ltr'>Martyn</span> <span class='ocrx_word' id='word_1_58' title='bbox 1429 1206 1474 1246; x_wconf 90' lang='lat' dir='ltr'>et</span> <span class='ocrx_word' id='word_1_59' title='bbox 1495 1203 1608 1246; x_wconf 85' lang='lat' dir='ltr'>iacet</span> <span class='ocrx_word' id='word_1_60' title='bbox 1627 1203 1672 1245; x_wconf 91' lang='lat' dir='ltr'>in</span> <span class='ocrx_word' id='word_1_61' title='bbox 1698 1202 1888 1246; x_wconf 85' lang='lat' dir='ltr'>Ciuitate</span> <span class='ocrx_word' id='word_1_62' title='bbox 1909 1203 2190 1245; x_wconf 87' lang='lat' dir='ltr'>Brechinensi</span> <span class='ocrx_word' id='word_1_63' title='bbox 2211 1204 2328 1246; x_wconf 87' lang='lat' dir='ltr'>intra</span> <span class='ocrx_word' id='word_1_64' title='bbox 2347 1205 2521 1247; x_wconf 88' lang='lat' dir='ltr'>hortum</span> 
     </span>
    </p>

    <p class='ocr_par' dir='ltr' id='par_1_3' title="bbox 578 1283 2523 3411">
     <span class='ocr_line' id='line_1_8' title="bbox 1125 1283 2523 1341; baseline 0.001 -15"><span class='ocrx_word' id='word_1_65' title='bbox 1125 1283 1336 1341; x_wconf 90' lang='lat' dir='ltr'>capellam</span> <span class='ocrx_word' id='word_1_66' title='bbox 1366 1283 1419 1325; x_wconf 89' lang='lat' dir='ltr'>de</span> <span class='ocrx_word' id='word_1_67' title='bbox 1798 1284 1852 1325; x_wconf 87' lang='lat' dir='ltr'>ad</span> <span class='ocrx_word' id='word_1_68' title='bbox 1885 1284 2240 1339; x_wconf 81' lang='lat' dir='ltr'>septentrionem,</span> <span class='ocrx_word' id='word_1_69' title='bbox 2271 1284 2447 1327; x_wconf 83' lang='lat' dir='ltr'>hortum</span> <span class='ocrx_word' id='word_1_70' title='bbox 2478 1288 2523 1328; x_wconf 86' lang='lat' dir='ltr'>et</span> 
     </span>
     <span class='ocr_line' id='line_1_9' title="bbox 582 1362 2521 1420; baseline 0 -13"><span class='ocrx_word' id='word_1_71' title='bbox 582 1366 847 1407; x_wconf 85' lang='lat' dir='ltr'>mansionem</span> <span class='ocrx_word' id='word_1_72' title='bbox 900 1364 1167 1420; x_wconf 74' lang='lat' dir='ltr'>precentoris</span> <span class='ocrx_word' id='word_1_73' title='bbox 1207 1362 1516 1405; x_wconf 84' lang='lat' dir='ltr'>Brechinensis</span> <span class='ocrx_word' id='word_1_74' title='bbox 1568 1363 1623 1405; x_wconf 83' lang='lat' dir='ltr'>ad</span> <span class='ocrx_word' id='word_1_75' title='bbox 1664 1363 1889 1414; x_wconf 80' lang='lat' dir='ltr'>orientem,</span> <span class='ocrx_word' id='word_1_76' title='bbox 1931 1363 2074 1405; x_wconf 87' lang='lat' dir='ltr'>vicum</span> <span class='ocrx_word' id='word_1_77' title='bbox 2111 1367 2407 1420; x_wconf 86' lang='lat' dir='ltr'>nuncupatum</span> <span class='ocrx_word' id='word_1_78' title='bbox 2447 1366 2521 1407; x_wconf 85' lang='lat' dir='ltr'>the</span> 
     </span>
     <span class='ocr_line' id='line_1_10' title="bbox 580 1443 2523 1501; baseline 0.001 -15"><span class='ocrx_word' id='word_1_79' title='bbox 580 1445 743 1501; x_wconf 87' lang='lat' dir='ltr'>college</span> <span class='ocrx_word' id='word_1_80' title='bbox 798 1445 924 1500; x_wconf 86' lang='lat' dir='ltr'>wynd</span> <span class='ocrx_word' id='word_1_81' title='bbox 970 1444 1025 1486; x_wconf 86' lang='lat' dir='ltr'>ad</span> <span class='ocrx_word' id='word_1_82' title='bbox 1070 1443 1352 1493; x_wconf 89' lang='lat' dir='ltr'>occidentem,</span> <span class='ocrx_word' id='word_1_83' title='bbox 1399 1447 1443 1484; x_wconf 90' lang='lat' dir='ltr'>et</span> <span class='ocrx_word' id='word_1_84' title='bbox 1472 1443 1614 1485; x_wconf 90' lang='lat' dir='ltr'>vicum</span> <span class='ocrx_word' id='word_1_85' title='bbox 1660 1446 1958 1500; x_wconf 85' lang='lat' dir='ltr'>nuncupatum</span> <span class='ocrx_word' id='word_1_86' title='bbox 1987 1444 2063 1486; x_wconf 88' lang='lat' dir='ltr'>the</span> <span class='ocrx_word' id='word_1_87' title='bbox 2097 1447 2206 1486; x_wconf 89' lang='lat' dir='ltr'>west</span> <span class='ocrx_word' id='word_1_88' title='bbox 2235 1444 2428 1500; x_wconf 87' lang='lat' dir='ltr'>kirkgait</span> <span class='ocrx_word' id='word_1_89' title='bbox 2467 1445 2523 1487; x_wconf 85' lang='lat' dir='ltr'>ad</span> 
     </span>
     <span class='ocr_line' id='line_1_11' title="bbox 578 1522 2520 1580; baseline -0.001 -14"><span class='ocrx_word' id='word_1_90' title='bbox 578 1525 799 1566; x_wconf 83' lang='lat' dir='ltr'>meridiem</span> <span class='ocrx_word' id='word_1_91' title='bbox 833 1557 842 1566; x_wconf 88' lang='lat'><strong>.</strong></span> <span class='ocrx_word' id='word_1_92' title='bbox 876 1524 965 1579; x_wconf 70' lang='lat' dir='ltr'>Que</span> <span class='ocrx_word' id='word_1_93' title='bbox 987 1524 1110 1566; x_wconf 86' lang='lat' dir='ltr'>ambe</span> <span class='ocrx_word' id='word_1_94' title='bbox 1131 1537 1246 1565; x_wconf 91' lang='lat' dir='ltr'>nunc</span> <span class='ocrx_word' id='word_1_95' title='bbox 1267 1523 1488 1579; x_wconf 73' lang='lat' dir='ltr'>pertinent</span> <span class='ocrx_word' id='word_1_96' title='bbox 1503 1523 1558 1564; x_wconf 88' lang='lat' dir='ltr'>ad</span> <span class='ocrx_word' id='word_1_97' title='bbox 1579 1537 1659 1565; x_wconf 89' lang='lat' dir='ltr'>nos</span> <span class='ocrx_word' id='word_1_98' title='bbox 1683 1527 1727 1565; x_wconf 92' lang='lat' dir='ltr'>et</span> <span class='ocrx_word' id='word_1_99' title='bbox 1748 1526 1942 1565; x_wconf 88' lang='lat' dir='ltr'>nostram</span> <span class='ocrx_word' id='word_1_100' title='bbox 1964 1522 2291 1580; x_wconf 84' lang='lat' dir='ltr'>dispositionem</span> <span class='ocrx_word' id='word_1_101' title='bbox 2313 1526 2520 1579; x_wconf 84' lang='lat' dir='ltr'>tanquam</span> 
     </span>
     <span class='ocr_line' id='line_1_12' title="bbox 579 1602 2523 1659; baseline 0 -13"><span class='ocrx_word' id='word_1_102' title='bbox 579 1604 822 1646; x_wconf 84' lang='lat' dir='ltr'>communia</span> <span class='ocrx_word' id='word_1_103' title='bbox 850 1617 926 1659; x_wconf 90' lang='lat' dir='ltr'>per</span> <span class='ocrx_word' id='word_1_104' title='bbox 953 1617 1224 1645; x_wconf 88' lang='lat' dir='ltr'>communem</span> <span class='ocrx_word' id='word_1_105' title='bbox 1249 1602 1442 1644; x_wconf 89' lang='lat' dir='ltr'>ordinem</span> <span class='ocrx_word' id='word_1_106' title='bbox 1474 1606 1723 1658; x_wconf 89' lang='lat' dir='ltr'>susceptum</span> <span class='ocrx_word' id='word_1_107' title='bbox 1754 1616 1884 1658; x_wconf 90' lang='lat' dir='ltr'>super</span> <span class='ocrx_word' id='word_1_108' title='bbox 1913 1603 2211 1645; x_wconf 90' lang='lat' dir='ltr'>communibus</span> <span class='ocrx_word' id='word_1_109' title='bbox 2238 1604 2368 1646; x_wconf 90' lang='lat' dir='ltr'>terris</span> <span class='ocrx_word' id='word_1_110' title='bbox 2394 1605 2523 1646; x_wconf 89' lang='lat' dir='ltr'>bene-</span> 
     </span>
     <span class='ocr_line' id='line_1_13' title="bbox 578 1681 2520 1738; baseline 0.001 -14"><span class='ocrx_word' id='word_1_111' title='bbox 578 1684 687 1725; x_wconf 89' lang='lat' dir='ltr'>ficiis</span> <span class='ocrx_word' id='word_1_112' title='bbox 730 1683 967 1725; x_wconf 83' lang='lat' dir='ltr'>redditibus</span> <span class='ocrx_word' id='word_1_113' title='bbox 1008 1686 1052 1724; x_wconf 89' lang='lat' dir='ltr'>et</span> <span class='ocrx_word' id='word_1_114' title='bbox 1094 1682 1293 1724; x_wconf 87' lang='lat' dir='ltr'>omnibus</span> <span class='ocrx_word' id='word_1_115' title='bbox 1340 1681 1438 1724; x_wconf 86' lang='lat' dir='ltr'>aliis</span> <span class='ocrx_word' id='word_1_116' title='bbox 1480 1681 1735 1724; x_wconf 89' lang='lat' dir='ltr'>communiis</span> <span class='ocrx_word' id='word_1_117' title='bbox 1774 1682 1890 1724; x_wconf 84' lang='lat' dir='ltr'>infra</span> <span class='ocrx_word' id='word_1_118' title='bbox 1928 1696 2110 1738; x_wconf 86' lang='lat' dir='ltr'>regnum</span> <span class='ocrx_word' id='word_1_119' title='bbox 2150 1687 2350 1726; x_wconf 87' lang='lat' dir='ltr'>nostrum</span> <span class='ocrx_word' id='word_1_120' title='bbox 2395 1714 2405 1726; x_wconf 89' lang='lat'><strong>.</strong></span> <span class='ocrx_word' id='word_1_121' title='bbox 2457 1716 2465 1724; x_wconf 90' lang='lat'><strong>.</strong></span> <span class='ocrx_word' id='word_1_122' title='bbox 2511 1717 2520 1726; x_wconf 94' lang='lat'>.</span> 
     </span>
     <span class='ocr_line' id='line_1_14' title="bbox 579 1761 2522 1819; baseline 0.001 -15"><span class='ocrx_word' id='word_1_123' title='bbox 579 1763 808 1804; x_wconf 81' lang='lat' dir='ltr'>Tenendas</span> <span class='ocrx_word' id='word_1_124' title='bbox 839 1795 848 1804; x_wconf 84' lang='lat'>.</span> <span class='ocrx_word' id='word_1_125' title='bbox 881 1794 891 1804; x_wconf 90' lang='lat'>.</span> <span class='ocrx_word' id='word_1_126' title='bbox 925 1795 935 1804; x_wconf 87' lang='lat'><strong>.</strong></span> <span class='ocrx_word' id='word_1_127' title='bbox 967 1761 1184 1818; x_wconf 89' lang='lat' dir='ltr'>predictas</span> <span class='ocrx_word' id='word_1_128' title='bbox 1225 1762 1333 1804; x_wconf 86' lang='lat' dir='ltr'>duas</span> <span class='ocrx_word' id='word_1_129' title='bbox 1374 1762 1516 1817; x_wconf 85' lang='lat' dir='ltr'>petias</span> <span class='ocrx_word' id='word_1_130' title='bbox 1556 1762 1783 1804; x_wconf 90' lang='lat' dir='ltr'>hortorum</span> <span class='ocrx_word' id='word_1_131' title='bbox 1824 1777 1921 1803; x_wconf 90' lang='lat' dir='ltr'>cum</span> <span class='ocrx_word' id='word_1_132' title='bbox 1963 1763 2054 1805; x_wconf 89' lang='lat' dir='ltr'>suis</span> <span class='ocrx_word' id='word_1_133' title='bbox 2094 1763 2369 1819; x_wconf 86' lang='lat' dir='ltr'>pertinentiis</span> <span class='ocrx_word' id='word_1_134' title='bbox 2408 1764 2522 1806; x_wconf 89' lang='lat' dir='ltr'>dicto</span> 
     </span>
     <span class='ocr_line' id='line_1_15' title="bbox 580 1841 2523 1898; baseline 0.001 -14"><span class='ocrx_word' id='word_1_135' title='bbox 580 1842 796 1898; x_wconf 83' lang='lat' dir='ltr'>Magistro</span> <span class='ocrx_word' id='word_1_136' title='bbox 824 1841 987 1884; x_wconf 84' lang='lat' dir='ltr'>Jacobo</span> <span class='ocrx_word' id='word_1_137' title='bbox 1015 1841 1106 1884; x_wconf 89' lang='lat' dir='ltr'>suis</span> <span class='ocrx_word' id='word_1_138' title='bbox 1126 1841 1359 1883; x_wconf 88' lang='lat' dir='ltr'>heredibus</span> <span class='ocrx_word' id='word_1_139' title='bbox 1387 1844 1432 1883; x_wconf 90' lang='lat' dir='ltr'>et</span> <span class='ocrx_word' id='word_1_140' title='bbox 1452 1841 1689 1897; x_wconf 85' lang='lat' dir='ltr'>assignat-is</span> <span class='ocrx_word' id='word_1_141' title='bbox 1718 1841 1770 1882; x_wconf 91' lang='lat' dir='ltr'>de</span> <span class='ocrx_word' id='word_1_142' title='bbox 1800 1841 1926 1883; x_wconf 89' lang='lat' dir='ltr'>nobis</span> <span class='ocrx_word' id='word_1_143' title='bbox 1947 1845 1992 1884; x_wconf 89' lang='lat' dir='ltr'>et</span> <span class='ocrx_word' id='word_1_144' title='bbox 2012 1842 2175 1885; x_wconf 85' lang='lat' dir='ltr'>nostris</span> <span class='ocrx_word' id='word_1_145' title='bbox 2203 1844 2523 1885; x_wconf 88' lang='lat' dir='ltr'>successoribus</span> 
     </span>
     <span class='ocr_line' id='line_1_16' title="bbox 578 1921 2521 1978; baseline 0 -13"><span class='ocrx_word' id='word_1_146' title='bbox 578 1925 621 1964; x_wconf 91' lang='lat' dir='ltr'>in</span> <span class='ocrx_word' id='word_1_147' title='bbox 661 1924 785 1965; x_wconf 85' lang='lat' dir='ltr'>feodo</span> <span class='ocrx_word' id='word_1_148' title='bbox 825 1923 1065 1965; x_wconf 82' lang='lat' dir='ltr'>hereditate</span> <span class='ocrx_word' id='word_1_149' title='bbox 1107 1926 1151 1965; x_wconf 89' lang='lat' dir='ltr'>et</span> <span class='ocrx_word' id='word_1_150' title='bbox 1189 1922 1328 1964; x_wconf 89' lang='lat' dir='ltr'>libera</span> <span class='ocrx_word' id='word_1_151' title='bbox 1367 1921 1466 1964; x_wconf 82' lang='lat' dir='ltr'>alba</span> <span class='ocrx_word' id='word_1_152' title='bbox 1505 1922 1632 1964; x_wconf 85' lang='lat' dir='ltr'>firma</span> <span class='ocrx_word' id='word_1_153' title='bbox 1672 1922 1991 1978; x_wconf 82' lang='lat' dir='ltr'>imperpetuum</span> <span class='ocrx_word' id='word_1_154' title='bbox 2031 1954 2039 1964; x_wconf 91' lang='lat'><strong>.</strong></span> <span class='ocrx_word' id='word_1_155' title='bbox 2073 1954 2082 1964; x_wconf 89' lang='lat'><em>.</em></span> <span class='ocrx_word' id='word_1_156' title='bbox 2116 1956 2125 1965; x_wconf 93' lang='lat'><strong>.</strong></span> <span class='ocrx_word' id='word_1_157' title='bbox 2165 1922 2381 1966; x_wconf 79' lang='lat' dir='ltr'>soluendo</span> <span class='ocrx_word' id='word_1_158' title='bbox 2422 1923 2521 1965; x_wconf 89' lang='lat' dir='ltr'>inde</span> 
     </span>
     <span class='ocr_line' id='line_1_17' title="bbox 579 2001 2523 2058; baseline -0.001 -13"><span class='ocrx_word' id='word_1_159' title='bbox 579 2004 801 2046; x_wconf 84' lang='lat' dir='ltr'>annuatim</span> <span class='ocrx_word' id='word_1_160' title='bbox 837 2036 845 2045; x_wconf 89' lang='lat'><strong><em>.</em></strong></span> <span class='ocrx_word' id='word_1_161' title='bbox 881 2035 889 2045; x_wconf 91' lang='lat'>.</span> <span class='ocrx_word' id='word_1_162' title='bbox 921 2035 931 2046; x_wconf 88' lang='lat'><em>.</em></span> <span class='ocrx_word' id='word_1_163' title='bbox 963 2017 1173 2044; x_wconf 84' lang='lat' dir='ltr'>summam</span> <span class='ocrx_word' id='word_1_164' title='bbox 1196 2002 1384 2058; x_wconf 91' lang='lat' dir='ltr'>quinque</span> <span class='ocrx_word' id='word_1_165' title='bbox 1408 2001 1643 2044; x_wconf 88' lang='lat' dir='ltr'>solidorum</span> <span class='ocrx_word' id='word_1_166' title='bbox 1663 2001 1829 2044; x_wconf 89' lang='lat' dir='ltr'>vsualis</span> <span class='ocrx_word' id='word_1_167' title='bbox 1849 2005 2022 2044; x_wconf 90' lang='lat' dir='ltr'>monete</span> <span class='ocrx_word' id='word_1_168' title='bbox 2048 2002 2171 2058; x_wconf 88' lang='lat' dir='ltr'>regni</span> <span class='ocrx_word' id='word_1_169' title='bbox 2191 2002 2331 2045; x_wconf 87' lang='lat' dir='ltr'>nostri</span> <span class='ocrx_word' id='word_1_170' title='bbox 2352 2003 2523 2044; x_wconf 88' lang='lat' dir='ltr'>nomine</span> 
     </span>
     <span class='ocr_line' id='line_1_18' title="bbox 578 2081 2522 2139; baseline -0.001 -13"><span class='ocrx_word' id='word_1_171' title='bbox 578 2085 674 2126; x_wconf 85' lang='lat' dir='ltr'>albe</span> <span class='ocrx_word' id='word_1_172' title='bbox 698 2084 835 2133; x_wconf 88' lang='lat' dir='ltr'>firme,</span> <span class='ocrx_word' id='word_1_173' title='bbox 861 2083 1164 2139; x_wconf 86' lang='lat' dir='ltr'>quamquidem</span> <span class='ocrx_word' id='word_1_174' title='bbox 1194 2096 1406 2125; x_wconf 88' lang='lat' dir='ltr'>summam</span> <span class='ocrx_word' id='word_1_175' title='bbox 1437 2081 1627 2137; x_wconf 88' lang='lat' dir='ltr'>quinque</span> <span class='ocrx_word' id='word_1_176' title='bbox 1657 2081 1893 2123; x_wconf 82' lang='lat' dir='ltr'>solidorum</span> <span class='ocrx_word' id='word_1_177' title='bbox 1924 2082 2065 2124; x_wconf 90' lang='lat' dir='ltr'>dictus</span> <span class='ocrx_word' id='word_1_178' title='bbox 2093 2082 2310 2139; x_wconf 82' lang='lat' dir='ltr'>Magister</span> <span class='ocrx_word' id='word_1_179' title='bbox 2330 2082 2522 2125; x_wconf 85' lang='lat' dir='ltr'>Jacobus</span> 
     </span>
     <span class='ocr_line' id='line_1_19' title="bbox 582 2148 2521 2218; baseline 0 -14"><span class='ocrx_word' id='word_1_180' title='bbox 582 2163 649 2205; x_wconf 89' lang='lat' dir='ltr'>sui</span> <span class='ocrx_word' id='word_1_181' title='bbox 670 2163 850 2204; x_wconf 85' lang='lat' dir='ltr'>heredes</span> <span class='ocrx_word' id='word_1_182' title='bbox 881 2166 926 2204; x_wconf 89' lang='lat' dir='ltr'>et</span> <span class='ocrx_word' id='word_1_183' title='bbox 953 2148 1164 2218; x_wconf 85' lang='lat' dir='ltr'>assignati</span> <span class='ocrx_word' id='word_1_184' title='bbox 1186 2163 1452 2204; x_wconf 81' lang='lat' dir='ltr'>tenebuntur</span> <span class='ocrx_word' id='word_1_185' title='bbox 1481 2161 1706 2204; x_wconf 83' lang='lat' dir='ltr'>annuatim</span> <span class='ocrx_word' id='word_1_186' title='bbox 1739 2161 1997 2204; x_wconf 86' lang='lat' dir='ltr'>distribuere</span> <span class='ocrx_word' id='word_1_187' title='bbox 2026 2163 2287 2218; x_wconf 85' lang='lat' dir='ltr'>pauperibus</span> <span class='ocrx_word' id='word_1_188' title='bbox 2317 2162 2521 2206; x_wconf 83' lang='lat' dir='ltr'>Ciuitatis</span> 
     </span>
     <span class='ocr_line' id='line_1_20' title="bbox 581 2241 2521 2298; baseline 0.001 -15"><span class='ocrx_word' id='word_1_189' title='bbox 581 2242 886 2284; x_wconf 87' lang='lat' dir='ltr'>Brechinensis</span> <span class='ocrx_word' id='word_1_190' title='bbox 913 2256 1027 2284; x_wconf 88' lang='lat' dir='ltr'>nono</span> <span class='ocrx_word' id='word_1_191' title='bbox 1057 2242 1126 2283; x_wconf 91' lang='lat' dir='ltr'>die</span> <span class='ocrx_word' id='word_1_192' title='bbox 1157 2241 1278 2283; x_wconf 87' lang='lat' dir='ltr'>Junii</span> <span class='ocrx_word' id='word_1_193' title='bbox 1310 2242 1356 2283; x_wconf 91' lang='lat' dir='ltr'>in</span> <span class='ocrx_word' id='word_1_194' title='bbox 1386 2242 1593 2284; x_wconf 90' lang='lat' dir='ltr'>honorem</span> <span class='ocrx_word' id='word_1_195' title='bbox 1624 2243 1762 2284; x_wconf 87' lang='lat' dir='ltr'>nostri</span> <span class='ocrx_word' id='word_1_196' title='bbox 1794 2241 2005 2283; x_wconf 84' lang='lat' dir='ltr'>nat-alium</span> <span class='ocrx_word' id='word_1_197' title='bbox 2037 2243 2396 2298; x_wconf 88' lang='lat' dir='ltr'>quemadmodum</span> <span class='ocrx_word' id='word_1_198' title='bbox 2427 2241 2521 2285; x_wconf 87' lang='lat' dir='ltr'>Deo</span> 
     </span>
     <span class='ocr_line' id='line_1_21' title="bbox 584 2320 2521 2377; baseline 0.001 -15"><span class='ocrx_word' id='word_1_199' title='bbox 584 2321 880 2377; x_wconf 89' lang='lat' dir='ltr'>Omnipotenti</span> <span class='ocrx_word' id='word_1_200' title='bbox 910 2325 955 2363; x_wconf 87' lang='lat' dir='ltr'>et</span> <span class='ocrx_word' id='word_1_201' title='bbox 985 2321 1110 2363; x_wconf 90' lang='lat' dir='ltr'>nobis</span> <span class='ocrx_word' id='word_1_202' title='bbox 1141 2321 1327 2376; x_wconf 89' lang='lat' dir='ltr'>desuper</span> <span class='ocrx_word' id='word_1_203' title='bbox 1356 2321 1681 2377; x_wconf 88' lang='lat' dir='ltr'>respondebunt</span> <span class='ocrx_word' id='word_1_204' title='bbox 1713 2352 1722 2362; x_wconf 87' lang='lat'>.</span> <span class='ocrx_word' id='word_1_205' title='bbox 1754 2320 1808 2362; x_wconf 90' lang='lat' dir='ltr'>In</span> <span class='ocrx_word' id='word_1_206' title='bbox 1840 2321 1961 2363; x_wconf 89' lang='lat' dir='ltr'>cuius</span> <span class='ocrx_word' id='word_1_207' title='bbox 1996 2322 2059 2363; x_wconf 91' lang='lat' dir='ltr'>rei</span> <span class='ocrx_word' id='word_1_208' title='bbox 2091 2321 2389 2364; x_wconf 90' lang='lat' dir='ltr'>testimonium</span> <span class='ocrx_word' id='word_1_209' title='bbox 2422 2322 2521 2363; x_wconf 93' lang='lat' dir='ltr'>huic</span> 
     </span>
     <span class='ocr_line' id='line_1_22' title="bbox 581 2401 2522 2457; baseline 0.001 -15"><span class='ocrx_word' id='word_1_210' title='bbox 581 2403 772 2456; x_wconf 86' lang='lat' dir='ltr'>presenti</span> <span class='ocrx_word' id='word_1_211' title='bbox 804 2405 922 2444; x_wconf 88' lang='lat' dir='ltr'>carte</span> <span class='ocrx_word' id='word_1_212' title='bbox 953 2405 1102 2444; x_wconf 85' lang='lat' dir='ltr'>nostre</span> <span class='ocrx_word' id='word_1_213' title='bbox 1132 2415 1340 2457; x_wconf 84' lang='lat' dir='ltr'>magnum</span> <span class='ocrx_word' id='word_1_214' title='bbox 1372 2401 1563 2457; x_wconf 90' lang='lat' dir='ltr'>sigillum</span> <span class='ocrx_word' id='word_1_215' title='bbox 1596 2404 1795 2443; x_wconf 86' lang='lat' dir='ltr'>nostrum</span> <span class='ocrx_word' id='word_1_216' title='bbox 1826 2401 1985 2456; x_wconf 88' lang='lat' dir='ltr'>apponi</span> <span class='ocrx_word' id='word_1_217' title='bbox 2015 2401 2287 2457; x_wconf 89' lang='lat' dir='ltr'>precepimus</span> <span class='ocrx_word' id='word_1_218' title='bbox 2318 2401 2522 2443; x_wconf 87' lang='lat' dir='ltr'>Testibus</span> 
     </span>
     <span class='ocr_line' id='line_1_23' title="bbox 581 2480 2522 2537; baseline 0.001 -16"><span class='ocrx_word' id='word_1_219' title='bbox 581 2481 828 2536; x_wconf 87' lang='lat' dir='ltr'>predilectis</span> <span class='ocrx_word' id='word_1_220' title='bbox 850 2481 1184 2537; x_wconf 87' lang='lat' dir='ltr'>consanguineis</span> <span class='ocrx_word' id='word_1_221' title='bbox 1215 2484 1260 2523; x_wconf 91' lang='lat' dir='ltr'>et</span> <span class='ocrx_word' id='word_1_222' title='bbox 1290 2481 1548 2523; x_wconf 85' lang='lat' dir='ltr'>consiliariis</span> <span class='ocrx_word' id='word_1_223' title='bbox 1579 2480 1742 2523; x_wconf 88' lang='lat' dir='ltr'>nostris</span> <span class='ocrx_word' id='word_1_224' title='bbox 1773 2480 1944 2522; x_wconf 87' lang='lat' dir='ltr'>Joanne</span> <span class='ocrx_word' id='word_1_225' title='bbox 1975 2480 2151 2522; x_wconf 90' lang='lat' dir='ltr'>Atholie</span> <span class='ocrx_word' id='word_1_226' title='bbox 2173 2481 2328 2523; x_wconf 86' lang='lat' dir='ltr'>comite</span> <span class='ocrx_word' id='word_1_227' title='bbox 2350 2481 2522 2523; x_wconf 86' lang='lat' dir='ltr'>domino</span> 
     </span>
     <span class='ocr_line' id='line_1_24' title="bbox 583 2559 2519 2618; baseline 0.001 -17"><span class='ocrx_word' id='word_1_228' title='bbox 583 2561 778 2616; x_wconf 84' lang='lat' dir='ltr'>Balvany</span> <span class='ocrx_word' id='word_1_229' title='bbox 800 2560 1056 2603; x_wconf 85' lang='lat' dir='ltr'>cancellario</span> <span class='ocrx_word' id='word_1_230' title='bbox 1088 2565 1252 2612; x_wconf 88' lang='lat' dir='ltr'>nostro,</span> <span class='ocrx_word' id='word_1_231' title='bbox 1286 2561 1438 2603; x_wconf 83' lang='lat' dir='ltr'>Golino</span> <span class='ocrx_word' id='word_1_232' title='bbox 1461 2561 1615 2603; x_wconf 90' lang='lat' dir='ltr'>comite</span> <span class='ocrx_word' id='word_1_233' title='bbox 1642 2560 1854 2618; x_wconf 86' lang='lat' dir='ltr'>[Argadie</span> <span class='ocrx_word' id='word_1_234' title='bbox 1876 2559 2068 2617; x_wconf 89' lang='lat' dir='ltr'>domino]</span> <span class='ocrx_word' id='word_1_235' title='bbox 2096 2560 2290 2602; x_wconf 83' lang='lat' dir='ltr'>Gambell</span> <span class='ocrx_word' id='word_1_236' title='bbox 2312 2564 2357 2602; x_wconf 93' lang='lat' dir='ltr'>et</span> <span class='ocrx_word' id='word_1_237' title='bbox 2377 2560 2519 2602; x_wconf 91' lang='lat' dir='ltr'>Lorne</span> 
     </span>
     <span class='ocr_line' id='line_1_25' title="bbox 583 2640 2522 2697; baseline 0.001 -17"><span class='ocrx_word' id='word_1_238' title='bbox 583 2645 649 2681; x_wconf 81' lang='lat' dir='ltr'>etc</span> <span class='ocrx_word' id='word_1_239' title='bbox 666 2640 910 2693; x_wconf 85' lang='lat' dir='ltr'>justiciario</span> <span class='ocrx_word' id='word_1_240' title='bbox 931 2643 1080 2683; x_wconf 85' lang='lat' dir='ltr'>nostro</span> <span class='ocrx_word' id='word_1_241' title='bbox 1102 2641 1310 2697; x_wconf 87' lang='lat' dir='ltr'>generali,</span> <span class='ocrx_word' id='word_1_242' title='bbox 1327 2641 1356 2683; x_wconf 84' lang='lat' dir='ltr'><strong>J</strong></span> <span class='ocrx_word' id='word_1_243' title='bbox 1359 2642 1491 2684; x_wconf 90' lang='lat' dir='ltr'>acobo</span> <span class='ocrx_word' id='word_1_244' title='bbox 1515 2642 1670 2683; x_wconf 90' lang='lat' dir='ltr'>comite</span> <span class='ocrx_word' id='word_1_245' title='bbox 1687 2641 1739 2692; x_wconf 87' lang='lat' dir='ltr'>de</span> <span class='ocrx_word' id='word_1_246' title='bbox 1758 2641 1967 2683; x_wconf 90' lang='lat' dir='ltr'>Mortoun</span> <span class='ocrx_word' id='word_1_247' title='bbox 1984 2641 2157 2682; x_wconf 89' lang='lat' dir='ltr'>domino</span> <span class='ocrx_word' id='word_1_248' title='bbox 2178 2640 2230 2682; x_wconf 89' lang='lat' dir='ltr'>de</span> <span class='ocrx_word' id='word_1_249' title='bbox 2248 2640 2456 2682; x_wconf 83' lang='lat' dir='ltr'>Dalkeith</span> <span class='ocrx_word' id='word_1_250' title='bbox 2477 2644 2522 2682; x_wconf 93' lang='lat' dir='ltr'>et</span> 
     </span>
     <span class='ocr_line' id='line_1_26' title="bbox 582 2719 2520 2777; baseline 0.001 -17"><span class='ocrx_word' id='word_1_251' title='bbox 582 2733 740 2775; x_wconf 87' lang='lat' dir='ltr'>magno</span> <span class='ocrx_word' id='word_1_252' title='bbox 762 2719 884 2775; x_wconf 87' lang='lat' dir='ltr'>regni</span> <span class='ocrx_word' id='word_1_253' title='bbox 905 2721 1043 2762; x_wconf 91' lang='lat' dir='ltr'>nostri</span> <span class='ocrx_word' id='word_1_254' title='bbox 1065 2720 1304 2770; x_wconf 82' lang='lat' dir='ltr'>admirallo,</span> <span class='ocrx_word' id='word_1_255' title='bbox 1330 2721 1709 2777; x_wconf 88' lang='lat' dir='ltr'>[reuerendissimo</span> <span class='ocrx_word' id='word_1_256' title='bbox 1731 2720 1793 2774; x_wconf 91' lang='lat' dir='ltr'>et]</span> <span class='ocrx_word' id='word_1_257' title='bbox 1816 2720 2051 2762; x_wconf 82' lang='lat' dir='ltr'>venerabili</span> <span class='ocrx_word' id='word_1_258' title='bbox 2067 2720 2112 2761; x_wconf 92' lang='lat' dir='ltr'>in</span> <span class='ocrx_word' id='word_1_259' title='bbox 2132 2719 2306 2762; x_wconf 83' lang='lat' dir='ltr'>Christo</span> <span class='ocrx_word' id='word_1_260' title='bbox 2323 2720 2520 2776; x_wconf 84' lang='lat' dir='ltr'>patribus</span> 
     </span>
     <span class='ocr_line' id='line_1_27' title="bbox 586 2797 2518 2856; baseline 0.001 -18"><span class='ocrx_word' id='word_1_261' title='bbox 586 2797 772 2839; x_wconf 84' lang='lat' dir='ltr'>Patricio</span> <span class='ocrx_word' id='word_1_262' title='bbox 797 2798 1106 2841; x_wconf 84' lang='lat' dir='ltr'>Sanctiandree</span> <span class='ocrx_word' id='word_1_263' title='bbox 1128 2799 1467 2856; x_wconf 83' lang='lat' dir='ltr'>archiepiscopo,</span> <span class='ocrx_word' id='word_1_264' title='bbox 1501 2800 1692 2842; x_wconf 87' lang='lat' dir='ltr'>Roberto</span> <span class='ocrx_word' id='word_1_265' title='bbox 1715 2799 2080 2841; x_wconf 81' lang='lat' dir='ltr'>commendatario</span> <span class='ocrx_word' id='word_1_266' title='bbox 2101 2799 2349 2841; x_wconf 86' lang='lat' dir='ltr'>monasterii</span> <span class='ocrx_word' id='word_1_267' title='bbox 2380 2799 2518 2840; x_wconf 88' lang='lat' dir='ltr'>nostri</span> 
     </span>
     <span class='ocr_line' id='line_1_28' title="bbox 583 2875 2516 2933; baseline 0.002 -18"><span class='ocrx_word' id='word_1_268' title='bbox 583 2875 634 2916; x_wconf 84' lang='lat' dir='ltr'>de</span> <span class='ocrx_word' id='word_1_269' title='bbox 668 2875 972 2933; x_wconf 82' lang='lat' dir='ltr'>Dunsermling</span> <span class='ocrx_word' id='word_1_270' title='bbox 1004 2879 1235 2921; x_wconf 87' lang='lat' dir='ltr'>secretario</span> <span class='ocrx_word' id='word_1_271' title='bbox 1267 2882 1433 2929; x_wconf 86' lang='lat' dir='ltr'>nostro,</span> <span class='ocrx_word' id='word_1_272' title='bbox 1467 2879 1637 2921; x_wconf 85' lang='lat' dir='ltr'>dilectis</span> <span class='ocrx_word' id='word_1_273' title='bbox 1673 2879 1835 2921; x_wconf 85' lang='lat' dir='ltr'>nostris</span> <span class='ocrx_word' id='word_1_274' title='bbox 1866 2878 2153 2920; x_wconf 83' lang='lat' dir='ltr'>familiaribus</span> <span class='ocrx_word' id='word_1_275' title='bbox 2185 2881 2229 2919; x_wconf 90' lang='lat' dir='ltr'>et</span> <span class='ocrx_word' id='word_1_276' title='bbox 2259 2877 2516 2920; x_wconf 87' lang='lat' dir='ltr'>consiliariis</span> 
     </span>
     <span class='ocr_line' id='line_1_29' title="bbox 586 2954 2519 3014; baseline 0.002 -19"><span class='ocrx_word' id='word_1_277' title='bbox 586 2954 802 3009; x_wconf 86' lang='lat' dir='ltr'>Magistro</span> <span class='ocrx_word' id='word_1_278' title='bbox 835 2955 998 2998; x_wconf 84' lang='lat' dir='ltr'>Jacobo</span> <span class='ocrx_word' id='word_1_279' title='bbox 1031 2957 1218 3014; x_wconf 85' lang='lat' dir='ltr'>Makgill</span> <span class='ocrx_word' id='word_1_280' title='bbox 1248 2959 1301 2999; x_wconf 89' lang='lat' dir='ltr'>de</span> <span class='ocrx_word' id='word_1_281' title='bbox 1332 2958 1584 3000; x_wconf 85' lang='lat' dir='ltr'>Rankelour</span> <span class='ocrx_word' id='word_1_282' title='bbox 1615 2958 1776 3000; x_wconf 86' lang='lat' dir='ltr'>Nethir</span> <span class='ocrx_word' id='word_1_283' title='bbox 1806 2961 2052 2999; x_wconf 89' lang='lat' dir='ltr'>nostrorum</span> <span class='ocrx_word' id='word_1_284' title='bbox 2082 2956 2323 2999; x_wconf 89' lang='lat' dir='ltr'>rotulorum</span> <span class='ocrx_word' id='word_1_285' title='bbox 2343 2957 2519 3012; x_wconf 86' lang='lat' dir='ltr'>registri</span> 
     </span>
     <span class='ocr_line' id='line_1_30' title="bbox 584 3032 2519 3092; baseline 0.001 -17"><span class='ocrx_word' id='word_1_286' title='bbox 584 3048 634 3075; x_wconf 88' lang='lat' dir='ltr'>ac</span> <span class='ocrx_word' id='word_1_287' title='bbox 664 3032 831 3075; x_wconf 86' lang='lat' dir='ltr'>consilii</span> <span class='ocrx_word' id='word_1_288' title='bbox 848 3035 1017 3086; x_wconf 86' lang='lat' dir='ltr'>clerico,</span> <span class='ocrx_word' id='word_1_289' title='bbox 1040 3037 1297 3092; x_wconf 88' lang='lat' dir='ltr'>[Ludouico]</span> <span class='ocrx_word' id='word_1_290' title='bbox 1322 3038 1559 3079; x_wconf 86' lang='lat' dir='ltr'>Bellenden</span> <span class='ocrx_word' id='word_1_291' title='bbox 1590 3038 1642 3078; x_wconf 89' lang='lat' dir='ltr'>de</span> <span class='ocrx_word' id='word_1_292' title='bbox 1674 3036 1923 3079; x_wconf 90' lang='lat' dir='ltr'>Auchnoull</span> <span class='ocrx_word' id='word_1_293' title='bbox 1945 3036 2081 3078; x_wconf 88' lang='lat' dir='ltr'>milite</span> <span class='ocrx_word' id='word_1_294' title='bbox 2102 3039 2250 3078; x_wconf 88' lang='lat' dir='ltr'>nostre</span> <span class='ocrx_word' id='word_1_295' title='bbox 2275 3036 2519 3091; x_wconf 87' lang='lat' dir='ltr'>justiciaric</span> 
     </span>
     <span class='ocr_line' id='line_1_31' title="bbox 586 3114 2518 3172; baseline 0.002 -18"><span class='ocrx_word' id='word_1_296' title='bbox 586 3114 758 3163; x_wconf 78' lang='lat' dir='ltr'>clerieo,</span> <span class='ocrx_word' id='word_1_297' title='bbox 803 3114 1051 3157; x_wconf 87' lang='lat' dir='ltr'>Alexandro</span> <span class='ocrx_word' id='word_1_298' title='bbox 1088 3115 1190 3172; x_wconf 85' lang='lat' dir='ltr'>Hay</span> <span class='ocrx_word' id='word_1_299' title='bbox 1234 3121 1383 3159; x_wconf 90' lang='lat' dir='ltr'>nostre</span> <span class='ocrx_word' id='word_1_300' title='bbox 1429 3116 1687 3159; x_wconf 86' lang='lat' dir='ltr'>cancellarie</span> <span class='ocrx_word' id='word_1_301' title='bbox 1729 3116 1956 3165; x_wconf 89' lang='lat' dir='ltr'>directore,</span> <span class='ocrx_word' id='word_1_302' title='bbox 2001 3118 2046 3157; x_wconf 91' lang='lat' dir='ltr'>et</span> <span class='ocrx_word' id='word_1_303' title='bbox 2087 3115 2304 3171; x_wconf 85' lang='lat' dir='ltr'>Magistro</span> <span class='ocrx_word' id='word_1_304' title='bbox 2351 3115 2518 3158; x_wconf 87' lang='lat' dir='ltr'>Thoma</span> 
     </span>
     <span class='ocr_line' id='line_1_32' title="bbox 587 3193 2517 3252; baseline 0.002 -20"><span class='ocrx_word' id='word_1_305' title='bbox 587 3193 879 3234; x_wconf 85' lang='lat' dir='ltr'>Buchannane</span> <span class='ocrx_word' id='word_1_306' title='bbox 911 3194 963 3234; x_wconf 88' lang='lat' dir='ltr'>de</span> <span class='ocrx_word' id='word_1_307' title='bbox 994 3193 1136 3237; x_wconf 86' lang='lat' dir='ltr'>Ybert</span> <span class='ocrx_word' id='word_1_308' title='bbox 1167 3197 1307 3238; x_wconf 87' lang='lat' dir='ltr'>nostri</span> <span class='ocrx_word' id='word_1_309' title='bbox 1342 3196 1496 3238; x_wconf 87' lang='lat' dir='ltr'>secreti</span> <span class='ocrx_word' id='word_1_310' title='bbox 1534 3195 1667 3252; x_wconf 89' lang='lat' dir='ltr'>sigilli</span> <span class='ocrx_word' id='word_1_311' title='bbox 1703 3194 1896 3245; x_wconf 88' lang='lat' dir='ltr'>custode,</span> <span class='ocrx_word' id='word_1_312' title='bbox 1935 3194 2066 3250; x_wconf 88' lang='lat' dir='ltr'>Apud</span> <span class='ocrx_word' id='word_1_313' title='bbox 2096 3197 2286 3237; x_wconf 85' lang='lat' dir='ltr'>castrum</span> <span class='ocrx_word' id='word_1_314' title='bbox 2321 3198 2517 3237; x_wconf 89' lang='lat' dir='ltr'>nostrum</span> 
     </span>
     <span class='ocr_line' id='line_1_33' title="bbox 590 3271 2518 3330; baseline 0.002 -17"><span class='ocrx_word' id='word_1_315' title='bbox 590 3271 919 3327; x_wconf 86' lang='lat' dir='ltr'>Striuilingense</span> <span class='ocrx_word' id='word_1_316' title='bbox 959 3273 1161 3315; x_wconf 89' lang='lat' dir='ltr'>vicesimo</span> <span class='ocrx_word' id='word_1_317' title='bbox 1203 3278 1326 3317; x_wconf 86' lang='lat' dir='ltr'>sexto</span> <span class='ocrx_word' id='word_1_318' title='bbox 1366 3276 1435 3317; x_wconf 87' lang='lat' dir='ltr'>die</span> <span class='ocrx_word' id='word_1_319' title='bbox 1476 3275 1639 3316; x_wconf 88' lang='lat' dir='ltr'>mensis</span> <span class='ocrx_word' id='word_1_320' title='bbox 1679 3274 1871 3330; x_wconf 90' lang='lat' dir='ltr'>Augusti</span> <span class='ocrx_word' id='word_1_321' title='bbox 1911 3288 2024 3316; x_wconf 88' lang='lat' dir='ltr'>anno</span> <span class='ocrx_word' id='word_1_322' title='bbox 2065 3272 2240 3325; x_wconf 85' lang='lat' dir='ltr'>Domini</span> <span class='ocrx_word' id='word_1_323' title='bbox 2291 3274 2518 3317; x_wconf 89' lang='lat' dir='ltr'>millesimo</span> 
     </span>
     <span class='ocr_line' id='line_1_34' title="bbox 588 3350 2132 3411; baseline 0.003 -21"><span class='ocrx_word' id='word_1_324' title='bbox 588 3350 932 3406; x_wconf 82' lang='lat' dir='ltr'>quingentesimo</span> <span class='ocrx_word' id='word_1_325' title='bbox 955 3353 1273 3408; x_wconf 87' lang='lat' dir='ltr'>septuagesimo</span> <span class='ocrx_word' id='word_1_326' title='bbox 1295 3358 1450 3397; x_wconf 85' lang='lat' dir='ltr'>octauo</span> <span class='ocrx_word' id='word_1_327' title='bbox 1471 3358 1516 3397; x_wconf 91' lang='lat' dir='ltr'>et</span> <span class='ocrx_word' id='word_1_328' title='bbox 1535 3353 1658 3411; x_wconf 86' lang='lat' dir='ltr'>regni</span> <span class='ocrx_word' id='word_1_329' title='bbox 1679 3354 1817 3396; x_wconf 87' lang='lat' dir='ltr'>nostri</span> <span class='ocrx_word' id='word_1_330' title='bbox 1838 3353 2088 3396; x_wconf 88' lang='lat' dir='ltr'>duodecimo</span> <span class='ocrx_word' id='word_1_331' title='bbox 2121 3384 2132 3394; x_wconf 92' lang='lat'>.</span> 
     </span>
    </p>
   </div>
  </div>
 </body>
</html>
