3016 3958
1034 629 1327 685 CARTAE
1372 628 1875 686 ORIGINALES.
2331 633 2438 690 127

477 821 684 869 mediate
733 825 988 885 sequentes
1036 821 1161 868 diem
1210 820 1585 869 denuntiationis
1632 824 1681 868 et
1729 821 2060 870 ratificationis
2109 822 2199 870 sibi
2247 823 2434 871 domino

479 910 700 959 Waltero
723 911 850 959 facte
883 930 895 963 t
929 911 988 958 de
1013 913 1179 958 tenore
1205 910 1437 958 dictarum
1459 909 1693 958 bullarum
1730 934 1741 966 s
1774 910 1952 974 absque
1973 910 2188 960 ulteriori
2214 927 2346 959 mora
2366 912 2436 959 vel

475 1005 722 1064 protractu
754 1031 764 1058 Ι
797 1016 855 1048 ac
879 1001 1024 1048 etiam
1061 1000 1278 1064 promisit
1315 1004 1365 1048 et
1400 1016 1486 1064 per
1520 1003 1711 1064 pactum
1750 999 1957 1048 validum
1981 1004 2031 1048 et
2055 1001 2238 1049 solvere
2263 1017 2431 1048 conve-

475 1091 547 1138 nit
580 1117 590 1143 ι
623 1090 784 1139 omnia
824 1093 874 1138 et
915 1089 1101 1153 singula
1142 1091 1347 1153 dampna
1394 1090 1626 1138 interesse
1663 1093 1712 1137 et
1748 1105 1984 1153 expensas
2016 1114 2027 1147 J
2061 1107 2151 1155 que
2187 1092 2313 1155 quod
2359 1091 2431 1138 vel

475 1195 594 1243 quas
617 1180 820 1228 eundem
850 1180 1145 1243 Guasparem
1183 1179 1242 1226 ob
1280 1179 1519 1227 defectum
1542 1178 1619 1227 vel
1642 1179 2015 1228 retardationem
2051 1179 2306 1229 solutionis
2330 1198 2435 1244 pre-

474 1270 603 1317 dicte
626 1269 831 1317 termino
855 1268 1130 1332 supradicto
1154 1271 1256 1315 tum
1281 1268 1482 1316 forsitan
1506 1283 1600 1316 non
1625 1268 1752 1316 facte
1777 1268 1938 1317 favore
1974 1270 2075 1333 pati
2112 1274 2162 1318 et
2197 1271 2431 1319 sustinere

474 1358 728 1422 contigerit
758 1382 770 1415 t
803 1358 851 1405 in
882 1357 1065 1420 judicio
1103 1361 1153 1405 et
1190 1361 1331 1405 extra
1362 1382 1374 1415 Ι
1407 1356 1590 1405 solvere
1622 1361 1672 1405 et
1711 1358 1966 1406 restituere
1999 1382 2010 1415 s
2046 1359 2150 1414 Que
2187 1359 2347 1423 qualia
2382 1365 2431 1407 et

475 1453 655 1513 quanta
677 1448 774 1497 sint
797 1451 927 1497 stare
953 1451 1002 1495 et
1027 1447 1220 1495 credere
1245 1446 1397 1495 solvet
1435 1445 1718 1510 simpliciter
1740 1447 1883 1495 verbo
1907 1447 2056 1511 ipsius
2081 1449 2344 1512 Guasparis
2379 1454 2428 1497 et

474 1554 664 1587 suorum
698 1561 710 1595 t
741 1537 920 1602 absque
962 1539 1276 1592 sacramento,
1318 1536 1515 1584 testium
1541 1537 1854 1600 productione
1887 1559 1898 1591 s
1930 1537 2165 1586 dictorum
2206 1539 2434 1602 dampno-

474 1645 577 1676 rum
616 1627 846 1676 interesse
884 1631 934 1675 et
965 1642 1120 1690 expen
1306 1625 1556 1674 taxatione
1593 1630 1642 1673 et
1679 1627 1846 1690 quavis
1877 1626 1972 1675 alia
1995 1644 2138 1691 super
2160 1628 2253 1677 hiis
2277 1629 2453 1676 fienda

474 1717 753 1781 probatione
787 1744 797 1774 s
832 1716 898 1764 Et
941 1732 1032 1780 que
1079 1714 1154 1763 vel
1196 1715 1320 1779 quod
1369 1715 1612 1778 predictus
1648 1717 1867 1765 dominus
1910 1716 2160 1766 Walterus
2207 1720 2428 1767 convenit

475 1808 646 1855 debere
671 1807 794 1855 sicut
818 1805 1128 1870 principalem
1444 1821 1495 1853 se
1521 1805 1674 1868 ipsum
1699 1809 1749 1853 et
1774 1822 1885 1855 suos
1909 1806 2216 1871 imposterum
2243 1824 2430 1857 succes-

474 1913 606 1946 sores
637 1922 648 1955 s
680 1912 737 1944 ac
762 1895 921 1944 omnia
955 1898 1005 1943 et
1039 1893 1223 1957 singula
1256 1893 1328 1943 sui
1366 1898 1415 1942 et
1450 1910 1639 1943 suorum
1667 1895 1986 1958 predictorum
2014 1897 2138 1944 bona
2162 1897 2355 1945 mobilia
2380 1902 2428 1945 et

476 1985 735 2035 immobilia
766 2008 778 2042 Ι
810 1985 1052 2049 presentia
1083 1988 1132 2032 et
1169 1984 1332 2032 futura
1364 2008 1375 2039 s
1409 1984 1676 2047 ubicunque
1712 1985 1977 2034 consistant
2013 1990 2062 2034 et
2097 1967 2309 2050 poterint
2352 2004 2424 2034 re-

475 2076 619 2141 periri
653 2098 662 2128 1
694 2080 793 2124 tam
837 2074 963 2123 ultra
1003 2090 1132 2122 mare
1180 2077 1229 2121 et
1270 2077 1458 2122 montes
1499 2089 1640 2137 quam
1683 2063 1828 2121 etiam
1876 2075 1999 2123 citra
2029 2099 2041 2132 t
2074 2091 2185 2139 erga
2220 2077 2422 2123 eundem

478 2168 772 2230 Guasparem
806 2189 816 2221 Ι
849 2165 1023 2212 ibidem
1060 2167 1331 2227 presentem
1373 2167 1423 2211 et
1465 2168 1518 2211 ut
1560 2178 1704 2227 supra
1745 2163 2055 2227 stipulantem
2100 2164 2327 2228 obligavit
2376 2170 2425 2212 et

475 2255 781 2320 ypothecavit
814 2279 825 2311 s
859 2255 932 2302 Ac
955 2253 1101 2302 etiam
1127 2252 1272 2300 Curie
1309 2268 1557 2301 causarum
1595 2253 1794 2300 Camere
1832 2253 2110 2317 Apostolice
2134 2255 2424 2303 sanctissimi

476 2346 671 2394 Domini
716 2344 867 2393 nostri
902 2359 1024 2407 pape
1069 2342 1266 2406 eiusque
1309 2341 1569 2389 Camerarii
1610 2342 1962 2390 vicecamerarii
2005 2343 2255 2392 Auditoris
2306 2344 2425 2391 Vice

473 2435 708 2484 auditoris
745 2432 976 2496 Regentis
1000 2430 1396 2480 Locumtenentis
1431 2434 1481 2478 et
1514 2430 1837 2479 Commissarii
1869 2455 1881 2488 s
1913 2447 1971 2478 ac
1995 2433 2203 2479 omnium
2243 2437 2292 2479 et
2330 2433 2424 2480 sin-

472 2525 685 2589 gularum
710 2523 910 2572 aliarum
934 2522 1170 2570 curiarum
1208 2519 1639 2568 ecclesiasticarum
1668 2519 2063 2583 qualiumcunque
2089 2521 2286 2569 ubilibet
2311 2537 2422 2569 con-

473 2617 747 2665 stitutarum
783 2613 815 2660 J
822 2610 1209 2660 urisdictionibus
1244 2607 1616 2656 Cohercionibus
1657 2607 2070 2671 Compulsionibus
2116 2610 2149 2656 J
2155 2610 2315 2658 nribus
2362 2611 2422 2656 ri-

472 2705 662 2770 goribus
685 2702 808 2752 stilis
833 2706 882 2750 et
908 2699 1052 2748 moris
1075 2697 1374 2746 examinibus
1400 2718 1415 2747 s
1445 2696 1693 2759 supposuit
1718 2700 1767 2744 et
1791 2697 2010 2746 submisit
2042 2719 2054 2752 s
2083 2698 2176 2746 Per
2199 2701 2420 2762 quasqui-

474 2797 581 2843 dem
607 2793 762 2842 curias
786 2795 835 2839 et
860 2806 1020 2839 earum
1057 2786 1317 2852 quamlibet
1342 2786 1390 2832 in
1414 2785 1579 2834 solidis
1602 2789 1701 2834 tam
1727 2785 2018 2848 conjunctim
2055 2803 2195 2850 quam
2233 2788 2418 2836 divisim

473 2886 622 2934 voluit
647 2888 696 2932 et
720 2896 943 2946 expresse
969 2877 1240 2927 consensnit
1265 2892 1316 2925 se
1341 2879 1391 2923 et
1413 2891 1524 2924 suos
1547 2872 1749 2923 heredes
1784 2879 1832 2923 et
1858 2891 2155 2925 successores
2179 2878 2420 2940 predictos

474 2991 612 3040 posse
650 2977 700 3022 et
738 2972 909 3020 debere
945 2968 1048 3031 cogi
1084 2964 1303 3029 compelli
1339 2963 1597 3026 constringi
1629 2964 1808 3012 moneri
1834 2966 2233 3014 excommunicari
2257 2983 2419 3030 aggra-

474 3065 574 3113 vari
599 3060 895 3126 reaggravari
928 3074 939 3106 1
972 3062 1021 3105 et
1056 3057 1117 3104 ad
1151 3053 1396 3103 brachium
1421 3051 1634 3101 seculare
1664 3054 1836 3116 deponi
1872 3058 1922 3101 et
1957 3055 2018 3102 ad
2054 3060 2283 3104 arrestam
2311 3058 2417 3120 capi

474 3152 758 3203 incarcerari
781 3154 831 3198 et
857 3146 1058 3196 detineri
1093 3160 1187 3192 uno
1221 3147 1271 3191 et
1306 3142 1472 3190 eodem
1495 3144 1709 3205 tempore
1732 3141 1807 3188 vel
1832 3142 2029 3192 diversis
2051 3145 2344 3208 temporibus
2368 3150 2416 3193 et

475 3261 559 3309 per
595 3243 883 3290 diversorum
906 3241 1171 3300 temporum
1197 3230 1449 3280 intervalla
1483 3245 1633 3293 usque
1669 3231 1729 3277 ad
1766 3230 1954 3294 plenam
1993 3236 2041 3280 et
2078 3233 2307 3297 integram
2344 3251 2418 3283 so-

474 3335 702 3382 lutionem
738 3327 1059 3393 predictorum
1096 3321 1303 3372 omnium
1339 3339 1350 3372 s
1382 3320 1454 3368 ita
1487 3323 1649 3367 tamen
1685 3321 1810 3382 quod
1847 3322 2068 3370 executio
2104 3324 2242 3372 unius
2288 3325 2415 3372 curie
