3016 3958
1127 645 1419 702 OARTAE
1470 647 1970 705 ORIGINALES.
2426 656 2533 710 155

579 920 956 971 Instrumentum
980 925 1135 973 sasine
1173 926 1221 973 in
1256 927 1462 974 favorem
1497 927 1724 975 Willelmi
1764 927 1900 976 Rede
1930 929 2133 990 junioris
2167 930 2355 979 heredis
2381 932 2526 981 Alex-

581 1013 717 1067 andri
745 1013 881 1062 Rede
905 1015 1056 1078 patris
1079 1016 1151 1064 sui
1190 1045 1200 1054 ·

390 1190 554 1238 XCII.
587 1159 669 1252 In
717 1194 813 1243 Dei
858 1195 1047 1243 nomine
1096 1195 1250 1243 Amen
1289 1223 1298 1232 ·
1335 1199 1500 1258 pateat
1541 1195 1790 1244 euidenter
1831 1198 1955 1259 quod
2002 1213 2127 1244 anno
2176 1197 2525 1247 Inearnationis

581 1284 833 1332 Dominiee
870 1283 1122 1332 millesimo
1158 1283 1533 1347 quingentesimo
1569 1285 1773 1348 septimo
1811 1285 1985 1334 mensis
2010 1285 2189 1349 Aprilis
2226 1287 2302 1334 die
2339 1288 2522 1335 decima

577 1374 725 1422 tertia
762 1401 772 1412 ·
812 1401 822 1411 ·
861 1401 871 1411 ·
907 1371 1221 1437 personaliter
1243 1372 1507 1422 constituta
1540 1373 1690 1437 proba
1724 1373 1893 1421 mulier
1918 1373 2167 1422 Elizabeth
2197 1375 2333 1423 Rede
2358 1375 2524 1424 relicta

579 1463 815 1527 quondam
854 1461 1118 1510 Alexandri
1155 1462 1291 1509 Rede
1326 1461 1445 1510 ciuis
1480 1461 1707 1511 Ciuitatis
1744 1463 2077 1513 Breehinensis
2116 1492 2126 1502 ·
2165 1492 2175 1504 ·
2216 1493 2224 1501 ·
2262 1481 2394 1513 suam
2419 1482 2527 1514 eon-

579 1554 790 1601 iunotam
814 1551 1184 1601 infeodationem
1208 1552 1452 1601 cuiusdam
1475 1552 1737 1600 tenementi
1762 1568 1868 1600 oum
1903 1553 2042 1601 horto
2067 1557 2116 1601 et
2141 1556 2293 1602 cauda
2316 1555 2524 1604 eiusdem

573 1643 781 1705 jacentis
820 1642 944 1690 infra
985 1640 1246 1689 Ciuitatem
1289 1641 1658 1690 Breehinensem
1700 1659 1761 1690 ex
1802 1646 1938 1706 parte
1986 1643 2270 1691 occidentali
2319 1645 2527 1693 eiusdem

579 1734 706 1782 inter
741 1734 896 1781 terras
936 1730 1135 1779 Rieardi
1175 1730 1353 1793 Turing
1391 1734 1440 1778 et
1477 1730 1703 1778 heredum
1743 1732 1977 1794 quondam
2017 1732 2196 1780 Thome
2247 1733 2431 1781 Cutlair
2464 1735 2524 1781 ad

580 1823 877 1871 oeoidentem
918 1824 967 1868 et
1006 1824 1162 1868 terras
1199 1818 1463 1866 Alexandri
1506 1819 1780 1868 Crawmont
1815 1821 1875 1868 ad
1911 1821 2102 1868 boream
2138 1825 2186 1869 et
2228 1838 2525 1870 communem

580 1913 704 1961 viam
742 1911 937 1975 regiam*
957 1911 1019 1958 ad
1062 1910 1294 1957 orientem
1335 1913 1383 1956 et
1425 1912 1579 1957 terras
1618 1908 1814 1956 Ricardi
1855 1909 2180 1958 Wilzamsoun
2221 1912 2281 1958 ad
2317 1916 2526 1960 austrum

584 2018 784 2051 unacum
809 2001 941 2065 petia
963 2004 1090 2048 terre
1114 1998 1308 2047 arabilis
1331 2013 1437 2046 oum
1463 1997 1765 2061 pertinentiis
1793 1999 1947 2047 eidem
1970 2003 2246 2061 tenemento
2270 2001 2527 2063 pertinenti

583 2094 632 2140 in
669 2092 887 2141 manibus
925 2090 1058 2138 Petri
1096 2089 1242 2137 Ceres
1279 2088 1416 2136 unius
1452 2086 1734 2135 balliuorum
1770 2087 1897 2135 dicte
1934 2087 2159 2137 Ciuitatis
2195 2089 2527 2138 Breehinensis

583 2199 668 2247 per
690 2182 863 2232 fustem
890 2185 940 2230 et
963 2179 1183 2229 baculum
1223 2207 1232 2216 ·
1271 2206 1281 2216 ·
1322 2206 1331 2215 ·
1368 2177 1626 2240 resignauit
1651 2177 1951 2240 Quaquidem
1976 2177 2292 2240 resignatione
2311 2179 2379 2227 sie
2417 2208 2427 2216 ·
2466 2207 2475 2216 ·
2515 2207 2526 2216 -

581 2275 713 2322 faeta
749 2300 760 2312 ·
801 2301 811 2310 ·
851 2299 861 2310 ε
897 2271 1022 2319 idem
1060 2269 1268 2317 balliuus
1305 2295 1315 2305 ·
1354 2294 1377 2324 ι,
1405 2295 1415 2305 -
1452 2266 1677 2316 saisinam
1719 2270 1769 2314 et
1810 2266 2155 2330 possessionem
2192 2268 2526 2316 hereditariam

584 2363 702 2413 dieti
724 2360 987 2411 tenementi
1011 2358 1137 2407 horti
1162 2362 1211 2406 et
1235 2357 1363 2421 petie
1387 2362 1513 2405 terre
1549 2355 1742 2404 arabilis
1781 2384 1790 2393 -
1830 2383 1840 2393 ·
1879 2384 1889 2393 ·
1926 2356 2190 2404 honorabili
2215 2357 2313 2404 viro
2340 2356 2525 2404 Willel-

582 2470 660 2501 mo
698 2453 807 2500 Red
853 2449 1025 2499 seniori
1073 2449 1167 2496 oiui
1203 2446 1428 2495 Ciuitatis
1464 2445 1798 2493 Breehinensis
1833 2444 2043 2507 legitimo
2092 2450 2342 2494 aotornato
2377 2447 2522 2494 etiam

583 2541 873 2592 honorabilis
914 2540 1001 2587 viri
1044 2536 1276 2585 Willelmi
1326 2537 1460 2583 Rede
1501 2535 1703 2597 junioris
1744 2534 1862 2583 ciuis
1903 2534 2028 2582 dicte
2074 2534 2297 2583 Ciuitatis
2342 2534 2425 2582 filii
2474 2539 2522 2582 et

583 2631 772 2680 heredis
812 2629 1047 2693 quondam
1091 2625 1354 2674 Alexandri
1398 2624 1536 2671 Rede
1578 2623 1697 2672 ciuis
1744 2623 1953 2671 eiusdem
1990 2622 2214 2672 Ciuitatis
2251 2652 2261 2661 ·
2301 2651 2310 2661 ·
2351 2652 2359 2660 ·
2397 2626 2523 2671 Aeta

585 2725 721 2770 erant
758 2721 848 2767 hee
885 2718 1010 2781 apud
1050 2715 1310 2763 Ciuitatem
1350 2712 1717 2760 Breohinensem
1743 2707 1884 2776 super
1916 2712 2112 2759 fundum
2135 2713 2395 2760 tenementi
2421 2728 2523 2776 pre·-

586 2812 703 2860 dioti
742 2839 752 2849 ·
791 2838 801 2847 ·
841 2837 850 2846 ·
886 2805 1186 2872 presentibus
1226 2803 1403 2850 ibidem
1445 2801 1664 2849 diseretis
1704 2800 1817 2849 viris
1859 2799 2104 2848 Willelmo
2146 2801 2261 2849 Seot
2301 2802 2335 2847 J
2339 2802 2521 2849 ohanne

587 2900 787 2950 Ricardi
812 2898 1085 2946 Normanno
1125 2892 1268 2955 Lesly
1306 2891 1339 2940 J
1344 2891 1527 2939 ohanne
1567 2889 1772 2937 Sadillar
1796 2889 2005 2937 Rieardo
2032 2890 2167 2937 Rede
2192 2889 2373 2939 ciuibus
2397 2890 2522 2937 dicte

585 2989 811 3039 Ciuitatis
834 2991 883 3035 et
908 2986 1092 3034 Thema
1117 2983 1250 3030 Marr
1273 2981 1531 3043 sergeando
1555 2995 1661 3026 oum
1686 2978 1884 3027 diuersis
1907 2978 2014 3026 aliis
2052 3006 2061 3015 ·
2101 3007 2111 3016 ·
2151 3007 2160 3016 -

654 3080 720 3127 Et
759 3093 845 3140 ego
884 3075 1112 3123 Valterus
1152 3070 1296 3119 Clerk
1334 3069 1575 3118 Presbiter
1600 3067 1933 3117 Breohinensis
1959 3067 2054 3116 dioc
2082 3067 2296 3130 publicus
2319 3068 2522 3116 auetori-

583 3169 765 3219 tatibus
788 3163 1052 3230 apostolioa
1077 3166 1126 3211 et
1149 3159 1296 3224 regali
1320 3158 1533 3208 notarius
1571 3186 1580 3195 -
1620 3185 1630 3195 ·
1670 3185 1679 3194 ·
