3016 3958
315 1835 567 1896 ecoovn.

602 624 714 678 384
1088 621 1403 677 CARTAE
1444 619 2069 676 MISCELLANEAE.

602 804 862 855 acquetance
885 800 1131 843 sufficiande
1152 800 1201 842 of
1214 813 1266 855 ye
1288 799 1380 841 said
1402 812 1561 840 sowme
1583 798 1631 838 of
1654 797 1841 838 auchten
1862 796 2019 851 pundis
2040 796 2126 837 and
2147 795 2281 838 aucht
2301 795 2537 852 schilyngis

602 879 711 920 ande
732 880 778 921 in
801 878 1049 921 sufficiande
1070 883 1186 934 tyme
1207 881 1252 919 to
1273 891 1325 933 ye
1346 876 1520 918 chakar.
1583 875 1635 916 In
1657 875 1837 917 witness
1858 874 1907 916 of
1936 888 1988 931 ye
2009 874 2193 930 qulkis
2217 888 2280 916 we
2300 875 2412 917 haue
2436 876 2535 918 sub-

602 959 752 1001 scrivit
770 959 837 1014 yis
869 963 979 1013 wryt
999 958 1105 999 with
1127 971 1218 998 owr
1237 970 1375 1011 avyne
1396 954 1538 996 hande
1559 954 1644 996 and
1665 958 1764 1009 gert
1786 952 1881 995 seill
1902 953 1938 995 it
1958 954 2063 995 with
2086 967 2178 995 owr
2194 967 2334 1010 avyne
2355 954 2466 1005 seill,
2490 959 2538 997 at

601 1038 828 1080 Montross
848 1052 898 1093 ye
921 1037 993 1092 xiij
1018 1037 1101 1091 day
1132 1036 1179 1078 of
1204 1050 1255 1091 ye
1278 1035 1453 1076 mvneth
1486 1034 1534 1075 of
1562 1033 1694 1088 Maye
1714 1048 1766 1088 ye
1788 1035 1892 1075 zher
1912 1033 1960 1075 of
1988 1032 2107 1075 Gode
2129 1044 2165 1075 M
2185 1047 2281 1075 cccc
2304 1038 2427 1089 sexty
2447 1037 2536 1076 twa

600 1117 755 1171 zheris,
775 1116 897 1158 befor
916 1116 983 1171 yir
1002 1115 1194 1163 witness,
1219 1113 1247 1155 J
1250 1114 1362 1155 hone
1383 1112 1431 1155 of
1447 1112 1646 1167 Erskyne
1668 1112 1717 1154 of
1733 1111 1887 1162 Dwne,
1912 1111 2043 1154 Watt
2066 1111 2307 1168 Dempstar
2323 1113 2371 1155 of
2393 1112 2535 1155 Ouch-

598 1195 768 1245 terless,
792 1194 962 1237 Master
983 1194 1131 1236 Simon
1161 1193 1213 1235 de
1245 1192 1364 1234 Rede
1386 1192 1504 1234 vicar
1534 1192 1583 1234 of
1609 1192 1826 1242 Montros,
1853 1192 1980 1234 Schir
1999 1192 2192 1234 Androw
2223 1192 2412 1235 Watson
2434 1207 2534 1248 par-

600 1289 701 1316 sone
732 1275 780 1316 of
807 1274 1044 1321 Cukstoun,
1072 1271 1196 1313 schir
1226 1271 1413 1313 Wilzam
1446 1270 1570 1313 Clerc
1600 1271 1685 1313 and
1720 1271 1844 1313 Schir
1871 1270 2015 1314 Dauid
2046 1272 2275 1314 Androvse
2306 1271 2533 1328 chaplanis

597 1354 762 1396 notaris
785 1353 926 1409 public
948 1353 1037 1395 vith
1061 1352 1153 1408 oyir
1174 1351 1346 1407 syndry.

1921 1430 2134 1488 Georgius
2158 1432 2415 1475 Brechinen.

595 1673 726 1715 Curta
746 1672 927 1715 Comitis
953 1671 1230 1713 Maresehalli
1251 1671 1461 1727 magistro
1484 1670 1514 1713 J
1516 1671 1676 1713 ohanni
1703 1670 1921 1727 Spaldeyn
1940 1671 2103 1714 decano
2126 1672 2409 1715 Breehinensi
2442 1705 2452 1714 .

593 1820 813 1874 Omnibus
844 1864 853 1874 .
887 1863 896 1873 .
930 1864 939 1873 .
971 1831 1217 1872 Willelmus
1240 1830 1395 1872 Comes
1417 1829 1678 1873 Merseallus
1699 1831 1898 1873 dominus
1926 1831 1978 1873 de
2010 1831 2130 1874 Keth
2153 1836 2198 1874 et
2218 1833 2454 1875 vicecomes
2475 1833 2528 1875 de

594 1911 855 1967 Kyneardyn
892 1910 1083 1952 Salutem
1116 1942 1125 1952 .
1159 1941 1167 1952 .
1203 1940 1214 1951 .
1245 1910 1471 1952 Noueritis
1506 1923 1587 1952 nos
1619 1909 1791 1952 dedisse
1821 1941 1831 1954 .
1866 1940 1877 1951 .
1909 1942 1918 1952 .
1951 1910 2107 1953 dilecto
2129 1914 2279 1954 nostro
2314 1912 2527 1968 magistro

592 1990 618 2030 J
622 1990 779 2031 ohanni
800 1989 1014 2045 Spaldeyn
1034 1990 1195 2032 decano
1217 1989 1495 2031 Brechinensi
1522 2004 1654 2032 unam
1674 1989 1831 2032 tostam
1853 1993 1898 2032 et
1918 1980 2109 2032 croftam'
2115 1989 2316 2046 jacentes
2336 1991 2380 2032 in
2403 1991 2528 2046 Kyn—

591 2070 749 2125 cndyn
770 2070 990 2126 wlgariter
1010 2073 1282 2125 nuncupatas
1302 2069 1458 2111 toftam
1479 2073 1525 2112 et
1545 2070 1726 2112 croftam
1742 2070 1795 2111 de
1817 2069 2080 2111 Auehkarne
2101 2084 2198 2111 eum
2218 2070 2491 2126 pertinentiis
2515 2104 2525 2112 .

591 2149 851 2204 Quequidem
874 2150 983 2191 tofta
1004 2154 1048 2191 et
1068 2149 1206 2192 crofta
1238 2181 1246 2191 .
1279 2181 1288 2191 .
1322 2181 1332 2191 .
1362 2149 1540 2192 fuerunt
1560 2149 1775 2204 quondam
1799 2147 1942 2190 Dauid
1964 2149 2016 2190 de
2037 2148 2150 2191 Rate
2172 2149 2224 2191 de
2247 2149 2525 2206 Drumnage'r

588 2228 861 2278 hereditarie,
904 2233 949 2270 et
983 2228 1267 2283 quasquidem
1304 2261 1314 2271 .
1354 2259 1364 2270 .
1403 2261 1413 2271 .
1446 2228 1560 2271 idem
1609 2227 1754 2271 Dauid
1794 2242 1891 2270 cum
1935 2242 2149 2270 consensu
2182 2260 2191 2271 .
2224 2260 2233 2270 .
2266 2260 2276 2270 .
2308 2227 2520 2271 Willelmi

587 2307 664 2347 filii
687 2307 753 2349 sui
784 2313 828 2349 et
846 2308 1015 2350 heredis
1036 2308 1286 2363 apparentis
1321 2340 1330 2349 .
1363 2340 1372 2350 .
1408 2338 1418 2349 .
1449 2308 1494 2349 in
1516 2308 1716 2350 manibus
1739 2308 1899 2350 nostris
1922 2322 2028 2363 pure
2050 2312 2094 2350 et
2115 2307 2369 2364 simpliciter
2389 2308 2523 2364 resig-

587 2386 710 2428 nauit
740 2418 750 2428 .
782 2419 791 2428 .
824 2418 834 2428 .
867 2386 1093 2428 Tenendas
1124 2417 1133 2429 .
1168 2417 1178 2428 .
1214 2418 1222 2428 .
1253 2387 1368 2429 dieto
1392 2387 1609 2443 Magistro
1640 2386 1833 2429 Johanni
1866 2387 2081 2442 Spaldeyn
2103 2388 2334 2430 heredibus
2366 2389 2456 2430 suis
2478 2394 2522 2430 et

585 2466 819 2521 assignatis
835 2465 1158 2521 quibuscunque
1179 2466 1231 2507 de
1253 2466 1377 2508 nobis
1398 2470 1443 2508 et
1464 2466 1693 2508 heredibus
1719 2466 1881 2508 nostris
1902 2470 1948 2508 et
1969 2467 2290 2508 successoribus
2319 2467 2363 2508 in
2393 2467 2519 2510 feodo

586 2551 630 2586 et
652 2545 889 2586 hereditate
910 2545 1224 2600 imperpetuum
1256 2577 1265 2587 .
1301 2576 1310 2586 .
1342 2577 1351 2586 .
1384 2546 1429 2587 in
1453 2545 1634 2588 liberam
1655 2545 1943 2588 hostillariam
1965 2560 2062 2587 cum
2085 2550 2303 2601 potestate
2325 2549 2370 2589 et
2390 2546 2519 2588 liber-

586 2629 676 2666 tate
707 2624 941 2673 brasiandi,
972 2638 1107 2680 panes
1138 2625 1347 2679 coquendi
1369 2625 1580 2667 vendendi
1611 2630 1656 2668 et
1685 2625 1867 2675 emendi,
1901 2639 1951 2667 ac
1982 2625 2126 2667 omnia
2156 2626 2245 2668 alia
2273 2630 2318 2668 et
2348 2626 2520 2683 singula

586 2702 771 2744 faciendi
792 2707 837 2744 et
855 2704 1030 2758 gerendi
1053 2718 1136 2758 que
1166 2704 1221 2745 ad
1251 2704 1437 2746 officium
1467 2704 1601 2746 libere
1632 2704 1875 2747 hostillarie
1896 2705 1948 2746 de
1975 2706 2075 2760 jure
2108 2706 2177 2747 vel
2207 2706 2517 2749 consuetudine

584 2782 798 2837 pertinere
815 2782 1109 2832 dinoscuntur,
1130 2798 1226 2825 eum
1254 2783 1464 2826 focalibus
1494 2799 1544 2826 ac
1574 2785 1791 2827 communi
1820 2788 2003 2840 pastura
2022 2785 2137 2827 infra
2157 2785 2444 2827 communiam
2465 2786 2517 2827 de

586 2860 848 2916 Kyneardyn
868 2865 913 2903 et
937 2862 1187 2903 Auchcarne
1219 2867 1263 2905 et
1293 2878 1389 2904 cum
1410 2863 1546 2906 libero
1567 2864 1750 2906 introitu
1771 2869 1817 2906 et
1836 2864 1955 2906 exitu
1977 2864 2032 2906 ad
2056 2864 2236 2906 eandem
2272 2895 2283 2906 .
2313 2897 2323 2907 .
2357 2897 2366 2907 .
2401 2865 2515 2907 Red-

584 2939 722 2981 dendo
742 2939 840 2981 inde
861 2941 1082 2982 annuatim
1116 2973 1124 2983 .
1161 2973 1169 2982 .
1202 2973 1211 2983 .
1243 2956 1374 2983 unum
1393 2943 1618 2985 denarium
1638 2944 1810 2999 argenti
1840 2975 1850 2986 .
1884 2973 1895 2985 .
1929 2973 1940 2984 .
1971 2944 2007 2985 si
2023 2947 2200 2999 petatur
2215 2948 2384 2986 tantum
2419 2977 2428 2986 .
2459 2977 2468 2987 .
2502 2976 2511 2986 .

586 3019 637 3059 In
660 3019 781 3060 cuius
810 3019 873 3060 rei
902 3020 1196 3062 testimonium
1230 3023 1420 3078 sigillum
1451 3027 1651 3066 nostrum
1680 3024 1781 3066 huic
1811 3024 2004 3079 presenti
2035 3027 2153 3066 carte
2184 3029 2332 3067 nostre
2355 3027 2514 3081 apponi

583 3097 761 3138 fecimus
791 3098 904 3153 apud
935 3098 1188 3155 Dunnottyr
1217 3105 1371 3143 octauo
1401 3102 1469 3143 die
1504 3104 1666 3145 mensis
1698 3103 1897 3145 Januarii
1930 3118 2042 3146 anno
2078 3103 2253 3146 Domini
2285 3104 2514 3148 millesimo

584 3176 1005 3232 quadringentesimo
1037 3180 1354 3235 septuagesimo
1375 3184 1506 3224 tertio
1527 3196 1671 3225 coram
1701 3183 1770 3225 his
1802 3183 1988 3225 testibus
2017 3182 2217 3226 videlicet
2248 3183 2439 3226 Roberto
2460 3186 2513 3227 de

584 3258 835 3300 Arbuthnot
863 3258 915 3299 de
944 3258 1107 3309 eodem,
1129 3260 1301 3304 domino
1321 3261 1482 3306 Jacob«)
1504 3263 1635 3305 Auell
1661 3267 1812 3307 curato
1841 3264 1894 3306 de
1926 3263 2183 3320 Cattirlyne,
2212 3270 2256 3307 et
2277 3265 2305 3307 J
2308 3267 2439 3309 acobo
2461 3267 2513 3308 de

584 3336 788 3393 Kynloeh
809 3352 904 3380 cum
927 3339 1110 3382 diuersis
1131 3340 1228 3382 aliis
1260 3374 1268 3383 .
1614 3327 1626 3335 ο
