3016 3958
292 1097 483 1146 XXVI.

510 643 583 695 46
1095 641 1385 698 CARTAE
1430 641 1923 696 ORIGINALES.

511 920 884 969 Instrumentum
921 921 1103 970 Saisine
1129 922 1187 969 de
1211 923 1486 969 tenemento
1511 919 1558 966 in
1583 919 1730 982 burgo
1755 920 1813 966 de
1840 919 2062 968 Monross
2099 947 2108 956 ·

511 1068 596 1145 In
623 1099 715 1146 Dei
741 1099 928 1147 nomine
968 1127 977 1137 ·
1018 1127 1027 1137 ·
1067 1127 1077 1137 ·
1112 1103 1277 1163 pateat
1304 1098 1552 1146 euidenter
1586 1098 1710 1161 quod
1746 1113 1870 1144 anno
1905 1095 2256 1144 Incarnationis
2279 1095 2444 1143 Domi-

507 1188 611 1236 nice
636 1188 885 1238 millesimo
911 1188 1373 1253 quadringentesimo
1399 1187 1638 1236 tricesimo
1674 1186 1840 1249 quinto
1878 1185 2054 1234 mensis
2090 1200 2201 1232 vero
2239 1185 2443 1232 Nouem-

506 1278 604 1326 bris
628 1278 704 1326 die
730 1278 829 1341 xiij.
856 1277 1124 1326 Indictione
1148 1277 1255 1339 xiija
1277 1275 1588 1324 Pontificatus
1627 1302 1637 1312 ·
1676 1303 1686 1312 ·
1725 1302 1735 1312 ·
1774 1274 1973 1337 Eugenii
1991 1289 2112 1337 pape
2137 1273 2293 1337 quarti
2316 1289 2439 1320 anno

505 1367 670 1430 quinto
708 1395 718 1405 ·
756 1367 816 1414 In
856 1367 950 1414 mei
990 1366 1164 1414 notarii
1204 1364 1381 1430 publici
1423 1368 1472 1412 et
1514 1363 1709 1412 testium
1756 1363 2158 1427 infrascriptorum
2200 1363 2439 1426 presentia

504 1455 818 1520 personaliter
842 1457 1104 1504 constituta
1129 1455 1403 1518 Mergareta
1427 1454 1543 1502 Scot
1567 1452 1664 1500 filia
1687 1456 1736 1501 et
1759 1453 1897 1500 heres
1923 1451 2129 1500 Walteri
2155 1451 2269 1499 Scot
2294 1467 2440 1515 quon-

505 1546 611 1593 dam
635 1545 879 1608 burgensis
903 1546 962 1592 de
987 1545 1230 1592 Montross
1254 1559 1360 1591 cum
1384 1557 1615 1591 consensu
1650 1545 1699 1589 et
1734 1556 1929 1589 assensu
1963 1540 2122 1588 mariti
2156 1540 2227 1588 sui
2262 1539 2436 1587 ibidem

503 1635 737 1697 presentis
762 1651 902 1682 unum
925 1637 1248 1682 tenementum
1273 1648 1378 1679 cum
1415 1630 1716 1695 pertinentiis
1753 1630 1879 1693 quod
1916 1629 2007 1677 fuit
2047 1629 2165 1677 dicti
2200 1630 2435 1692 quondam

502 1723 652 1786 patris
675 1723 748 1772 sui
765 1723 932 1785 jacens
955 1722 1003 1769 in
1029 1722 1158 1770 dicto
1179 1721 1327 1784 burgo
1352 1721 1399 1767 in
1424 1720 1528 1767 vico
1564 1719 1708 1768 castri
1745 1735 1806 1766 ex
1840 1723 1976 1782 parte
2011 1718 2190 1767 boreali
2225 1719 2434 1767 eiusdem

503 1812 630 1859 inter
674 1816 851 1860 terram
901 1810 1102 1859 Roberti
1148 1809 1231 1857 filii
1279 1808 1484 1858 Gilberti
1522 1809 1582 1856 ad
1620 1808 1919 1856 occidentem
1951 1824 2012 1855 ex
2048 1824 2142 1855 una
2176 1811 2225 1856 et
2259 1811 2435 1856 terram

503 1901 705 1963 Agnetis
729 1902 787 1948 de
813 1900 1014 1948 Camera
1036 1901 1096 1947 ad
1121 1899 1352 1947 orientem
1377 1897 1592 1961 partibus
1622 1914 1682 1945 ex
1712 1896 1877 1953 altera,
1914 1896 1963 1944 in
1999 1896 2214 1944 manibus
2240 1896 2434 1944 Andree

505 1989 701 2038 Paniter
724 1993 773 2036 et
797 1989 830 2034 J
835 1987 1034 2037 ohannis
1059 1988 1224 2051 Nudry
1247 1991 1362 2035 tunc
1387 1986 1503 2034 dicti
1526 1985 1659 2048 burgi
1685 1985 1964 2034 balliuorum
1999 2001 2115 2048 pure
2139 1989 2189 2033 et
2212 1985 2436 2049 simplici-

501 2082 578 2126 ter
599 2077 854 2140 resignauit
878 2092 983 2125 cum
1008 2092 1240 2125 consensu
1264 2079 1313 2123 et
1338 2091 1531 2124 assensu
1568 2074 1775 2122 Mariote
1801 2075 1859 2121 de
1886 2074 2012 2136 Leys
2047 2074 2213 2122 matris
2236 2090 2319 2122 sue
2344 2090 2434 2138 que

504 2167 647 2214 etiam
671 2171 786 2214 tunc
806 2181 1000 2230 presens
1022 2165 1113 2213 fuit
1137 2169 1186 2212 et
1211 2164 1386 2211 ibidem
1409 2179 1544 2211 51111111
1579 2162 1778 2210 liberum
1811 2166 2132 2210 tenementum
2158 2162 2284 2210 dicte
2308 2167 2433 2210 terre

504 2255 630 2303 dicte
655 2254 830 2317 Agneti
853 2253 947 2302 filie
971 2269 1053 2302 sue
1074 2254 1162 2317 (et)
1182 2253 1283 2301 eius
1307 2252 1478 2300 marito
1502 2267 1685 2300 sursum
1710 2251 1916 2299 reddidit
1936 2255 1985 2298 et
2003 2267 2090 2314 pro
2107 2256 2337 2315 perpetuo
2364 2268 2435 2299 re-

505 2343 709 2406 signauit
732 2347 951 2406 preterea
975 2342 1255 2390 renuncians
1279 2342 1403 2389 dicta
1429 2340 1738 2405 Agnes-omni
1756 2340 1853 2401 juri
1878 2340 2003 2403 quod
2039 2339 2130 2388 sibi
2165 2343 2433 2403 competere

501 2433 677 2494 poterit
717 2433 775 2479 de
811 2432 985 2486 futuro,
1024 2430 1352 2495 extollensque
1390 2446 1556 2478 manus
1592 2431 1653 2477 ad
1692 2428 1940 2477 ecclesiam
1979 2428 2108 2477 beati
2134 2429 2266 2476 Petri
2289 2445 2435 2476 nunc-

502 2536 640 2582 quam
665 2536 715 2568 se
740 2520 918 2567 dictum
942 2523 1265 2567 tenementum
1289 2518 1599 2567 clamaturam
1617 2518 1930 2566 iuramentum
1955 2517 2167 2581 prestitit
2191 2518 2434 2582 corporale

501 2609 766 2672 precipiens
813 2625 904 2672 que
951 2608 1139 2657 balliuis
1185 2608 1469 2672 supradictis
1516 2608 1640 2671 quod
1688 2608 1857 2655 darent
1909 2607 2115 2655 sasinam
2161 2611 2211 2654 et
2257 2611 2434 2656 statum

499 2697 836 2745 hereditarium
861 2713 946 2760 pro
970 2701 1200 2760 perpetuo
1225 2696 1490 2745 Cuthberto
1516 2696 1642 2759 Vyly
1679 2695 1932 2744 heredibus
1966 2695 2065 2743 suis
2100 2699 2149 2742 et
2183 2695 2434 2758 assignatis

504 2801 590 2847 per
612 2790 737 2833 terre
762 2789 811 2832 et
835 2785 1006 2848 lapidis
1029 2785 1334 2833 traditionem
1373 2814 1382 2822 -
1421 2785 1513 2840 Qui
1538 2785 1724 2848 quidem
1750 2782 1913 2831 balliui
1948 2783 2209 2832 tenementi
2233 2799 2318 2847 per
2339 2788 2434 2832 ter-

500 2889 599 2919 ram
641 2877 690 2920 et
727 2873 932 2936 lapidem
957 2873 1046 2922 sibi
1071 2873 1201 2936 prius
1223 2877 1498 2936 presentata
1534 2889 1620 2936 per
1656 2873 1810 2920 dictos
1848 2873 2082 2935 Agnetem
2125 2876 2174 2920 et
2211 2872 2429 2942 maritum

501 2977 634 3009 suum
673 2963 731 3008 de
768 2963 1020 3010 eorundem
1047 2963 1270 3010 mandato
1306 2966 1359 3010 ut
1392 2961 1536 3010 moris
1573 2966 1646 3009 est
1685 2961 1732 3008 in
1767 2961 1914 3023 burgo
1951 2960 2156 3008 sasinam
2181 2964 2230 3008 et
2253 2964 2430 3008 statum

501 3049 838 3097 hereditarium
866 3049 994 3097 dicto
1019 3050 1284 3098 Cuthberto
1308 3050 1562 3098 heredibus
1596 3049 1695 3098 suis
1732 3053 1780 3097 et
1816 3049 2070 3112 assignatis
2092 3065 2179 3112 pro
2201 3054 2431 3113 perpetuo

503 3139 803 3187 tradiderunt
827 3139 1084 3185 secundum
1110 3140 1299 3187 modum
1322 3139 1520 3186 formam
1545 3138 1864 3185 conditionem
1901 3141 1950 3184 et
1986 3141 2282 3185 contractum
2307 3138 2432 3186 inter

506 3230 666 3289 partes
689 3225 1013 3280 efficaciorem,
1049 3225 1182 3273 saluo
1211 3226 1317 3288 jure
1353 3225 1563 3289 quolibet
1588 3224 1743 3273 alieno
1781 3253 1790 3263 ·
1828 3225 1981 3288 Super
2014 3225 2183 3289 quibus
2217 3227 2431 3276 omnibus

505 3319 552 3363 et
578 3313 771 3378 singulis
795 3313 950 3362 dictus
974 3314 1266 3363 Cuthbertus
1290 3330 1319 3362 a
1344 3330 1418 3361 me
1442 3314 1628 3361 notario
1652 3313 1840 3377 publico
1867 3314 1956 3362 sibi
1980 3314 2079 3361 fieri
2115 3314 2254 3377 petiit
2289 3332 2430 3364 unum
