3016 3958
544 639 654 699 370
1020 640 1335 694 OARTAE
1375 635 1999 693 MISCELLANEAE.

548 897 778 940 Concessio
798 896 1076 939 dimidietatis
1096 900 1311 938 terrarum
1333 894 1385 936 de
1407 893 1695 936 Balnabreich
1716 892 1967 934 Alexandro
1989 891 2190 947 Carnegy
2209 890 2374 946 juniori
2407 924 2419 932 .

153 1055 521 1098 CCCLXXXVI.
546 1044 585 1098 J
588 1058 747 1099 acobus
776 1059 855 1098 etc.
891 1088 899 1096 .
932 1087 942 1097 .
974 1087 983 1097 .
1016 1054 1307 1096 concessimus
1338 1083 1350 1095 .
1380 1085 1390 1095 .
1424 1084 1434 1095 .
1468 1052 1717 1095 Alexandro
1740 1051 1940 1108 Carnegy
1956 1050 2122 1106 juniori
2142 1050 2233 1093 filio
2263 1051 2480 1106 legittimo

547 1137 690 1179 dilecti
726 1135 861 1178 nostri
897 1133 1129 1177 consiliarii
1166 1133 1367 1189 magistri
1404 1131 1547 1174 Dauid
1589 1131 1788 1188 Carnegy
1828 1131 1881 1173 de
1922 1130 2126 1186 Oolluthy
2168 1133 2214 1173 et
2251 1130 2483 1173 heredibus

547 1214 750 1257 masculis
785 1245 792 1255 .
826 1243 837 1254 .
870 1246 879 1255 .
912 1213 964 1254 de
995 1226 1174 1268 corpore
1207 1226 1284 1254 suo
1315 1211 1528 1268 legittime
1559 1211 1838 1267 procreandis
1868 1210 2024 1266 quibus
2054 1210 2353 1253 deficientibus
2384 1225 2482 1266 pro-

546 1293 840 1350 pinquioribus
875 1324 883 1332 .
915 1323 924 1333 .
960 1322 969 1332 .
1003 1291 1234 1332 heredibus
1254 1290 1460 1333 masculis
1493 1291 1583 1333 suis
1614 1291 1941 1345 quibuscunque
1974 1323 1983 1332 .
2016 1321 2025 1332 .
2059 1321 2068 1332 .
2100 1290 2219 1332 illa-m
2242 1290 2483 1332 dimidieta-

548 1378 634 1415 tem
651 1371 848 1413 videlicet
864 1369 1172 1412 occidentalem
1199 1400 1210 1410 .
1240 1400 1250 1410 .
1278 1402 1287 1412 .
1314 1373 1529 1412 terrarum
1547 1374 1591 1412 et
1606 1370 1708 1411 ville
1722 1370 1773 1412 de
1791 1369 2078 1412 Balnabreich
2094 1370 2199 1427 (No.
2219 1370 2365 1425 CLV.)
2384 1385 2478 1412 cum

548 1457 667 1495 turre
684 1450 896 1493 fortalicio
917 1449 1056 1492 hortis
1078 1449 1284 1504 pomariis
1306 1449 1485 1491 edificiis
1502 1449 1735 1491 earundem
1757 1463 1807 1491 ac
1828 1463 1926 1491 cum
1959 1481 1968 1490 .
2002 1480 2012 1490 .
2046 1482 2055 1491 .
2088 1449 2333 1492 molendino
2355 1451 2484 1492 terris

547 1530 871 1574 molendinariis
903 1560 913 1571 .
944 1559 955 1570 .
988 1560 997 1571 .
1030 1528 1235 1570 multuris
1263 1532 1308 1570 et
1339 1528 1527 1583 sequelis
1557 1559 1567 1570 .
1603 1559 1613 1569 .
1645 1560 1655 1570 .
1687 1531 1732 1570 et
1764 1528 1891 1570 iustis
1923 1528 2199 1584 pertinentiis
2232 1529 2344 1572 dicte
2375 1530 2484 1572 occi-

548 1610 734 1653 dentalis
755 1608 1034 1651 dimidietatis
1066 1639 1075 1649 .
1109 1640 1117 1649 .
1154 1639 1163 1648 .
1194 1611 1322 1664 prout
1355 1639 1364 1649 .
1398 1640 1408 1649 .
1443 1638 1452 1648 .
1484 1607 1694 1650 diuiditur
1723 1608 1778 1649 ab
1809 1607 2011 1650 orientali
2039 1608 2306 1651 dimidietate
2329 1623 2483 1651 carun*

549 1691 644 1732 dem
674 1689 729 1731 ad
759 1688 969 1730 Jacobum
992 1686 1174 1729 Guthrie
1207 1687 1466 1729 hereditarie
1498 1687 1743 1743 pertinente
1773 1687 2007 1730 iacentium
2037 1687 2081 1729 in
2109 1688 2299 1730 dominio
2330 1693 2481 1731 nostro

547 1769 598 1810 de
635 1767 820 1809 Brechin
850 1767 964 1808 infra
993 1766 1341 1808 vicecomitatum
1377 1770 1575 1808 nostrum
1611 1766 1663 1808 de
1700 1766 1857 1808 Forfar
1889 1797 1900 1808 .
1933 1766 2199 1822 Quequidem
2235 1767 2482 1810 dimidietas

656 1879 666 1889 .
707 1847 761 1889 ad
802 1847 1039 1902 predictum
1080 1846 1338 1901 magistrum
1379 1845 1523 1887 Dauid
1566 1876 1576 1887 .
1619 1877 1627 1887 .
1672 1877 1682 1887 .
1723 1845 1983 1888 hereditarie
2026 1877 2036 1888 .
2082 1877 2089 1886 .
2133 1876 2144 1887 .
2180 1846 2391 1902 pertinuit
2432 1848 2483 1889 de

547 1927 670 1969 nobis
711 1926 954 1968 immediate
994 1930 1117 1968 tenta
1156 1940 1207 1968 ac
1247 1926 1550 1981 quamquidem
1587 1957 1595 1966 .
1627 1957 1636 1967 .
1670 1957 1679 1967 .
1717 1925 1829 1967 idem
1866 1954 1878 1966 .
1918 1956 1927 1967 .
1964 1957 1974 1968 .
2010 1925 2254 1981 resignauit
2290 1957 2299 1968 .
2342 1957 2351 1967 .
2388 1959 2397 1968 .
2435 1927 2480 1968 in

548 2035 558 2046 .
592 2037 602 2047 .
635 2038 643 2047 .
675 2006 866 2048 favorem
897 2005 1078 2061 predicti
1108 2005 1347 2047 Alexandri
1381 2035 1391 2046 .
1424 2035 1433 2045 .
1467 2035 1478 2046 .
1511 2004 1633 2047 saluo
1666 2037 1675 2047 .
1710 2035 1721 2046 .
1754 2037 1763 2047 .
1796 2004 1989 2047 Johanni
2022 2005 2221 2062 Carnegy
2251 2006 2303 2047 de
2335 2007 2483 2049 eodem

547 2085 668 2127 vitali
689 2085 859 2128 redditu
893 2117 900 2126 .
933 2117 942 2127 .
976 2117 985 2126 .
1017 2099 1114 2126 cum
1135 2084 1332 2126 clausula
1352 2085 1404 2126 de
1426 2084 1556 2127 Nouo
1578 2085 1731 2126 damus
1759 2114 1769 2126 .
1804 2115 1813 2124 .
1846 2114 1856 2126 .
1885 2083 2120 2127 Reddendo
2140 2085 2239 2127 inde
2259 2087 2484 2129 annuatim

593 2195 604 2206 .
635 2197 644 2207 .
677 2166 801 2207 nobis
834 2197 843 2206 .
877 2198 887 2207 .
922 2194 932 2205 .
965 2178 1040 2206 seu
1081 2165 1330 2207 camerariis
1370 2165 1533 2207 nostris
1573 2165 1626 2206 de
1668 2165 1856 2206 Brechin
1891 2196 1901 2207 .
1936 2196 1944 2207 .
1977 2196 1987 2207 .
2022 2179 2235 2207 summam
2276 2170 2482 2222 quatuor-

549 2244 684 2286 decim
707 2258 947 2286 marcarum
979 2243 1144 2285 vsualis
1174 2247 1345 2286 monete
1376 2245 1499 2299 regni
1530 2244 1670 2286 nostri
1700 2248 1908 2299 tanquam
1940 2244 2138 2299 equalem
2168 2244 2479 2287 dimidietatem

548 2324 670 2364 firme
703 2354 711 2365 .
747 2353 759 2364 .
791 2353 801 2363 .
831 2323 985 2378 viginti
1026 2327 1122 2364 octo
1164 2337 1407 2365 marcarum
1441 2354 1450 2365 .
1483 2356 1493 2365 .
1527 2355 1536 2366 .
1568 2323 1613 2365 in
1654 2323 1834 2379 antiquo
1874 2323 2184 2366 infeofamento
2215 2356 2225 2366 .
2261 2355 2270 2364 .
2302 2356 2313 2366 .
2345 2324 2480 2380 speci-

548 2403 674 2445 ficate
706 2435 715 2444 .
748 2434 758 2445 .
790 2434 800 2444 .
831 2416 881 2444 ac
915 2402 1045 2444 etiam
1077 2403 1310 2458 prestando
1342 2403 1574 2445 seruicium
1594 2403 1856 2445 forinsecum
1881 2402 2006 2445 nobis
2038 2434 2047 2444 .
2079 2435 2089 2445 .
2123 2435 2133 2445 .
2164 2406 2358 2459 tempore
2379 2417 2480 2446 nos-

549 2486 713 2523 trorum
755 2482 1018 2523 exercituum
1049 2481 1300 2524 bellicorum
1330 2486 1461 2538 prout
1490 2482 1535 2524 in
1564 2482 1759 2538 predicto
1789 2514 1799 2525 .
1834 2512 1845 2523 .
1877 2515 1886 2524 .
1918 2482 2226 2525 infeofamento
2257 2515 2266 2524 .
2299 2514 2309 2525 .
2343 2515 2353 2525 .
2384 2497 2483 2526 con—

549 2560 712 2602 tinetur
754 2560 986 2602 secundum
1026 2564 1166 2602 ratam
1204 2565 1246 2603 et
1288 2562 1578 2616 quantitatem
1618 2562 1810 2618 predicte
1850 2562 2133 2605 dimidietatis
2167 2595 2176 2604 .
2211 2595 2221 2605 .
2257 2595 2267 2605 .
2299 2564 2481 2606 acetiam

549 2639 804 2681 inveniendo
836 2643 881 2680 et
911 2641 1194 2682 sustentando
1225 2641 1537 2684 dimidietatem
1568 2641 1700 2683 trium
1732 2641 1926 2698 peditum
1949 2656 2046 2684 cum
2066 2641 2229 2684 lanceis
2259 2642 2314 2684 lie
2345 2643 2484 2698 pickis

551 2722 596 2761 et
634 2718 867 2760 halcreikis
906 2722 1099 2774 tempore
1139 2734 1295 2775 guerre
1337 2734 1414 2761 seu
1449 2720 1553 2762 belli
1589 2724 1854 2764 armatorum
1891 2736 1987 2763 cum
2022 2721 2199 2777 reliquis
2234 2722 2482 2765 tenentibus

552 2797 731 2839 dominii
752 2798 890 2839 nostri
911 2797 963 2840 de
985 2798 1169 2840 Brechin
1191 2799 1361 2854 quoties
1379 2813 1489 2855 opus
1518 2799 1652 2842 fuerit
1680 2799 1726 2841 in
1756 2800 2002 2842 feudifirma
2021 2804 2192 2843 tantum
2224 2833 2233 2843 .
2266 2833 2276 2843 .
2309 2834 2318 2843 .
2351 2802 2478 2857 Apud

553 2876 879 2931 Halyruidhous
922 2877 1071 2919 vltimo
1112 2878 1180 2920 die
1221 2879 1383 2921 mensis
1423 2877 1676 2921 Decembris
1715 2893 1828 2921 anno
1869 2878 2046 2922 Domini
2081 2883 2161 2922 etc.
2202 2881 2482 2937 nonagesimo

554 2955 703 3009 quinto
724 2958 768 2997 et
788 2955 910 3011 regni
932 2956 1069 2998 nostri
1091 2957 1292 2999 vicesimo
1314 2972 1427 3000 nono
1458 2989 1468 3000 .

135 3190 528 3233 CCCLXXXVII.
555 3179 665 3233 Ane
684 3193 981 3247 presentation
1009 3194 1125 3236 maid
1144 3199 1190 3238 to
1212 3196 1398 3238 Maister
1430 3196 1600 3240 Johnne
1622 3197 1792 3240 Wemis
1812 3197 2011 3240 minister
2037 3201 2084 3239 at
2109 3197 2184 3239 the
2203 3198 2362 3252 paroch
2385 3197 2482 3239 kirk

554 3271 601 3311 of
628 3269 868 3312 Cuikstoun
902 3302 911 3312 .
945 3301 955 3312 .
987 3304 996 3314 .
1028 3275 1287 3328 presentand
1320 3275 1410 3317 him
1439 3279 1484 3318 to
1511 3277 1586 3318 the
1617 3276 1870 3332 prebend1·ie
1902 3275 2023 3318 callit
2052 3276 2127 3318 the
2164 3276 2417 3318 subdenerie
2439 3277 2486 3319 of

553 3349 627 3390 the
667 3349 886 3391 cathedral
926 3350 1022 3391 kirk
1063 3352 1111 3393 of
1148 3353 1332 3395 Brechin
1363 3387 1372 3396 .
1408 3385 1418 3395 .
1449 3386 1459 3397 .
1491 3355 1657 3397 vacand
1688 3387 1698 3397 .
1734 3386 1743 3396 .
1774 3386 1783 3398 .
1815 3355 1957 3398 throw
1999 3354 2141 3397 deceis
2182 3355 2230 3397 of
2266 3355 2482 3410 vmquhile
