3016 3958
1086 674 1378 729 CARTAE
1421 673 1920 730 ORIGINALES.
2413 678 2484 732 33

535 863 692 911 omnia
715 863 837 911 sicut
863 880 949 927 ego
974 864 1130 912 dictus
1152 865 1186 911 J
1190 865 1402 913 ohannes
1426 868 1510 912 aut
1538 865 1668 912 dicta
1692 879 1866 928 sponsa
1891 880 1997 911 mea
2033 868 2082 912 et
2121 863 2292 929 aliquis
2316 868 2481 929 prede-

536 967 772 1001 cessorum
797 957 1062 1001 nostrorum
1090 953 1443 1017 prenominatae
1465 956 1621 1002 terras
1639 968 1744 1000 cum
1763 952 2072 1017 pertinenciis
2093 952 2252 1017 aliquo
2270 958 2482 1018 tempore
2535 984 2540 989 -

536 1045 774 1090 retroacto
798 1041 991 1090 liberius
1015 1041 1221 1106 quietius
1245 1042 1430 1106 plenius
1467 1041 1696 1106 integrius
1734 1046 1784 1090 et
1821 1042 2208 1091 honorificentius
2246 1043 2483 1092 tenuimus

535 1146 620 1179 seu
644 1131 940 1194 possedimus
961 1131 1117 1179 tenuit
1151 1147 1235 1180 seu
1270 1131 1483 1195 possedit
1518 1131 1619 1180 sine
1643 1130 1804 1195 aliquo
1839 1131 2154 1180 retinemento
2183 1131 2258 1180 vel
2293 1149 2485 1180 reuoca-

534 1219 664 1267 tione
689 1220 1048 1284 imperpetuum,
1074 1220 1156 1269 Ita
1182 1221 1306 1284 quod
1331 1235 1420 1268 nec
1445 1236 1531 1283 ego
1556 1220 1712 1269 dictus
1747 1221 1781 1268 J
1786 1221 1996 1269 ohannes
2030 1237 2114 1269 seu
2150 1221 2279 1269 dicta
2314 1238 2486 1285 sponsa

536 1324 642 1356 mea
664 1324 752 1356 nec
775 1309 974 1357 heredes
996 1309 1148 1357 nostri
1171 1325 1260 1357 nec
1284 1307 1457 1373 aliquis
1479 1309 1668 1358 nomine
1691 1313 1857 1358 nostro
1888 1310 1968 1372 jus
2006 1310 2081 1358 vel
2119 1310 2349 1359 clameum
2379 1328 2486 1375 pos-

536 1397 790 1446 sessionem
832 1397 904 1445 vel
942 1397 1283 1462 proprietatem
1323 1398 1371 1445 in
1408 1398 1637 1462 predictis
1670 1398 1812 1447 terris
1847 1414 1953 1446 cum
1979 1399 2284 1463 pertinenciis
2319 1406 2402 1448 ant
2438 1402 2485 1449 in

533 1485 692 1550 aliqua
715 1491 850 1550 parte
875 1487 1129 1534 earundem
1153 1486 1297 1535 titulo
1335 1502 1630 1551 quocumque
1668 1487 1742 1535 vel
1781 1488 1959 1552 scripto
1997 1504 2081 1537 seu
2113 1488 2236 1551 Juris
2275 1491 2483 1539 remedio

532 1575 688 1624 valeat
714 1580 796 1624 aut
820 1575 1010 1624 valeant
1033 1575 1283 1624 vendicare
1308 1575 1663 1640 quomodolibet
1687 1577 1736 1625 in
1759 1577 1985 1634 futurum,
2010 1579 2094 1627 sed
2119 1580 2179 1627 ab
2205 1581 2331 1628 omni
2357 1581 2480 1642 juris

534 1665 676 1714 titulo
699 1670 798 1713 tam
823 1665 1050 1730 petitorio
1074 1681 1214 1730 quam
1238 1665 1530 1729 possessorio
1555 1665 1788 1713 dictarum
1824 1671 2057 1715 terrarum
2096 1684 2202 1716 cum
2242 1670 2483 1733 pertinen-

534 1755 621 1804 ciis
658 1756 805 1804 simus
842 1757 1036 1803 decreto
1073 1755 1265 1819 penitus
1300 1754 1483 1803 exclusi
1531 1759 1580 1803 et
1628 1755 1974 1819 imperpetuum
2013 1757 2218 1806 absoluti
2257 1775 2343 1822 per
2378 1776 2483 1823 pre-

534 1850 694 1894 sentes
732 1874 741 1883 ·
780 1845 1044 1893 Reddendo
1068 1845 1178 1891 inde
1204 1843 1396 1892 domino
1419 1848 1584 1892 nostro
1625 1844 1746 1907 Regi
1784 1845 1966 1892 firmam
1992 1846 2167 1909 regiam
2195 1847 2404 1896 debitam
2430 1853 2480 1896 et

535 1939 809 1984 consuetam
848 1963 858 1972 ·
897 1935 962 1982 Et
987 1949 1073 1996 ego
1098 1949 1209 1981 vero
1247 1932 1406 1981 dictus
1441 1932 1474 1979 ,J
1481 1932 1691 1980 ohannes
1727 1933 1928 1981 heredes
1966 1934 2059 1982 mei
2098 1940 2147 1983 et
2185 1951 2481 1986 successores

534 2025 774 2088 predictas
801 2028 956 2072 terras
981 2039 1088 2071 cum
1111 2021 1431 2086 pertinenciis,
1455 2037 1513 2068 ac
1538 2037 1699 2069 earum
1723 2022 2041 2070 venditionem
2066 2029 2115 2072 et
2140 2024 2475 2074 alienationem

534 2115 580 2162 in
606 2114 826 2162 omnibus
845 2118 894 2161 et
917 2128 1002 2176 per
1025 2111 1183 2159 omnia
1204 2111 1357 2158 forma
1379 2110 1560 2174 pariter
1583 2114 1633 2158 et
1657 2110 1829 2159 effectu
1853 2115 1903 2159 vt
1927 2113 2241 2176 prescriptum
2268 2119 2356 2170 est,
2373 2132 2479 2178 pre-

533 2204 634 2251 fato
661 2203 894 2266 Magistro
920 2202 1098 2249 Thome
1123 2204 1172 2248 et
1197 2199 1294 2249 suis
1331 2199 1584 2262 assignatis
1622 2199 1708 2248 sub
1746 2200 1983 2263 ypotheca
2022 2202 2226 2249 omnium
2252 2203 2479 2251 bonorum

535 2297 800 2341 nostrorum
854 2290 1097 2338 mobilium
1131 2293 1180 2337 et
1217 2287 1527 2336 immobilium
1565 2288 1856 2351 presentium
1904 2293 1952 2336 et
1998 2289 2261 2337 futurorum
2312 2296 2479 2340 contra

538 2398 701 2430 omnes
736 2381 950 2429 homines
988 2383 1038 2427 et
1075 2379 1276 2427 feminas
1312 2377 1728 2426 warantizabimus
1775 2377 2150 2441 acquietabimus
2205 2383 2253 2426 et
2309 2380 2479 2443 imper-

536 2475 729 2535 petuum
756 2470 1062 2518 defendemus
1089 2496 1098 2506 ·
1125 2468 1185 2515 In
1211 2483 1407 2531 quorum
1431 2467 1572 2513 fidem
1597 2470 1646 2514 et
1669 2465 1993 2514 testimonium
2019 2467 2224 2514 omnium
2251 2472 2299 2515 et
2323 2469 2479 2532 singn-

535 2562 688 2609 lorum
726 2559 1059 2624 premissorum
1098 2557 1300 2620 sigillum
1341 2571 1496 2604 meum
1534 2555 1744 2619 presenti
1781 2559 1913 2603 carte
1952 2559 2026 2604 est
2065 2572 2323 2619 appensum
2348 2559 2472 2621 apud

537 2651 758 2698 Montros
795 2647 978 2695 decimo
1016 2647 1091 2694 die
1131 2647 1307 2694 mensis
1344 2646 1378 2692 J
1383 2644 1465 2692 ulii
1500 2660 1624 2692 anno
1662 2644 1855 2691 Domini
1892 2644 2141 2692 millesimo
2166 2646 2477 2709 quadringen-

535 2741 706 2788 tesimo
730 2737 984 2791 tricesimo,
1011 2736 1076 2782 Et
1100 2735 1148 2782 in
1172 2734 1441 2782 euidentius
1463 2732 1786 2781 testimonium
1822 2733 2154 2795 premissorum
2193 2749 2278 2796 ego
2319 2735 2474 2783 dictus
2523 2784 2526 2787 Α

535 2830 569 2877 J
573 2829 782 2877 ohannes
822 2830 872 2874 et
913 2840 1085 2889 sponsa
1121 2839 1227 2871 mea
1265 2822 1495 2886 predicta,
1536 2821 1647 2884 quia
1687 2822 1792 2885 ipsa
1837 2820 2041 2884 sigillum
2090 2823 2329 2886 proprium
2378 2841 2470 2872 non

535 2918 716 2973 habuit,
757 2914 959 2979 sigillum
995 2929 1240 2962 commune
1266 2911 1382 2959 dicti
1416 2911 1550 2974 burgi
1586 2911 1644 2956 de
1682 2909 1914 2965 Montros,
1938 2910 2144 2957 vnanimi
2169 2926 2398 2960 consensu
2422 2917 2471 2960 et

537 3022 731 3058 assensu
769 3020 927 3053 coram
963 3003 1169 3051 testibus
1207 3000 1520 3063 infrascriptis
1555 2998 1854 3062 presentibus
1895 3014 2000 3046 cum
2037 2999 2267 3048 instantia
2301 3002 2474 3065 apponi

469 3092 477 3101 '
539 3094 895 3161 procurauimus
917 3090 1218 3157 presentibus
1241 3089 1516 3137 Alexandro
1542 3087 1680 3141 Cant,
1704 3087 1946 3151 preposito
1982 3087 2100 3136 dicti
2138 3089 2285 3152 burgi,
2311 3090 2470 3138 Dauid

539 3186 598 3234 de
647 3182 920 3236 Foularton,
971 3179 1248 3228 Alexandro
1286 3177 1538 3240 Lindesay‚
1589 3176 1772 3223 Thoma
1821 3177 1954 3232 Lam,
1993 3177 2155 3224 Dauid
2193 3178 2381 3241 Rukby,
2418 3196 2474 3227 ac

539 3272 740 3322 dominis
777 3271 960 3318 Thoma
997 3270 1056 3316 de
1096 3268 1291 3330 Carnys‚
1333 3265 1578 3313 Willelmo
1618 3264 1786 3327 Broge‚
1826 3265 2020 3312 Andrea
2057 3266 2115 3313 de
2159 3266 2365 3328 KynneL
2389 3268 2424 3314 J
2428 3284 2477 3315 o-

538 3364 691 3410 hanne
716 3361 774 3408 de
800 3360 967 3422 Barry,
991 3358 1025 3404 J
1029 3358 1213 3405 ohanne
1238 3357 1296 3403 de
1322 3355 1534 3409 Dunbar,
1562 3354 1749 3416 Rogero
1777 3353 2063 3409 Marschale‚
2088 3358 2136 3402 et
2160 3354 2194 3401 J
2199 3355 2381 3403 ohanne
2417 3357 2475 3403 de

1490 3458 1513 3489 e
