3016 3958
258 2438 504 2488 XLVIII.

318 2974 506 3021 XLIX.

1085 634 1377 691 OARTAE
1421 633 1921 688 ORIGINALES.
2394 635 2463 687 91

523 850 534 862 ι
574 853 583 862 ·
623 853 633 863 ·
673 824 789 886 [No.
817 824 933 892 VL]
974 854 984 863 ·
1023 853 1032 863 ·
1073 854 1083 863 ·
1120 825 1418 890 Cognitionis
1455 840 1565 872 vero
1605 825 1663 871 de
1702 827 1865 872 nostro
1904 823 2130 871 mandato
2162 823 2289 870 facte
2324 826 2463 870 tenor

521 915 735 978 sequitur
772 943 782 953 ·
824 949 830 954 -
872 942 882 954 ·
921 915 1028 963 Hec
1068 912 1486 978 inquisitio'facta
1524 913 1615 960 fuit
1654 942 1663 950 ·
1703 940 1714 951 ·
1754 940 1764 950 ·
1804 911 1920 974 [No.
1947 911 2144 977 XL11.]
2186 941 2195 949 -
2236 940 2245 949 ·
2285 940 2295 949 ·
2334 912 2463 966 Quas

521 1020 632 1052 vero
657 1008 816 1052 cartas
840 1008 890 1053 et
914 1004 1209 1067 cognitiones
1231 1003 1534 1068 supradictas
1571 1031 1580 1040 ·
1621 1031 1630 1040 ·
1670 1031 1680 1040 ·
1717 1018 1803 1066 pro
1827 1005 2058 1066 perpetuo
2086 1001 2417 1049 confirmamus
2455 1028 2464 1037 -

523 1093 805 1143 Reseruatis
827 1094 963 1143 nobis
987 1097 1037 1142 et
1059 1093 1314 1142 heredibus
1338 1092 1516 1141 nostris
1538 1091 1656 1140 dicti
1681 1090 1929 1139 reuerendi
1954 1090 2003 1137 in
2029 1091 2099 1137 Χο
2134 1090 2286 1153 patris
2309 1105 2366 1137 ac
2391 1105 2467 1136 su-

520 1199 654 1231 orum
679 1198 1002 1232 successorum
1031 1182 1298 1231 orationum
1323 1181 1559 1245 suffragiis
1583 1181 1863 1229 denotatum
1902 1209 1912 1218 -
1950 1180 2009 1227 In
2047 1181 2181 1228 cuius
2217 1180 2308 1227 Rei
2331 1181 2468 1228 testi-

520 1272 729 1320 monium
757 1272 966 1336 presenti
1003 1276 1134 1320 carte
1166 1275 1328 1320 nostre
1363 1269 1734 1319 confirmationis
1768 1285 1988 1332 magnum
2012 1268 2215 1332 sigillum
2251 1274 2466 1317 nostrum

520 1361 694 1425 apponi
718 1355 1016 1425 precepimus
1050 1388 1061 1398 ·
1098 1359 1322 1408 Testibus
1362 1358 1662 1407 Reuerendis
1698 1357 1745 1405 in
1785 1358 1855 1404 Χο
1889 1358 2107 1422 patribus
2146 1357 2391 1407 Willelmo
2416 1364 2466 1407 et

523 1450 706 1497 Thoma
726 1449 1011 1513 Glasguensi
1036 1453 1086 1497 et
1105 1449 1431 1497 Candidecase
1456 1447 1764 1496 ecclesiarum
1786 1447 2041 1511 Episcopis
2074 1476 2084 1485 ·
2123 1447 2368 1496 Willelmo
2388 1451 2469 1496 do-

522 1539 650 1587 mino
675 1538 963 1587 Creichtoun
989 1541 1154 1587 nostro
1178 1536 1478 1585 Cancellario
1503 1541 1553 1584 et
1588 1537 1939 1600 consanguineo
1962 1536 2237 1600 predflecto,
2263 1537 2467 1586 Dilectis

522 1628 883 1692 consanguineis
918 1628 1096 1677 nostris
1135 1626 1347 1675 Patricio
1385 1626 1577 1674 domino
1611 1625 1657 1672 le
1697 1626 1950 1681 Grahame,
1976 1627 2171 1674 Andrea
2194 1627 2386 1674 domino
2421 1627 2465 1674 le

525 1719 669 1782 Gray,
695 1717 901 1780 Georgio
926 1718 985 1765 de
1011 1712 1302 1764 Creichtoun
1327 1716 1386 1763 de
1414 1714 1583 1764 Carnis
1605 1719 1770 1764 nostro
1793 1715 2057 1771 admirallo,
2083 1715 2243 1763 Dauid
2271 1716 2467 1779 Mur-ray

525 1808 583 1855 de
620 1806 926 1870 Tulybardyn
955 1805 1188 1854 militibus
1225 1833 1235 1843 ·
1276 1804 1522 1868 Magistris
1543 1805 1577 1851 J
1581 1804 1766 1852 ohanne
1791 1806 1949 1853 Arous
1971 1805 2304 1854 archidiacono
2331 1806 2467 1855 Glas-

523 1895 702 1959 guensi,
743 1899 793 1944 et
836 1887 1042 1958 Georgio
1084 1895 1142 1942 de
1185 1894 1486 1942 Schoriswod
1527 1897 1712 1942 rectore
1755 1894 1813 1941 de
1856 1894 2022 1942 Cultre
2063 1896 2189 1958 apud
2232 1895 2466 1943 Falkla-nd

521 1985 673 2049 primo
709 1985 785 2032 die
821 1983 996 2032 mensis
1020 1982 1315 2047 Septembris
1340 1983 1481 2030 Anno
1508 1982 1703 2030 Domini
1727 1982 1978 2031 millesimo
2004 1984 2467 2047 quadringentesimo

523 2073 909 2138 quinquagesimo
933 2072 1086 2136 primo
1112 2072 1179 2119 Et
1207 2071 1361 2134 Regni
1385 2071 1536 2119 nostri
1561 2071 1916 2134 decimoquinto
1954 2100 1964 2110 ·

526 2273 753 2322 Facultas
775 2273 1007 2322 condendi
1035 2277 1326 2321 testamenta
1351 2287 1577 2321 concessa
1604 2273 1857 2336 Episcopis
1895 2302 1904 2311 ι

534 2403 775 2484 Jacobus
799 2433 897 2482 Dei
920 2435 1075 2496 gratia
1100 2435 1209 2481 Rex
1235 2434 1486 2482 Scotorum
1527 2462 1536 2471 ·
1575 2434 1804 2482 Omnibus
1843 2462 1852 2471 ·
1893 2463 1901 2471 ·
1942 2463 1951 2472 -
1991 2436 2105 2498 [No.
2132 2437 2223 2501 86]
2268 2465 2277 2473 -
2318 2465 2327 2473 -
2368 2465 2376 2473 ·

529 2635 840 2684 Mortificatio
867 2635 1015 2698 Regis
1051 2636 1109 2681 de
1145 2650 1301 2681 annuo
1337 2634 1527 2682 redditu
1554 2651 1655 2681 xxx
1679 2634 1706 2680 s.
1735 2635 1792 2681 de
1828 2635 1970 2683 terris
1994 2635 2051 2682 de
2077 2635 2322 2697 Fyndlark
2351 2638 2464 2684 dato

528 2742 611 2789 per
637 2725 922 2788 Magistrum
949 2724 1211 2771 Robertum
1240 2722 1511 2770 Crannocht
1536 2726 1777 2770 cantorem
1805 2723 2171 2771 Brechinensem
2208 2724 2465 2787 capellanis

529 2815 659 2863 chori
684 2814 892 2862 eiusdem
933 2841 942 2850 ·

535 2941 776 3021 Jacobus
799 2969 895 3017 Dei
918 2968 1073 3031 gratia,
1104 2968 1213 3014 Rex
1238 2967 1489 3014 Scotorum
1530 2994 1539 3002 ·
1579 2994 1589 3002 ·
1629 2994 1639 3003 -
1677 2965 1852 3014 Sciatis
1886 2982 1973 3014 nos
2009 2967 2259 3030 quamdam
2285 2972 2464 3015 cartam

530 3061 691 3109 dilecti
716 3058 876 3106 clerici
913 3057 1064 3106 nostri
1103 3055 1305 3104 Roberti
1344 3056 1402 3102 de
1441 3054 1712 3102 Crannacht
1751 3055 1960 3103 cantoris
1984 3054 2317 3104 Brechinensis
2355 3084 2364 3093 ·
2405 3085 2414 3093 ·
2454 3086 2463 3093 ·

529 3152 588 3198 ad
614 3149 804 3213 plenum
827 3145 1122 3195 intellexisse
1157 3145 1243 3193 sub
1278 3144 1367 3191 hac
1402 3143 1555 3191 forma,
1589 3142 1821 3191 Omnibus
1848 3143 1970 3190 hanc
1995 3147 2175 3191 cartam
2200 3144 2368 3192 visuris
2393 3145 2464 3192 vel

530 3237 762 3288 audituris
787 3236 1028 3284 Robertus
1051 3235 1110 3281 de
1135 3233 1406 3281 Crannacht
1425 3232 1606 3279 Cantor
1625 3230 1958 3279 Brechinensis
1981 3247 2038 3278 ac
2065 3232 2244 3279 Rector
2267 3232 2464 3280 ecclesie

532 3325 816 3391 parochialis
854 3325 911 3372 de
951 3324 1089 3385 Idwy
1128 3322 1468 3371 Sanctiandree
1495 3321 1710 3370 dioecesis
1748 3349 1757 3358 ·
1798 3349 1806 3358 -
1847 3349 1856 3357 ·
1896 3320 2138 3369 Noueritis
2161 3336 2235 3368 me
2273 3322 2331 3368 ad
2367 3321 2465 3384 glo-
