3022 3964
425 3017 516 3064 IX.

534 619 606 673 12
1118 618 1407 674 CARTAE
1452 618 1944 674 ORIGINALES.

533 807 741 856 martiris
776 807 822 854 in
858 807 1074 871 predicta
1107 807 1308 857 ecclesia
1343 809 1400 855 de
1437 808 1623 864 Dunde,
1651 807 1768 855 hora
1790 822 1915 854 nona
1938 806 2045 863 diei,
2070 822 2164 854 una
2187 822 2291 855 cum
2317 808 2464 857 certis

535 895 791 960 capellanis
816 911 901 960 per
922 911 998 943 me
1026 895 1124 962 [in]
1152 896 1281 945 dicta
1304 896 1505 945 ecclesia
1527 896 1738 944 fundatis
1772 911 1858 959 pro
1891 894 2045 944 salute
2080 895 2234 944 anime
2269 913 2385 952 mee,
2415 902 2465 945 et

535 984 742 1032 omnium
766 984 1026 1032 animarum
1051 984 1383 1047 predictarum,
1419 1000 1524 1031 cum
1560 987 1676 1032 nota
1699 984 1946 1039 cantande,
1983 987 2032 1032 et
2067 1000 2208 1047 quum
2245 984 2292 1032 in
2328 1001 2467 1034 cursu

534 1089 620 1122 suo
658 1073 749 1122 sibi
785 1072 1014 1120 incumbit
1052 1072 1228 1120 dictam
1263 1073 1453 1121 missam
1489 1087 1595 1120 cum
1631 1075 1746 1120 nota
1780 1076 1943 1121 cantet
1981 1100 1991 1110 ·
2029 1073 2095 1121 Et
2129 1073 2171 1122 si
2205 1089 2348 1136 super
2373 1074 2466 1122 hiis

534 1161 776 1225 negligens
815 1161 959 1209 fuerit
998 1160 1073 1209 vel
1113 1161 1161 1208 in
1201 1161 1476 1210 visitacione
1517 1161 1712 1210 obstans
1747 1165 1976 1224 repertus,
2011 1161 2175 1210 licebit
2216 1162 2468 1211 heredibus

534 1249 653 1299 meis
674 1249 819 1298 alium
841 1251 1076 1314 ydoneum
1095 1249 1387 1313 capellanum
1406 1254 1691 1313 presentare,
1717 1254 1766 1298 et
1790 1250 1967 1298 dictum
1985 1250 2175 1314 penitus
2198 1267 2417 1299 amouere
2455 1279 2465 1289 ·

535 1338 660 1386 Volo
685 1338 834 1386 eciam
859 1339 983 1402 quod
1007 1354 1037 1386 a
1060 1338 1188 1386 dicto
1213 1338 1470 1402 capellano,
1494 1355 1580 1402 per
1602 1337 1806 1402 aliquem
1829 1338 2051 1386 heredum
2091 1355 2299 1387 meorum
2323 1339 2467 1387 nichil

535 1427 726 1491 penitus
750 1427 969 1490 exigatur
991 1430 1151 1490 preter
1174 1427 1444 1474 oracionum
1467 1426 1690 1490 suffragia
1718 1427 1995 1475 deuotarum
2035 1455 2045 1464 ·
2083 1428 2148 1476 Et
2172 1429 2299 1491 quod
2323 1444 2468 1491 quan-

536 1517 796 1579 documque
831 1515 1010 1563 dictum
1045 1514 1336 1578 capellanum
1373 1515 1452 1579 qui
1487 1531 1572 1578 pro
1605 1519 1817 1579 tempore
1840 1515 1982 1563 fuerit
2017 1516 2077 1563 ad
2113 1515 2303 1580 aliquod
2338 1516 2466 1564 aliud

535 1605 814 1653 beneficium
854 1603 1225 1653 ecclesiasticum
1264 1603 1514 1667 contigerit
1550 1604 1827 1667 promoueri,
1864 1604 2026 1652 statim
2061 1609 2312 1668 postquam
2350 1604 2465 1652 illud

541 1693 807 1758 perceperit
848 1692 978 1740 dicta
1018 1691 1282 1756 capellania
1327 1692 1513 1740 vacabit
1553 1721 1562 1729 ·
1599 1693 1803 1755 Insuper
1848 1691 1954 1740 volo
2001 1697 2050 1741 et
2096 1709 2179 1756 per
2225 1697 2468 1757 presentes

538 1782 705 1830 ordino
752 1781 878 1845 quod
939 1781 979 1829 si
1035 1780 1191 1829 dictus
1248 1796 1431 1828 annuus
1475 1780 1688 1828 redditus
1734 1781 1978 1828 duodecim
2026 1797 2288 1830 marcarum
2339 1783 2468 1831 dicto

537 1869 781 1934 capellano
816 1869 896 1933 qui
931 1885 1017 1932 pro
1050 1873 1262 1933 tempore
1296 1867 1439 1917 fuerit
1476 1870 1536 1916 ad
1577 1868 1730 1917 dictos
1757 1869 1984 1917 terminos
2008 1870 2127 1918 bene
2165 1874 2214 1918 et
2249 1876 2465 1934 prompte

537 1977 631 2008 non
655 1959 866 2008 soluatur
887 1958 1050 2007 licebit
1074 1974 1135 2006 ex
1158 1962 1272 2006 tunc
1296 1958 1425 2005 dicto
1449 1956 1693 2021 capellano
1727 1957 1828 2005 sine
1862 1957 2062 2006 licencia
2084 1958 2286 2008 alicuius
2308 1960 2468 2009 minis-

538 2049 601 2097 tri
624 2048 863 2113 predictas
879 2052 1031 2096 terras
1055 2048 1113 2094 de
1139 2046 1430 2109 Abirbothry
1450 2061 1554 2093 cum
1575 2045 1880 2109 pertinenciis
1902 2046 2180 2110 distringere
2204 2051 2253 2095 et
2276 2064 2466 2096 namare

541 2152 781 2200 quousque
807 2138 865 2184 de
890 2136 1018 2183 dicto
1041 2151 1197 2182 annuo
1220 2134 1408 2182 redditu
1431 2134 1521 2182 sibi
1555 2134 1798 2182 annuatim
1833 2134 2041 2197 plenarie
2075 2135 2219 2184 fuerit
2253 2137 2467 2186 satisfac-

539 2231 641 2274 tum
680 2253 691 2263 ·
728 2225 788 2271 In
814 2224 960 2273 Cuius
989 2224 1081 2272 Rei
1104 2223 1425 2272 testimonium
1450 2222 1659 2286 presenti
1683 2226 1814 2271 carte
1838 2238 1941 2271 mee
1965 2223 2178 2286 Sigillum
2203 2240 2356 2273 meum
2393 2231 2467 2275 est

540 2329 797 2379 appensum
833 2314 959 2376 apud
993 2312 1166 2360 Dunde
1202 2312 1385 2360 decimo
1421 2311 1497 2359 die
1531 2311 1706 2360 mensis
1742 2310 2026 2360 Decembris
2063 2339 2072 2350 ·
2111 2314 2250 2361 Anno
2274 2314 2467 2362 Domini

540 2402 787 2451 millesimo
810 2400 1268 2465 quadringentesimo
1303 2405 1442 2449 sexto
1479 2429 1490 2438 ·
1527 2399 1638 2448 Hiis
1671 2399 1876 2448 testibus
1911 2400 2113 2450 dominis
2138 2402 2382 2451 Willelmo
2415 2409 2465 2451 et

543 2490 760 2538 Waltero
785 2491 842 2538 de
868 2490 1119 2552 Lyndesay
1142 2489 1373 2538 militibus
1394 2488 1620 2536 fratribus
1653 2488 1784 2543 meis,
1811 2487 2086 2538 Alexandro
2120 2490 2179 2538 de
2215 2490 2467 2555 Lyndesay

543 2578 855 2642 primogenito
878 2593 982 2625 meo
1017 2581 1066 2625 et
1099 2578 1286 2632 herede,
1321 2577 1355 2624 J
1358 2577 1542 2625 ohanne
1579 2576 1860 2640 Mortymar,
1885 2578 2039 2625 Adam
2063 2577 2207 2626 Clerk
2230 2579 2469 2644 burgensi-

549 2668 637 2715 bus
661 2668 718 2714 de
745 2666 923 2714 Dunde
948 2669 998 2712 et
1024 2664 1266 2712 Willelmo
1293 2665 1403 2712 Mar
1425 2664 1681 2714 secretario
1703 2681 1810 2714 meo
1833 2681 1939 2713 cum
1962 2666 2123 2715 multis
2145 2666 2251 2716 aliis
2289 2697 2299 2706 ·

547 2866 758 2913 Donatio
783 2865 1055 2929 Capellanie
1080 2866 1138 2913 de
1164 2865 1387 2928 Kyrkton
1411 2869 1460 2914 et
1485 2864 1700 2913 Haltoun
1737 2901 1748 2910 .

556 2987 826 3066 Omnibus
847 3016 968 3063 hanc
991 3020 1171 3064 cartam
1194 3017 1362 3066 visuris
1383 3016 1458 3065 vel
1480 3017 1713 3065 audituris
1737 3017 1894 3065 Dauid
1930 3018 1988 3065 de
2027 3018 2279 3083 Lyndesay
2303 3037 2462 3072 comes

546 3107 604 3153 de
630 3104 903 3152 Crawfurde
926 3102 1126 3152 salutem
1150 3105 1199 3152 in
1223 3105 1430 3154 Domino
1452 3105 1786 3169 sempiternam
1823 3131 1835 3144 ·
1873 3105 2114 3156 Noueritis
2135 3123 2210 3155 me
2234 3124 2338 3157 eum
2357 3126 2467 3159 con-

546 3208 685 3241 sensu
709 3197 758 3240 et
781 3207 973 3240 assensu
999 3192 1258 3241 Alexandri
1283 3194 1341 3241 de
1367 3193 1619 3256 Lyndesay
1640 3193 1939 3256 primogeniti
1963 3194 2054 3242 mei
2089 3198 2138 3242 et
2172 3196 2358 3246 heredis
2380 3216 2466 3262 pro

546 3281 698 3329 salute
721 3280 874 3328 anime
898 3296 1001 3328 mee
1024 3281 1174 3343 patris
1196 3281 1289 3329 mei
1326 3285 1375 3330 et
1412 3281 1578 3330 matris
1601 3296 1704 3329 mee
1732 3296 1790 3329 ac
1827 3282 2032 3330 omnium
2055 3282 2314 3333 animarum
2338 3292 2471 3336 ante—
