3016 3958
383 2962 529 3008 CXC.

526 642 635 695 248
1072 639 1362 696 CARTAE
1407 639 1902 695 ORIGINALES.

528 832 654 878 omni
680 835 813 894 parte
839 831 1111 878 dividuntur
1134 845 1239 877 cum
1266 829 1377 877 ulna
1398 834 1555 878 terrae
1574 830 1782 891 jacentis
1805 846 1836 877 a
1857 834 1991 892 tergo
2016 833 2065 877 et
2091 845 2152 876 ex
2176 827 2458 877 occidentali

530 924 666 983 parte
689 919 961 983 praedictae
987 920 1153 967 domus
1176 934 1326 982 usque
1350 919 1411 966 ad
1436 922 1579 982 caput
1606 918 1839 982 praedicti
1862 918 1989 966 horti
2014 917 2238 966 australis
2261 932 2458 964 unacum

529 1009 675 1056 fundo
698 1008 760 1055 lie
786 1007 1079 1056 Lachtstead
1105 1007 1231 1055 domi
1255 1007 1473 1055 ruinosae
1490 1007 1698 1069 jacentis
1722 1023 1784 1054 ex
1807 1010 1943 1070 parte
1968 1006 2165 1055 australi
2189 1005 2461 1069 praedictae

531 1098 729 1146 alterius
766 1098 932 1146 domus
968 1113 1114 1160 usque
1153 1097 1214 1144 ad
1252 1100 1394 1160 caput
1433 1096 1665 1159 praedicti
1688 1096 1844 1152 horti3
1883 1111 2003 1159 quae
2029 1095 2186 1143 omnia
2201 1095 2367 1156 jacent
2402 1110 2463 1139 ex

532 1187 775 1251 praedicto
799 1185 1081 1234 occidentali
1104 1184 1253 1233 latere
1278 1185 1394 1233 dicti
1418 1186 1551 1248 burgi
1576 1185 1702 1233 inter
1725 1186 1917 1232 domum
1954 1188 2003 1232 et
2038 1184 2202 1231 hortos
2237 1184 2296 1230 ad
2337 1182 2465 1228 Mar-

531 1280 742 1338 garetam
799 1275 1000 1322 Simmer
1054 1290 1273 1337 sponsam
1332 1274 1488 1321 David
1539 1274 1699 1320 Burne
1744 1272 1935 1321 fullonis
1982 1273 2029 1319 in
2078 1271 2367 1334 Cortoquhie
2417 1275 2465 1318 et

534 1366 797 1412 Susannam
822 1364 1023 1412 Simmer
1046 1378 1265 1426 sponsam
1291 1362 1552 1410 Alexandri
1579 1361 1682 1408 Hill
1717 1361 1913 1410 sartoris
1937 1361 1986 1408 in
2012 1360 2258 1422 Balvylow
2283 1375 2467 1422 respec-

532 1454 629 1501 tive
671 1453 966 1516 pertinentes
1000 1452 1061 1499 ad
1097 1451 1329 1506 occidens,
1354 1454 1613 1498 torrentem
1652 1449 1791 1512 vulgo
1833 1450 1916 1497 the
1961 1448 2185 1511 Colledge
2212 1449 2370 1496 Burne
2407 1449 2466 1495 ad

535 1547 760 1597 austrum,
784 1542 972 1589 hortum
998 1545 1046 1587 et
1072 1541 1260 1587 domum
1290 1540 1351 1586 ad
1374 1539 1602 1586 haeredes
1627 1539 1861 1601 quondam
1885 1538 1919 1584 J
1924 1538 2090 1585 oannis
2118 1537 2266 1584 Milne
2292 1536 2467 1600 pedelli

536 1635 807 1695 spectantes
842 1632 903 1677 ad
941 1630 1109 1684 oriens,
1134 1634 1183 1676 et
1221 1644 1516 1676 communem
1554 1630 1677 1675 viam
1716 1643 1799 1675 seu
1847 1626 2078 1674 venellam
2115 1642 2237 1689 quae
2274 1627 2405 1674 ducit
2440 1642 2469 1673 a

537 1720 733 1783 collegio
769 1721 829 1767 ad
865 1719 1113 1767 ecclesiam
1150 1719 1207 1764 de
1244 1717 1448 1764 Brechin
1474 1718 1534 1764 ad
1558 1716 1778 1773 boream3
1814 1720 1863 1763 et
1899 1715 2027 1763 illius
2050 1715 2397 1778 superioritatis
2421 1719 2469 1762 et

537 1810 827 1857 feodifirmae
852 1807 1036 1854 illorum
1072 1807 1315 1854 hortorum
1352 1809 1401 1852 et
1437 1806 1656 1852 domuum
1691 1804 1824 1851 fundi
1859 1804 2300 1866 comprehendentis
2337 1804 2383 1850 in
2419 1820 2469 1851 se

537 1905 636 1947 tres
675 1899 818 1946 rudas
851 1902 1007 1944 terrae
1042 1894 1325 1959 pertinentis
1361 1894 1421 1940 ad
1459 1893 1687 1940 haeredes
1712 1893 1945 1956 quondam
1971 1893 2004 1938 J
2009 1892 2173 1939 oannis
2206 1896 2254 1939 et
2286 1891 2470 1939 Valteri

542 1987 717 2035 Milnes
734 1985 940 2048 jacentis
964 1985 1181 2046 contigue
1205 1983 1344 2030 horto
1367 1982 1659 2045 praescripto
1693 1997 1754 2028 ex
1791 1981 2010 2028 orientali
2045 1981 2195 2028 latere
2220 1981 2429 2042 ejusdem
2460 2010 2469 2018 ·

539 2075 774 2124 Tenendis
796 2073 1080 2122 tenementis
1104 2071 1254 2119 hortis
1278 2074 1327 2118 et
1351 2070 1682 2132 superioritate
1707 2070 2039 2133 suprascriptis
2063 2085 2148 2132 pro
2171 2085 2328 2116 annua
2348 2069 2471 2117 solu-

537 2167 668 2214 tione
703 2180 911 2212 summae
947 2164 1111 2209 decem
1147 2159 1402 2208 solidorum
1439 2163 1656 2206 monetae
1695 2159 1887 2206 Scotiae
1926 2187 1936 2196 -
1975 2159 2162 2207 Saisina
2185 2160 2365 2207 tradita
2389 2176 2472 2222 per

539 2256 571 2301 J
577 2269 774 2302 oannem
801 2249 1167 2299 Ouchterlounie
1203 2248 1526 2311 praepositum
1553 2247 1815 2295 Robertum
1845 2248 1985 2295 Watt
2010 2253 2059 2295 et
2086 2248 2241 2296 David
2267 2248 2471 2295 Skinner

542 2342 738 2390 ballivos
774 2341 888 2388 dicti
924 2338 1058 2401 burgi
1087 2338 1144 2384 de
1169 2336 1374 2384 Brechin
1398 2336 1663 2399 superiores
1687 2337 1940 2384 eorundem
1964 2341 2340 2384 tenementorum
2366 2338 2471 2384 hor-

543 2438 699 2480 torum
739 2435 789 2478 et
829 2426 1177 2491 superioritatis
1218 2425 1265 2472 in
1306 2424 1494 2472 nomine
1538 2424 1686 2487 Regis
1729 2424 1886 2472 Caroli
1929 2425 2123 2473 secundi
2159 2425 2334 2473 virtute
2370 2427 2468 2474 acti

544 2518 841 2584 parliamenti
866 2533 1023 2565 coram
1046 2515 1122 2563 his
1143 2515 1347 2563 testibus
1372 2514 1407 2561 J
1411 2530 1561 2562 oanne
1602 2513 1742 2561 Watt
1777 2513 2008 2577 pellatore
2047 2514 2260 2562 Roberto
2285 2515 2470 2563 Stevin-

545 2625 657 2658 sone
697 2611 886 2655 textore
920 2605 954 2652 J
958 2604 1106 2652 acobo
1150 2603 1336 2651 Brokas
1377 2607 1426 2650 et
1469 2602 1679 2651 Henrico
1723 2602 1923 2651 Roberti
1959 2603 2198 2651 officiariis
2237 2632 2246 2641 ·
2281 2604 2315 2650 J
2319 2620 2470 2652 oanne

549 2698 689 2744 Watt
713 2695 883 2743 clerico
910 2691 1241 2740 Brechinensis
1264 2691 1534 2740 dioeceseos
1557 2692 1744 2740 notario
1782 2720 1791 2730 -
1833 2693 1865 2738 2
1893 2693 2058 2740 Martii
2090 2693 2214 2740 1649
2254 2721 2264 2730 ·

553 2933 869 3011 Instrument
894 2962 947 3008 of
964 2960 1118 3009 sasine
1142 2960 1190 3007 in
1211 2960 1377 3008 favour
1400 2960 1454 3007 of
1480 2960 1515 3006 J
1518 2974 1648 3008 ames
1672 2959 1927 3007 Crichtone
1953 2960 2006 3006 of
2026 2959 2274 3007 Ruthvens
2297 2959 2477 3008 follow-

551 3054 628 3114 ing
663 3067 787 3115 upon
808 3051 890 3097 the
915 3049 1200 3110 resignation
1223 3048 1277 3096 of
1307 3048 1439 3095 John
1463 3047 1683 3109 Skynner
1705 3050 1898 3109 provost
1932 3047 1986 3093 of
2015 3047 2236 3101 Brechin,
2262 3049 2369 3095 who
2395 3049 2481 3096 has

551 3142 675 3204 right
715 3144 766 3187 to
806 3139 888 3186 the
928 3141 1169 3185 tenement
1210 3137 1335 3185 after
1357 3135 1630 3183 mentioned
1655 3135 1718 3197 by
1743 3135 1933 3182 decreet
1966 3134 2020 3182 of
2055 3136 2309 3199 apprysing
2332 3137 2480 3185 athis

551 3233 764 3279 instance
789 3227 971 3291 against
1009 3227 1101 3273 Mr.
1134 3227 1168 3273 J
1172 3241 1302 3274 ames
1336 3223 1589 3272 Nicolsone
1613 3223 1918 3285 commissary
1949 3223 2002 3270 of
2033 3223 2238 3270 Brechin
2282 3225 2364 3271 the
2387 3225 2480 3272 for-

552 3336 651 3368 mer
673 3317 936 3382 proprietor
973 3315 1026 3362 of
1057 3314 1138 3362 the
1174 3317 1417 3362 tenement
1452 3312 1509 3360 of
1538 3310 1650 3359 land
1688 3311 1804 3359 with
1827 3311 1910 3359 the
1953 3313 2071 3375 yard
2095 3313 2188 3360 and
2212 3314 2476 3376 pertinents
