3016 3958
318 2098 454 2144 LXI.

1018 661 1311 716 CARTAE
1357 661 1857 716 ORIGINALES.
2333 663 2437 717 111

487 849 766 912 Lychtoune
807 849 1105 898 Cancellario
1144 854 1193 898 et
1234 850 1428 898 Vicario
1454 851 1808 900 Aberdonensis
1846 855 1896 898 ot
1931 852 2266 900 Brechinensis
2290 851 2438 899 eccle-

482 938 655 986 siarum
679 938 904 987 Johanne
927 939 1168 987 Athilmar
1190 940 1434 1003 preposito
1469 939 1668 988 ecclesie
1705 939 1957 1003 collegiate
1993 940 2147 988 sancti
2174 940 2438 988 Saluatoris

481 1027 604 1075 infra
639 1027 885 1076 ciuitatem
925 1028 1267 1076 Sanctiandree
1311 1029 1517 1092 Georgio
1560 1030 1703 1078 Seras
1747 1030 1957 1078 Cantore
1996 1030 2309 1077 Brechinensi
2350 1031 2383 1076 J
2389 1047 2436 1077 o-

480 1117 635 1164 hanne
661 1116 892 1165 Willelmi
931 1117 1173 1165 Canonico
1208 1133 1266 1165 ac
1302 1117 1506 1165 Officiali
1539 1119 1749 1181 generali
1786 1119 1997 1167 eiusdem
2039 1118 2199 1166 Dauid
2239 1118 2435 1166 Balfour

481 1207 539 1253 de
577 1205 922 1254 Caraldstoune
957 1205 1117 1254 Dauid
1154 1206 1395 1254 Meldrum
1437 1206 1534 1254 filio
1569 1212 1618 1255 et
1653 1213 1914 1272 apparente
1949 1209 2124 1256 herede
2161 1209 2338 1256 domini
2376 1210 2433 1255 de

480 1295 605 1358 Segy
644 1296 858 1343 ¹{oberto
894 1294 1187 1343 Foulartoun
1227 1295 1440 1343 Roberto
1477 1296 1783 1345 Lummisden
1820 1297 2022 1345 dominis
2059 1297 2219 1345 Dauid
2249 1297 2435 1345 Willel-

479 1385 544 1431 mi
570 1384 784 1432 Roberto
822 1383 1071 1431 Douchter
1110 1383 1303 1431 Simone
1343 1384 1499 1447 Barry
1534 1385 1759 1433 Johanne
1797 1386 2039 1434 Lownane
2076 1385 2348 1449 Capellanis
2384 1391 2433 1433 et

476 1474 511 1520 J
515 1475 699 1521 ohanne
725 1473 931 1520 Brechin
955 1471 1128 1520 clerico
1153 1473 1284 1520 chori
1309 1473 1648 1522 Brechinensis
1670 1475 1878 1522 testibus
1917 1503 1926 1512 ·
1967 1503 1975 1512 ·
2018 1503 2026 1512 -

550 1564 615 1611 Et
655 1564 758 1625 Ego
803 1562 1071 1610 Edwardus
1116 1561 1319 1610 Roberti
1353 1562 1589 1624 presbiter
1612 1563 1950 1611 Brechinensis
1977 1563 2191 1611 dioecesis
2215 1563 2431 1627 publicus

476 1651 763 1699 auctoritate
787 1649 1020 1714 imperiali
1039 1650 1253 1699 notarius
1291 1678 1300 1687 ·
1339 1650 1478 1706 Quia,
1502 1680 1512 1688 ·
1553 1680 1561 1689 ·
1602 1681 1612 1689 ·

477 1853 851 1900 lustramentum
881 1851 1235 1913 Resignationis
1273 1855 1323 1899 et
1364 1853 1675 1914 possessionis
1710 1853 1854 1900 annui
1891 1854 2103 1901 redditus
2131 1854 2242 1915 xxvj
2269 1854 2298 1900 s.
2323 1854 2425 1916 viijd

480 1940 682 1989 Roberti
708 1939 953 1988 Thowless
990 1968 1000 1977 ·

488 2062 568 2144 In
608 2097 796 2145 nomine
839 2095 1034 2144 Domini
1073 2123 1083 2133 ·
1122 2124 1134 2133 ·
1173 2123 1182 2132 -
1222 2096 1396 2144 Pateat
1439 2097 1687 2145 euidenter
1729 2100 1854 2161 quod
1896 2115 2020 2147 anno
2069 2101 2421 2151 Incarnationis

479 2185 730 2234 Dominice
754 2185 1005 2234 millesimo
1030 2184 1494 2248 quadringentesimo
1518 2188 1943 2249 sexagesimonono
1961 2190 2135 2238 mensis
2154 2207 2264 2239 vero
2287 2193 2320 2238 J
2326 2193 2422 2238 unii

477 2275 554 2323 die
592 2275 775 2323 decimo
817 2273 1087 2322 Indictione
1126 2275 1335 2321 secunda
1373 2274 1685 2324 Pontificatus
1723 2304 1733 2314 ·
1776 2305 1785 2314 ·
1826 2306 1835 2314 ·
1876 2277 2010 2325 Pauli
2049 2306 2060 2315 ·
2101 2307 2109 2315 ·
2149 2307 2159 2316 ·
2198 2281 2326 2343 Pape
2350 2296 2422 2328 se-

477 2364 618 2411 cundi
658 2379 783 2411 anno
829 2363 995 2426 quinto
1035 2390 1044 2399 ·
1084 2389 1093 2399 ·
1134 2390 1143 2398 ·
1184 2362 1506 2410 Personaliter
1550 2365 1843 2413 constitutus
1892 2367 2133 2415 Robertus
2181 2369 2420 2417 Thoulace

474 2470 581 2500 cum
623 2468 854 2501 consensu
894 2456 944 2500 et
983 2463 1196 2500 assensu·
1223 2450 1454 2499 Willelmi
1491 2452 1732 2501 Thoulace
1771 2456 1921 2517 patris
1955 2456 2029 2504 sui
2066 2458 2301 2519 quendam
2338 2475 2421 2505 an-

474 2559 617 2590 nuum
643 2541 880 2588 redditum
903 2539 1068 2602 viginti
1092 2555 1178 2588 sex
1202 2539 1459 2588 solidorum
1483 2545 1533 2588 ct
1557 2545 1667 2589 octo
1692 2544 1990 2591 denariorum
2015 2545 2190 2595 vsualis
2228 2553 2417 2595 monete

475 2631 604 2694 regni
630 2630 790 2678 Scotie
829 2629 888 2676 de
926 2631 1200 2676 tenemento
1235 2643 1321 2676 suo
1357 2643 1555 2675 vnacum
1592 2644 1704 2677 acra
1728 2631 1937 2679 eiusdem
1955 2633 2152 2694 jacente
2174 2634 2300 2682 inter
2323 2642 2418 2684 ter-

473 2737 573 2768 ram
600 2718 828 2767 Malcomi
854 2717 1038 2766 Guthre
1062 2733 1124 2764 ex
1147 2719 1283 2780 parte
1308 2710 1487 2764 boreali
1523 2733 1583 2764 ex
1619 2723 1756 2781 parte
1782 2735 1874 2767 una
1898 2725 1946 2767 et
1970 2725 2145 2769 terram
2180 2722 2216 2769 J
2219 2724 2416 2774 ohannis

474 2811 614 2858 Scaw
637 2826 698 2857 ex
723 2812 858 2872 parte
882 2805 1080 2856 australi
1103 2805 1163 2853 ab
1187 2804 1342 2853 altera
1375 2819 1483 2852 cum
1519 2806 1821 2868 pertinentiis
1843 2807 2094 2856 leuandum
2131 2816 2181 2858 et
2216 2813 2416 2877 percipi-¹

471 2900 645 2947 endum
684 2899 742 2945 In
777 2895 993 2944 manibus
1026 2893 1222 2941 Ricardi
1249 2891 1575 2942 Wilzamsoun
1599 2895 1735 2943 vnius
1761 2894 2038 2944 balliuorum
2062 2898 2275 2948 ciuitatis
2299 2902 2415 2949 Bre-

472 2988 709 3037 chinensis
746 3003 831 3051 per
867 2985 1172 3034 traditionem
1206 2982 1345 3032 unius
1379 2983 1559 3030 denarii
1599 2988 1650 3031 ut
1689 2985 1832 3034 moris
1871 2991 1944 3034 est
1979 3003 2162 3036 sursum
2206 2992 2412 3038 reddidit

472 3093 680 3140 pureque
705 3080 754 3124 et
777 3073 1056 3138 simpliciter
1078 3070 1338 3135 resignauit
1375 3098 1385 3108 ·
1423 3071 1705 3134 Quiquidem
1745 3073 1947 3122 balliuus
1970 3076 2262 3125 antedictam
2302 3108 2311 3115 -
2350 3108 2360 3116 ·
2400 3109 2410 3118 ·

472 3165 837 3229 resignationem
874 3192 885 3200 ·
925 3192 934 3200 -
973 3189 984 3199 ·
1019 3160 1199 3224 recepit
1238 3187 1248 3197 ·
1288 3188 1297 3197 ·
1338 3187 1348 3196 ·
1385 3162 1436 3208 et
1472 3187 1483 3197 ·
1523 3188 1532 3196 -
1572 3188 1582 3197 ·
1619 3160 1823 3209 discreto
1842 3162 1941 3210 viro
1966 3164 2155 3212 domino
2181 3166 2411 3215 Nicholao

470 3255 506 3301 J
509 3270 657 3303 onson
679 3252 943 3318 presbitero
967 3249 1202 3299 communi
1225 3249 1520 3313 procuratori
1544 3249 1891 3312 capellanorum
1919 3252 2049 3300 chori
2075 3254 2408 3304 Brechinensis

470 3343 672 3406 predicti
719 3341 863 3390 annui
908 3339 1123 3388 redditus
1165 3365 1176 3377 ·
1221 3366 1230 3376 ·
1275 3366 1286 3375 ·
1328 3337 1550 3386 saisinam
1597 3366 1605 3375 ·
1652 3366 1661 3374 ·
1709 3366 1718 3375 ·
1762 3339 1960 3387 tradidit
2006 3370 2014 3378 -
2055 3369 2064 3378 -
2105 3368 2114 3379 ·
2150 3346 2404 3391 secundum
