3016 3958
1199 623 1496 679 OARTAE
1540 623 2045 680 ORIGINALES.
2502 625 2610 686 177

645 813 992 873 presentiarum
1032 813 1240 862 edificati
1279 843 1289 853 ·
1328 843 1339 853 ·
1378 843 1388 852 ·
1426 831 1740 864 exoneramus
1777 843 1787 854 ·
1827 843 1837 853 ·
1880 843 1890 854 ·
1928 817 1993 864 Et
2033 817 2159 880 quod
2201 817 2471 880 episcopum
2514 819 2593 865 de-

640 916 811 948 canum
860 903 1112 952 canonicos
1158 907 1208 952 et
1255 903 1515 967 capitulum
1558 904 1853 952 antedictum
1896 905 2197 953 onerauimus
2243 921 2350 952 cum
2398 906 2591 955 minutis

641 991 1020 1053 reparationibus
1059 993 1243 1056 prefate
1286 994 1453 1042 domus
1495 1009 1612 1056 quas
1654 994 1747 1041 duo
1794 993 2028 1058 capellani
2079 995 2310 1042 antedicti
2359 996 2589 1044 sustinere

640 1083 866 1128 tenentur
889 1081 1067 1128 virtute
1086 1097 1169 1129 sue
1193 1081 1486 1131 fundationis
1513 1110 1523 1120 -
1552 1082 1713 1130 Etiam
1730 1082 2029 1135 onerauirms
2045 1083 2234 1131 eosdem
2255 1084 2314 1130 ad
2335 1085 2591 1147 reparatio-

639 1184 747 1215 nem
763 1170 1171 1232 supportationem
1187 1174 1236 1218 et
1252 1171 1651 1219 sustentationem
1665 1171 1817 1219 totius
1834 1170 2020 1234 collegii
2037 1173 2096 1219 ad
2115 1187 2236 1235 quas
2251 1172 2442 1220 minime
2457 1176 2589 1221 tene-

639 1257 815 1305 bantur
829 1259 1006 1306 virtute
1023 1259 1319 1307 fundationis
1337 1260 1550 1308 eiusdem
1578 1287 1588 1297 ·
1614 1263 1870 1323 propterea
1888 1276 1948 1307 ne
1967 1260 2161 1307 nimium
2178 1261 2432 1324 dampnum
2448 1278 2587 1326 prop-

638 1350 714 1394 ter
747 1347 838 1395 hoc
863 1348 981 1395 dicti
1006 1348 1257 1411 episcopus
1281 1348 1489 1397 decanus
1514 1348 1731 1396 canonici
1757 1352 1806 1397 et
1832 1333 2091 1411 capitulum
2117 1349 2164 1396 in
2189 1350 2397 1398 futurum
2434 1367 2589 1415 repor-

637 1439 741 1483 tare
792 1436 976 1498 possint
1015 1464 1025 1475 ·
1065 1464 1076 1474 ·
1116 1464 1126 1475 ·
1163 1437 1533 1501 pronunciamus
1569 1465 1580 1475 ·
1620 1465 1630 1475 ·
1669 1464 1681 1476 ·
1717 1441 1767 1485 et
1823 1436 2119 1486 declaramus
2166 1439 2375 1502 prefatas
2421 1441 2582 1488 decem

635 1526 849 1574 came'ras
887 1526 1154 1590 superiores
1192 1527 1323 1590 prius
1361 1527 1541 1574 obitum
1584 1525 1852 1575 fundatoriS
1893 1530 1946 1574 ut
1990 1527 2250 1590 predicitur
2291 1533 2586 1578 constructas

634 1618 684 1662 et
709 1619 1061 1664 consummatas
1083 1614 1360 1664 allocandas
1397 1619 1447 1663 et
1485 1616 1809 1663 arrendandas
1837 1615 1940 1663 fore
1979 1620 2028 1664 et
2067 1632 2171 1664 esse
2209 1618 2466 1665 secundum
2492 1619 2582 1665 vim

733 1741 742 1751 .
781 1708 831 1752 et
856 1708 1073 1752 tenorem
1098 1704 1344 1753 cuiusdam
1380 1705 1552 1783 statuti
1588 1721 1674 1768 per
1708 1705 1943 1767 quondam
1981 1740 1992 1750 .
2032 1740 2042 1751 .
2081 1741 2090 1751 .
2130 1705 2383 1768 Georgium
2408 1707 2586 1770 episco-

630 1810 742 1856 pum
768 1794 1137 1842 Brechinensem
1163 1794 1393 1842 decanum
1431 1798 1480 1842 et
1517 1793 1776 1857 capitulum
1816 1793 2024 1842 eiusdem
2051 1794 2168 1841 editi
2206 1830 2217 1840 .
2254 1794 2579 1859 Quodquidem

631 1887 866 1932 statutum
904 1884 952 1931 in
992 1883 1209 1932 omnibus
1233 1888 1282 1931 et
1307 1883 1502 1946 singulis
1527 1882 1624 1931 suis
1661 1882 1851 1946 punctis
1891 1882 2107 1930 articulis
2145 1887 2194 1930 et
2236 1884 2581 1932 conditionibus

730 2009 741 2020 .
777 1974 1094 2037 approbamus
1129 1977 1179 2021 et
1215 1973 1505 2020 ratificamus
1530 1976 1579 2019 et
1605 1975 1836 2035 quantum
1872 1988 1989 2035 opus
2013 1972 2076 2020 sit
2102 1973 2160 2019 de
2185 1988 2308 2020 nouo
2333 1973 2578 2021 constitui-

632 2079 737 2111 mus
772 2098 783 2108 .
820 2098 832 2110 .
868 2099 879 2110 .
916 2050 978 2111 et*
1007 2063 1056 2110 in
1097 2066 1375 2126 perpetuam
1419 2062 1488 2109 rei
1530 2061 1805 2109 memoriam
1846 2064 1946 2108 tam
1989 2077 2074 2124 per
2109 2061 2263 2109 dictos
2310 2062 2579 2126 episcopum

633 2153 862 2200 decanum
889 2151 1142 2200 canonicos
1179 2155 1229 2200 et
1265 2150 1537 2215 capellanos
1561 2166 1700 2213 quam
1737 2166 1822 2213 per
1853 2165 1964 2199 suos
1987 2166 2280 2199 successores
2304 2151 2580 2199 inviolabili-

632 2246 708 2290 ter
743 2258 828 2305 pro
862 2245 1093 2305 perpetuo
1119 2241 1467 2288 obseruandum
1502 2240 1604 2287 fore
1641 2243 1690 2287 et
1728 2255 1832 2287 esse
1862 2239 2157 2287 decernimus
2195 2277 2205 2287 .
2242 2240 2577 2304 Cuiusquidem

633 2331 804 2379 statuti
827 2334 967 2378 tenor
989 2330 1204 2394 sequitur
1239 2329 1287 2376 in
1326 2329 1416 2377 hec
1452 2329 1598 2376 uerba
1633 2366 1643 2375 .
1684 2328 1926 2377 Vicesimo
1949 2333 2089 2376 sexto
2127 2329 2203 2376 die
2229 2330 2431 2392 Augusti
2454 2346 2577 2378 anno

633 2419 828 2467 Domini
851 2418 1100 2467 millesimo
1125 2418 1589 2482 quadringentesimo
1625 2417 1920 2480 sexagesimo
1955 2418 2162 2466 secundo
2190 2419 2577 2468 conuenientibus

634 2509 682 2556 in
720 2510 860 2556 domo
897 2507 1147 2571 capitulari
1174 2506 1486 2555 Brechinensi
1525 2507 1574 2553 in
1612 2506 1975 2569 congregatione
2012 2506 2220 2569 generali
2244 2507 2574 2555 canonicorum

633 2599 693 2646 ard
709 2598 799 2646 hoc
814 2597 974 2646 debite
993 2597 1246 2644 citatorum
1267 2595 1528 2643 reuerendo
1543 2595 1591 2642 in
1611 2594 1804 2643 Christo
1823 2598 1959 2658 patre
1995 2630 2006 2641 .
2043 2630 2054 2642 .
2092 2630 2103 2640 .
2141 2595 2344 2658 Georgio
2362 2595 2572 2644 Schoris-
2644 2594 2647 2597 ’

633 2689 741 2736 wod
778 2724 788 2734 .
826 2723 837 2734 .
874 2721 885 2732 .
923 2686 1162 2749 Episcopo
1201 2683 1510 2732 Brechinensi
1543 2687 1592 2731 et
1624 2682 1970 2731 venerabilibus
1992 2682 2104 2731 viris
2138 2683 2373 2746 magistris
2408 2688 2457 2732 et
2493 2686 2573 2732 do-

633 2778 773 2826 minis
809 2812 820 2824 .
853 2776 887 2823 J
891 2776 1075 2824 ohanne
1094 2775 1153 2822 de
1172 2772 1401 2838 Spalding
1425 2774 1605 2820 decano
1631 2771 1836 2834 Georgio
1862 2773 1919 2819 de
1945 2772 2084 2820 Seres
2108 2775 2301 2819 cantore
2330 2771 2570 2820 Willelmo

635 2869 693 2916 de
732 2865 932 2931 Ogylwy
969 2863 1252 2912 cancellario
1290 2862 1535 2925 Stephano
1575 2861 1774 2924 Angusii
1809 2860 2105 2908 thezaura-rio
2151 2859 2391 2908 Willelmo
2428 2861 2568 2924 Rynd

629 2957 902 3006 subdecano
943 2953 1163 3002 Waltero
1198 2951 1332 2999 Ydill
1366 2950 1667 3015 pensionario
1690 2949 1912 2997 Johanne
1951 2949 2256 3012 Monypenny
2292 2950 2349 2996 de
2386 2950 2570 2997 Bouch-

624 3044 803 3108 terkyll
841 3048 890 3092 et
927 3043 1149 3090 Johanne
1190 3039 1424 3088 Willelmi
1459 3037 1649 3086 officiali
1689 3036 1927 3085 canonicis
1962 3037 2088 3084 dicte
2124 3036 2321 3085 ecclesie
2356 3038 2569 3086 omnibus

625 3138 676 3183 et
713 3132 908 3197 singulis
945 3130 1189 3180 canonicis
1222 3129 1356 3194 prius
1391 3128 1551 3176 debite
1577 3126 1790 3174 euocatis
1827 3161 1836 3172 .
1875 3126 2161 3173 Procurator
2184 3125 2378 3188 capituli
2402 3127 2565 3174 absen-

623 3224 744 3271 tium
781 3221 1114 3271 canonicorum
1152 3219 1409 3268 citatorum
1446 3252 1456 3263 .
1494 3252 1505 3264 .
1542 3203 1557 3263 .’
1590 3220 1639 3264 et
1682 3231 1777 3262 non
1822 3214 2195 3276 comparentium
2244 3214 2562 3262 contumacias

627 3311 880 3361 accusauit
905 3314 956 3359 et
980 3310 1096 3374 ipsis
1120 3307 1478 3357 contumacibus
1506 3302 1740 3369 reputatis
1762 3302 2108 3366 procedendum
2133 3302 2232 3350 fore
2258 3302 2564 3349 decreuerunt

1606 3409 1636 3438 Ζ
