3016 3958
509 656 620 710 192
816 670 818 673 ·
1075 653 1368 710 CARTAE
1413 653 1916 710 ORIGINALES.

506 846 615 910 legii
654 845 990 895 Brechinensis
1025 844 1086 894 ad
1129 845 1362 893 orientem
1399 848 1449 893 et
1483 849 1640 894 terras
1678 846 1737 893 de
1773 844 1929 893 hauch
1966 846 2026 892 de
2063 844 2345 893 Brechinen.
2388 847 2450 893 ad

507 940 718 985 austrum
760 935 1055 984 occidentem
1104 937 1153 982 et
1199 934 1394 982 boream
1435 934 1484 982 in
1526 934 1744 983 manibus
1783 933 2076 983 honorabilis
2122 934 2209 982 viri
2258 936 2450 983 Andree

508 1026 671 1074 Thane
697 1025 835 1073 unius
857 1023 1138 1072 balliuorum
1160 1023 1287 1071 dicte
1307 1023 1534 1072 Ciuitatis
1572 1051 1582 1062 ·
1622 1051 1633 1062 ·
1673 1052 1683 1062 ·
1720 1023 1978 1086 resignauit
2017 1052 2027 1061 ·
2067 1051 2077 1061 ·
2117 1051 2128 1062 ·
2167 1024 2215 1071 in
2237 1024 2450 1073 fauorem

507 1113 758 1163 Gresilidis
782 1114 995 1176 Ramsay
1017 1117 1135 1161 tunc
1159 1113 1352 1175 virginis
1385 1117 1583 1177 propter
1617 1129 1808 1162 causam
1834 1113 2125 1162 matrimonii
2149 1114 2275 1163 inter
2298 1115 2451 1179 ipsum

511 1204 803 1251 Richardum
851 1206 900 1251 et
942 1202 1119 1250 dictam
1157 1201 1426 1250 Gresiliden
1464 1230 1474 1240 ·
1514 1230 1524 1240 ·
1564 1230 1574 1240 ·
1611 1202 1923 1251 contrahendi
1961 1231 1972 1242 ·
2011 1231 2022 1242 ·
2065 1231 2075 1242 ·
2112 1207 2165 1252 ut
2203 1231 2214 1242 ·
2253 1231 2264 1242 ·
2303 1232 2314 1242 ·
2350 1204 2451 1252 bal-

507 1293 633 1342 liuus
656 1293 928 1341 antedictus
966 1320 976 1330 ·
1015 1320 1026 1329 ·
1066 1320 1076 1330 ·
1112 1291 1382 1340 huiusmodi
1418 1307 1648 1339 summam
1684 1291 1891 1355 quinque
1916 1307 2178 1340 morcarum
2217 1320 2227 1331 ·
2264 1319 2276 1331 ·
2315 1321 2327 1331 ·
2362 1293 2453 1357 ipsi

513 1383 755 1431 Richardo
789 1386 840 1431 et
876 1382 1004 1430 dicte
1041 1380 1267 1430 Gresilidi
1304 1380 1351 1427 in
1387 1381 1643 1428 coniuncta
1679 1380 2001 1429 infeodatione
2026 1386 2075 1429 et
2100 1382 2353 1431 heredibus
2377 1397 2456 1430 eo-

510 1488 612 1520 rum
656 1471 890 1533 legittime
931 1469 1236 1534 procreandis
1283 1469 1454 1533 quibus
1499 1486 1611 1517 vero
1653 1470 1981 1519 deficientibus
2027 1471 2280 1520 heredibus
2326 1473 2453 1520 dicte

512 1560 763 1611 Gresilidis
800 1559 1156 1624 quibuscunque
1196 1559 1333 1606 daret
1371 1586 1381 1596 ·
1421 1586 1431 1596 ·
1471 1586 1481 1596 -
1520 1558 1654 1607 Acta
1690 1563 1827 1607 erant
1864 1560 1954 1607 hec
1995 1560 2044 1607 in
2087 1576 2277 1608 camera
2319 1578 2456 1610 vene-

510 1650 673 1698 rabilis
710 1648 798 1696 viri
836 1648 1049 1712 magistri
1089 1648 1293 1696 Dauidis
1330 1649 1564 1696 Petcarne
1600 1648 1922 1697 archidiaconi
1971 1649 2307 1699 Brechinensis
2345 1680 2355 1689 ·
2395 1679 2404 1689 -
2445 1680 2455 1689 ·

510 1738 812 1803 presentibus
850 1737 1025 1785 ibidem
1064 1737 1194 1785 dicto
1233 1736 1460 1800 magistro
1499 1736 1692 1784 Dauide
1729 1737 1963 1786 Petcarne
1999 1739 2225 1802 magistro
2270 1740 2300 1786 J
2308 1741 2458 1789 acobo

512 1830 746 1877 Petcarne
769 1831 819 1875 et
845 1826 1036 1874 domino
1061 1827 1245 1874 Thoma
1269 1826 1614 1889 Abercrommy
1638 1825 1884 1889 capellano
1923 1854 1933 1864 ·
1973 1855 1983 1865 ·
2022 1855 2033 1866 ·

581 1918 648 1965 Et
686 1932 773 1980 ego
811 1915 1036 1964 Andreas
1073 1914 1291 1963 Finlaius
1325 1914 1561 1978 presbiter
1596 1914 1939 1964 Sanctiandree
1964 1916 2062 1964 dio⁰
2097 1932 2233 1965 sacra
2256 1919 2460 1966 auctori-

511 2010 615 2074 tate
639 2004 904 2070 apostolica
926 2004 1141 2054 notarius
1163 2003 1384 2068 publicus
1422 2031 1432 2042 ·
1472 2032 1482 2042 ·
1522 2031 1532 2042 ·

254 2282 492 2331 CXXVI.
530 2247 672 2326 Aue
695 2276 854 2339 sasing
877 2275 932 2324 of
948 2275 1032 2323 the
1058 2273 1295 2322 annuellis
1318 2274 1373 2322 of
1401 2275 1432 2320 4
1458 2272 1634 2322 merkis
1658 2274 1751 2321 and
1776 2290 1866 2321 ane
1890 2275 2024 2322 merk
2047 2275 2176 2323 furth
2201 2276 2256 2324 of
2274 2277 2460 2339 George

519 2368 727 2431 Wrycht
764 2367 858 2414 and
891 2366 1023 2413 John
1058 2365 1230 2413 Leitch
1258 2366 1504 2412 tenement
1536 2364 1630 2411 and
1661 2364 1715 2411 of
1748 2363 1955 2427 Quhytis
1991 2366 2131 2413 zeard
2155 2370 2207 2414 at
2231 2367 2314 2414 the
2339 2370 2460 2415 west

518 2461 626 2521 port
663 2460 715 2504 to
761 2455 977 2504 Richard
1016 2454 1261 2517 Chepman
1299 2453 1394 2500 and
1435 2451 1636 2501 Grissell
1677 2452 1890 2516 Ramsay
1926 2453 2001 2503 his
2023 2469 2168 2518 spous
2204 2482 2214 2493 ·
2252 2455 2318 2503 23
2345 2455 2463 2519 May

522 2546 653 2595 1537
693 2571 703 2585 ·

523 2746 696 2796 Obitus
718 2746 932 2810 magistri
958 2745 1157 2794 Henrici
1183 2744 1332 2801 Quhit
1357 2744 1526 2792 decani
1551 2743 1887 2793 Brechinensis
1912 2746 1934 2782 ’-

226 2905 498 2953 CXXVII.
533 2870 803 2952 Omnibus
821 2904 944 2951 hanc
963 2908 1145 2951 cartam
1164 2901 1336 2950 visuris
1362 2929 1373 2939 ·
1393 2894 1412 2939 '·
1440 2928 1450 2939 ·
1474 2901 1509 2948 J
1513 2901 1724 2949 ohannes
1749 2928 1762 2939 ·
1788 2927 1798 2938 ·
1826 2928 1836 2938 ·
1863 2900 2200 2950 Brechinensis
2218 2901 2470 2965 episcopus

522 2992 725 3042 salutem
767 3019 778 3030 ·
820 3019 830 3029 ·
871 3019 882 3030 ·
922 2991 1099 3040 Sciatis
1138 3006 1226 3039 nos
1266 3006 1372 3038 cum
1419 3005 1652 3038 consensu
1693 3017 1703 3027 -
1747 3017 1757 3027 ·
1799 3016 1811 3027 ·
1849 2987 2046 3053 capituli
2086 2989 2237 3037 nostri
2279 2989 2465 3039 dedisse

575 3110 585 3120 ·
625 3109 635 3119 ·
672 3080 859 3128 vicariis
883 3079 1141 3143 capellanis
1164 3078 1385 3127 choristis
1420 3078 1551 3126 chori
1587 3077 1787 3126 ecclesie
1820 3077 2108 3126 cathedralis
2132 3078 2467 3128 Brechinensis

523 3175 573 3220 et
598 3185 758 3218 eorum
784 3168 1134 3217 successoribus
1157 3183 1301 3216 unum
1321 3182 1527 3214 annuum
1546 3166 1785 3214 redditum
1803 3165 1969 3228 viginti
1989 3166 2186 3214 duorum
2209 3166 2465 3216 solidorum

524 3262 716 3308 monete
733 3257 895 3306 Scotie
923 3285 933 3295 -
962 3285 973 3296 -
1003 3285 1014 3295 ·
1038 3256 1291 3305 leuandum
1320 3284 1331 3294 ·
1360 3284 1371 3295 ·
1398 3284 1409 3295 ·
1435 3256 1493 3303 de
1507 3259 1614 3304 toto
1629 3259 1678 3304 et
1694 3255 1877 3317 integro
1892 3253 1974 3302 illo
1988 3258 2262 3304 tenemento
2273 3255 2468 3318 jacente

524 3343 648 3397 infra
682 3346 942 3395 Ciuitatem
979 3349 1190 3396 nostram
1216 3336 1586 3395 Brechinensem
1618 3344 1882 3408 predictam
1918 3360 1979 3392 ex
2013 3347 2151 3408 parte
2185 3345 2470 3395 occidentali
