3016 3958
594 646 706 705 274
1136 647 1454 703 CARTAE
1495 646 2110 704 MISCELLANEAE

594 827 911 869 antedictorum
942 827 1125 868 duorum
1162 831 1507 870 tenementorum
1526 827 1635 884 (No.
1668 827 1914 884 CCXXV.)
1946 842 2091 870 coram
2112 829 2181 871 his
2202 830 2390 872 testibus
2421 844 2548 871 vene-

595 907 807 950 rabilibus
838 910 883 950 et
912 907 1112 961 discretis
1139 908 1245 950 viris
1266 908 1488 964 magistris
1519 908 1721 950 ,Iohanne
1751 908 1962 965 Spalding
1992 909 2154 952 decano
2187 909 2384 966 Georgeo
2418 910 2546 952 Seres

598 992 776 1031 cantore
834 988 1057 1044 Stephano
1109 989 1333 1044 Angusiae
1383 988 1657 1031 thesaurario
1710 987 1906 1031 Gilberto
1957 988 2190 1031 Forestare
2245 989 2547 1032 archidiacono

599 1068 810 1111 Duncano
862 1068 914 1110 de
966 1067 1209 1110 Lichtoune
1253 1068 1416 1111 vicario
1456 1068 1509 1110 de
1552 1068 1739 1110 Brechin
1781 1069 1993 1125 magistro
2035 1069 2238 1112 Johanne
2286 1070 2340 1112 de
2392 1070 2547 1126 Mony-

597 1163 710 1206 peny
729 1148 1040 1205 praebendario
1071 1148 1123 1190 de
1156 1147 1352 1191 Bourkill
1374 1151 1419 1191 et
1439 1148 1650 1205 magistro
1672 1147 1874 1191 Waltero
1896 1148 2003 1191 Ydil
2034 1150 2147 1205 apud
2173 1150 2362 1192 Brechin
2382 1149 2547 1192 decimo

598 1229 667 1271 die
688 1229 850 1271 mensis
874 1228 1140 1285 Septembris
1161 1243 1275 1271 anno
1296 1228 1475 1271 Domini
1493 1228 1721 1271 millesimo
1738 1229 2168 1285 quadringentesimo
2186 1229 2547 1286 quinquagesimo

602 1310 784 1365 septimo
806 1312 851 1352 et
871 1309 1208 1351 consecrationis
1229 1308 1419 1365 episcopi
1441 1323 1554 1350 anno
1576 1307 1706 1351 tertio
1743 1340 1751 1349 .

294 1545 574 1588 CCXXVII.
602 1536 958 1591 Insa-amentum
989 1548 1176 1590 saisinae
1206 1547 1525 1604 praedictorum
1556 1548 1738 1590 duorum
1770 1552 2117 1591 tenementorum
2147 1563 2245 1591 cum
2270 1548 2384 1591 acris
2404 1552 2549 1591 terrae

600 1628 779 1671 arabilis
813 1642 944 1685 super
978 1628 1274 1684 resignatione
1314 1628 1418 1670 dicti
1459 1627 1674 1670 Johannis
1711 1628 1926 1670 Willelmi
1962 1629 2007 1670 in
2047 1629 2240 1671 favorem
2278 1628 2346 1671 sui
2380 1628 2548 1685 ipsius3

598 1708 772 1751 ballivis
794 1708 1028 1751 nominatis
1049 1707 1194 1750 Dauid
1216 1706 1452 1763 Dempster
1471 1707 1659 1749 Ricardo
1682 1707 1897 1749 Willelmi
1918 1711 1963 1750 et
1984 1708 2013 1750 J
2015 1708 2186 1751 ohanne
2208 1707 2349 1764 Inglis
2376 1707 2550 1750 ballivis

600 1788 802 1832 Civitatis
836 1787 1168 1837 Brechinensis3
1200 1787 1387 1829 testibus
1419 1786 1564 1828 Dauid
1601 1785 1836 1842 Dempster
1870 1787 1923 1829 de
1961 1787 2218 1831 Ouchterles
2253 1787 2415 1830 ballivo
2446 1788 2549 1830 dicti

597 1868 822 1912 reverendi
852 1868 991 1924 patris
1024 1867 1259 1909 Malcolmo
1289 1867 1342 1908 de
1376 1866 1570 1923 Guthery
1593 1866 1804 1909 Cutberto
1829 1866 1882 1908 de
1914 1867 2027 1910 Rate
2058 1867 2309 1910 Alexandro
2338 1867 2550 1910 Webster

600 1949 819 2006 serjiando
841 1949 869 1991 J
873 1949 1042 1991 ohanne
1074 1948 1263 1990 Baxster
1292 1961 1390 1989 cum
1419 1946 1571 1989 multis
1592 1946 1692 1988 aliis
1723 1977 1733 1987 .
1766 1946 1794 1988 J
1798 1947 1968 1989 ohanne
1992 1946 2058 2003 Gy
2077 1947 2320 2003 presbitero
2342 1948 2549 1989 Brechin-

599 2030 716 2072 ensis
736 2029 983 2071 dioeceseos
1005 2027 1175 2070 notario
1207 2060 1216 2070 .
1252 2026 1301 2068 10
1327 2026 1595 2082 Septembris
1622 2026 1728 2070 1457
1766 2058 1774 2070 .

602 2204 800 2253 Charter,
832 2202 925 2244 The
948 2201 1136 2258 Bischop
1158 2201 1207 2243 of
1230 2200 1442 2243 Breichen
1462 2199 1508 2241 in
1528 2199 1684 2242 favour
1705 2199 1753 2242 of
1773 2199 1891 2242 John
1911 2199 2127 2242 Willelmi
2159 2200 2207 2242 of
2232 2201 2307 2243 the
2327 2201 2431 2243 land
2453 2216 2550 2243 now

717 2282 856 2325 called
878 2284 952 2325 the
974 2282 1179 2325 Litsteris
1201 2281 1303 2324 land
1324 2281 1410 2323 and
1432 2295 1531 2323 acre
1552 2281 1696 2323 therto
1718 2279 1968 2336 belonging.

269 2436 575 2479 CCXXVIII,
603 2418 826 2472 Omnibus
858 2460 868 2470 .
903 2460 914 2471 .
947 2462 955 2471 .
991 2428 1213 2485 Georgeus
1244 2427 1522 2470 miseratione
1557 2427 1705 2469 diuina
1745 2427 1973 2483 episcopus
2011 2427 2317 2470 Brechinensis
2353 2427 2547 2471 Salutem

709 2540 720 2551 .
765 2509 923 2552 Sciatis
971 2523 1053 2551 nos
1094 2522 1191 2551 cum
1232 2522 1445 2551 consensu
1484 2540 1493 2550 .
1535 2540 1543 2549 .
1584 2538 1594 2549 .
1633 2507 1812 2563 capituli
1861 2506 2002 2549 nostri
2039 2539 2049 2549 .
2082 2539 2092 2550 .
2128 2539 2137 2549 .
2174 2507 2345 2550 dedisse
2377 2540 2386 2550 .
2420 2539 2430 2550 .
2463 2539 2473 2549 .
2505 2511 2550 2549 et

600 2591 680 2632 hac
710 2589 905 2646 presenti
935 2592 1058 2631 carta
1087 2591 1241 2631 nostra
1277 2588 1556 2630 confirmasse
1592 2587 1750 2629 dilecto
1785 2590 1936 2630 nostro
1964 2587 2157 2630 Johanni
2186 2587 2401 2630 Willelmi
2440 2587 2550 2631 tinc-

599 2669 685 2712 tori
721 2670 805 2711 ciui
842 2669 1047 2712 Ciuitatis
1087 2673 1236 2711 nostre
1277 2667 1584 2710 Brechinensis
1624 2682 1758 2709 unum
1798 2671 2095 2710 tenementum
2135 2681 2234 2710 cum
2272 2667 2549 2724 pertinentiis

595 2750 747 2803 Jacens
778 2749 822 2790 in
852 2749 969 2791 dicta
987 2752 1139 2791 nostra
1162 2747 1352 2790 Ciuitate
1373 2762 1427 2789 ex
1447 2750 1572 2804 parte
1594 2747 1796 2790 orientali
1822 2747 2064 2790 communis
2093 2747 2178 2790 vici
2209 2748 2401 2790 eiusdem
2432 2748 2549 2790 inter

601 2832 762 2870 terram
783 2828 888 2870 dicti
918 2828 946 2870 J
950 2827 1134 2870 ohannis
1154 2842 1209 2870 ex
1229 2831 1353 2883 parte
1381 2827 1565 2870 australi
1597 2842 1650 2869 ex
1680 2831 1806 2883 parte
1827 2842 1916 2870 una
1946 2832 1992 2869 et
2019 2827 2061 2868 le
2092 2826 2209 2883 Lytil
2241 2826 2379 2882 Mylle
2400 2826 2547 2868 Burne

603 2922 655 2949 ex
686 2911 809 2963 parte
837 2907 991 2950 boriali
1021 2922 1074 2949 ex
1104 2913 1229 2964 parte
1250 2907 1391 2950 altera
1410 2921 1507 2949 cum
1529 2921 1618 2949 una
1647 2907 1787 2949 crofta
1806 2910 1922 2949 terre
1959 2906 2137 2948 arabilis
2167 2905 2223 2948 ad
2243 2905 2406 2947 dictum
2426 2909 2548 2948 tene-

602 2991 796 3029 mentum
827 2990 1049 3042 spectante
1070 3002 1165 3030 cum
1187 2987 1463 3043 pertinentiis
1495 3001 1579 3042 que
1610 2987 1750 3030 crofta
1778 2990 1895 3029 terre
1924 2986 2039 3028 iacet
2058 2985 2261 3041 contigue
2281 2985 2337 3027 ad
2357 2985 2546 3028 orienta-

602 3065 688 3108 lem
707 3066 837 3108 finem
868 3066 952 3108 orti
982 3066 1084 3108 dicti
1115 3067 1351 3110 tenementi
1370 3067 1487 3109 inter
1515 3070 1680 3109 terram
1701 3066 1867 3108 Thome
1889 3065 2026 3121 Mudy
2057 3079 2110 3107 ex
2140 3068 2265 3121 parte
2286 3064 2471 3107 australi
2491 3079 2545 3107 ex

602 3149 727 3202 parte
746 3159 835 3191 uua
863 3149 908 3187 et
936 3145 1176 3201 predictum
1196 3146 1237 3188 le
1259 3146 1394 3203 Lytill
1416 3145 1527 3202 Myll
1548 3145 1693 3187 Βι11·110
1715 3159 1769 3186 ex
1789 3150 1913 3201 parte
1934 3144 2090 3186 boriali
2111 3158 2165 3185 ex
2184 3148 2309 3200 parte
2340 3144 2480 3186 altera
2501 3149 2545 3186 et

604 3224 799 3268 extendit
824 3238 976 3266 versus
1004 3225 1147 3267 oriens
1173 3239 1310 3281 usque
1331 3225 1372 3267 le
1394 3223 1503 3282 Myll
1524 3224 1672 3280 Akyre
1694 3223 1992 3280 Quodquidem
2012 3227 2307 3266 tenementum
2331 3238 2428 3265 cum
2448 3239 2544 3280 pre-

604 3304 721 3347 dicta
750 3303 888 3346 crofta
916 3306 1031 3346 terre
1061 3304 1239 3346 arabilis
1271 3319 1368 3347 cum
1401 3303 1678 3361 pertinentiis
1697 3292 1782 3346 fuit
1815 3302 1920 3346 dicti
1952 3302 2169 3346 ‚Iohannis
2201 3306 2246 3346 et
2280 3303 2395 3359 quod
2424 3307 2545 3346 tene-

605 3388 797 3426 mentum
836 3397 933 3425 cum
969 3382 1085 3426 dicta
1124 3383 1264 3427 crofta
1297 3387 1413 3427 terre
1454 3382 1649 3440 prefatus
1689 3382 1914 3430 Johannes
1946 3414 1957 3425 .
1997 3416 2006 3425 .
2041 3416 2050 3425 .
2086 3383 2132 3425 in
2172 3397 2328 3426 manus
2369 3387 2544 3426 nostras
