3016 3958
1109 605 1403 662 CARTAE
1455 607 1959 663 ORIGINALES.
2412 611 2521 668 207

577 796 769 845 midiam
808 796 984 845 bollam
1019 797 1170 846 farine
1206 798 1456 846 auenatice
1493 813 1677 846 necnon
1715 799 1774 846 ad
1814 798 2079 847 octodecim
2118 798 2296 848 solidos
2330 806 2516 849 monete

576 903 661 935 sex
688 887 929 935 duodenas
952 886 1243 951 pultrearum
1281 892 1330 935 et
1371 889 1490 937 duas
1513 888 1744 937 barrellas
1767 889 2032 938 salmonum
2056 893 2187 938 totas
2226 894 2275 938 et
2313 890 2520 953 integras

574 981 729 1026 terras
768 984 957 1026 nostras
993 979 1051 1025 de
1089 978 1372 1026 Esauxtoun
1413 994 1519 1025 cum
1562 978 1777 1041 partibus
1818 978 2084 1042 pendiculis
2124 983 2173 1027 et
2218 979 2521 1042 pertinentiis

575 1067 893 1116 extendentes
916 1067 1161 1115 annuatim
1198 1071 1363 1115 nostro
1401 1067 1448 1114 in
1487 1067 1660 1115 rentali
1698 1068 1760 1115 ad
1799 1084 2030 1116 summam
2068 1072 2273 1132 quatuor
2296 1068 2522 1116 librarum

575 1157 803 1205 tredecim
852 1156 1110 1205 solidorum
1152 1160 1202 1204 et
1244 1160 1449 1220 quatuor
1495 1157 1797 1204 denariorum
1845 1162 2036 1206 monete
2076 1158 2328 1205 duodecim
2370 1159 2524 1207 bollas

576 1247 707 1295 ordei
732 1246 979 1295 duodecim
1016 1245 1168 1294 bollas
1190 1246 1342 1294 farine
1366 1246 1618 1294 auenatice
1644 1250 1692 1294 et
1727 1246 1926 1309 triginta
1950 1251 2157 1309 quatuor
2180 1247 2393 1311 pultreas
2417 1264 2521 1296 cum

575 1337 793 1385 omnibus
815 1340 865 1384 et
891 1335 1087 1399 singulis
1110 1336 1325 1399 partibus
1348 1335 1612 1399 pendiculis
1637 1339 1686 1383 et
1710 1335 2014 1399 pertinentiis
2037 1340 2271 1384 terrarum
2298 1337 2525 1385 molendi-

574 1443 741 1475 norum
766 1430 815 1474 et
838 1425 1149 1490 piscariarum
1167 1424 1434 1488 respectiue
1453 1424 1775 1488 predictorum
1793 1424 2057 1487 jacentium
2078 1425 2202 1473 infra
2220 1426 2524 1474 vicecomita-

573 1521 678 1565 tum
715 1517 774 1563 de
810 1516 1009 1563 Forfare
1048 1542 1058 1553 ·
1096 1515 1300 1578 Insuper
1336 1513 1536 1562 fecimus
1576 1541 1586 1551 ·
1627 1541 1637 1551 ·
1677 1539 1688 1551 .
1725 1517 1776 1569 et
1822 1513 2094 1562 ordinamus
2135 1515 2401 1578 predictum
2443 1533 2524 1563 no-

573 1605 717 1653 bilem
765 1604 1006 1654 dominum
1042 1620 1154 1653 suos
1187 1604 1389 1651 heredes
1435 1606 1485 1651 et
1532 1602 1800 1665 assignatos
1846 1603 2137 1667 prescriptos
2183 1609 2373 1654 nostros
2411 1633 2422 1643 ·
2462 1634 2471 1643 ·
2512 1634 2520 1642 ·

573 1695 890 1748 hereditarios
946 1693 1151 1742 balliuos
1207 1693 1415 1742 omnium
1475 1696 1525 1740 et
1582 1691 1871 1755 singularum
1927 1696 2161 1741 terrarum
2222 1694 2521 1742 baroniarum

574 1789 624 1833 et
682 1784 996 1832 dominiorum
1054 1783 1319 1846 vbicunque
1367 1781 1678 1830 existentium
1734 1782 1872 1830 nobis
1920 1787 1969 1830 et
2017 1783 2147 1830 dicto
2193 1788 2355 1832 nostro
2404 1785 2525 1848 epis-

575 1873 768 1938 copatui
833 1871 1189 1937 quomodolibet
1254 1872 1575 1935 spectantium
1629 1875 1679 1918 et
1740 1871 2079 1935 pertinentium
2139 1874 2294 1920 dando
2358 1889 2526 1921 conce-

576 1964 731 2012 dendo
778 1966 827 2010 et
875 1961 1218 2010 committendo
1266 1961 1395 2009 dicto
1442 1960 1590 2009 nobili
1626 1960 1816 2008 domino
1862 1961 2051 2024 suisque
2099 1959 2355 2011 heredibus
2402 1979 2524 2011 mas-

574 2053 694 2102 culis
729 2057 778 2101 et
814 2052 1068 2116 assignatis
1101 2052 1279 2100 nostris
1312 2050 1504 2099 balliuis
1539 2051 1817 2114 prescriptis
1853 2055 2064 2100 nostram
2103 2051 2290 2116 plenam
2326 2052 2523 2101 liberam

575 2148 624 2192 et
673 2142 991 2191 omnimodam
1038 2145 1329 2205 potestatem
1379 2140 1536 2189 curias
1582 2139 1808 2189 balliatus
1854 2141 2087 2189 dictarum
2123 2146 2391 2191 nostrarum
2429 2147 2524 2191 ter-

573 2250 730 2282 rarum
779 2232 1079 2281 baroniarum
1126 2235 1176 2279 et
1223 2229 1537 2278 dominiorum
1585 2230 1851 2293 Vbicunque
1892 2230 2201 2279 existentium
2249 2232 2522 2281 tenentibus

573 2323 828 2371 earundem
865 2325 914 2369 et
949 2320 1056 2369 aliis
1097 2336 1295 2384 quorum
1336 2319 1538 2368 interest
1578 2322 1662 2366 aut
1701 2319 1919 2367 intererit
1960 2321 2232 2383 assignandi
2271 2322 2518 2369 ordinandi

571 2412 824 2461 inchoandi
847 2410 1111 2459 affirmandi
1146 2409 1342 2458 tenendi
1379 2413 1429 2457 et
1465 2409 1655 2472 quoties
1690 2425 1808 2472 opus
1841 2409 1985 2457 fuerit
2021 2410 2328 2458 continuandi
2363 2415 2520 2459 sectas

572 2502 731 2550 vocari
776 2501 981 2549 faciendi
1027 2501 1251 2548 absentes
1295 2499 1620 2546 amerchiandi
1667 2502 2045 2562 transgressores
2096 2503 2145 2548 et
2192 2499 2520 2563 delinquentes

573 2593 711 2639 iuxta
728 2591 844 2639 iuris
868 2589 1081 2639 ordinem
1100 2588 1328 2652 puniendi
1351 2587 1755 2635 amerchiamenta
1774 2591 1823 2635 et
1848 2588 2096 2636 eschaetas
2117 2589 2347 2637 dictarum
2369 2591 2522 2638 curia-

574 2698 677 2729 rum
700 2679 890 2728 leuandi
914 2683 963 2727 et
987 2679 1049 2726 ad
1073 2693 1183 2726 vsus
1205 2692 1315 2726 suos
1337 2676 1555 2740 proprios
1579 2675 1852 2738 applicandi
1886 2691 1944 2724 ac
1978 2692 2064 2740 pro
2101 2677 2278 2726 eisdem
2320 2680 2359 2727 si
2401 2695 2517 2742 opus

572 2771 716 2819 fuerit
751 2767 975 2817 namandi
1019 2771 1068 2815 et
1110 2765 1421 2828 distringendi
1455 2768 1769 2828 tenentesque
1810 2768 1860 2813 et
1900 2764 2246 2815 inhabitatores
2284 2768 2515 2816 dictarum

573 2864 843 2908 nostrarum
865 2866 1100 2905 terrarum
1124 2854 1422 2903 baroniarum
1448 2858 1497 2901 et
1522 2853 1834 2901 dominiorum
1868 2868 2027 2902 coram
2053 2871 2336 2919 quocunque
2360 2857 2514 2905 iudice

575 2950 677 2999 siue
716 2948 1069 3013 quibuscunque
1106 2945 1340 2992 iudicibus
1376 2942 1632 2991 attachiati
1669 2958 1753 2990 seu
1790 2943 2014 2991 arrestati
2052 2944 2229 2992 fuerint
2269 2946 2327 2992 ad
2374 2947 2517 3009 priui-

575 3039 748 3102 legium
785 3041 834 3086 et
868 3037 1137 3084 libertatem
1164 3034 1396 3082 dictarum
1422 3032 1656 3080 curiarum
1680 3035 1947 3079 nostrarum
1972 3032 2262 3095 replegiandi
2299 3039 2348 3082 et
2384 3037 2519 3082 redu-

578 3129 717 3176 cendi
762 3127 1125 3189 cautionemque
1172 3125 1230 3172 de
1278 3122 1537 3171 Colleraith
1580 3138 1666 3185 pro
1708 3121 1896 3169 iusticia
1942 3122 2256 3171 ministranda
2302 3125 2516 3187 partibus

579 3215 976 3281 conquerentibus
999 3214 1127 3262 intra
1150 3213 1265 3261 iuris
1287 3212 1541 3260 terminum
1568 3210 1710 3258 dandi
1735 3214 1784 3258 et
1804 3210 2075 3259 inueniendi
2101 3213 2354 3276 deputatos
2378 3229 2514 3260 vnum

579 3323 662 3356 seu
685 3305 845 3370 plures
868 3320 973 3352 cum
1009 3302 1195 3351 clericis
1229 3300 1460 3351 seriandis
1493 3299 1900 3348 adiudicatoribus
1935 3304 1983 3348 et
2020 3301 2237 3350 omnibus
2261 3302 2366 3350 aliis
2391 3303 2518 3350 curie
