3016 3958
1104 628 1393 686 CARTAE
1440 632 1935 692 ORIGINALES.
2384 643 2494 701 175

559 814 885 868 scuritateslet
909 816 1128 881 ambigua
1150 819 1441 869 fundationis
1466 822 1582 870 dicti
1620 823 1805 887 collegii
1842 861 1852 871 .
1890 861 1901 872 .
1938 861 1948 871 .
1985 826 2318 876 declarandum
2354 834 2403 877 et
2442 831 2489 877 in

557 903 729 952 melius
752 904 1099 954 reformandum
1123 922 1181 954 ac
1214 908 1255 955 si
1287 924 1406 971 opus
1428 910 1491 958 sit
1517 911 1574 958 de
1599 927 1722 960 nouo
1746 918 1940 976 propter
1974 916 2268 963 commodum
2306 921 2354 964 et
2393 917 2483 965 loci

560 991 817 1041 utilitatem
863 997 1009 1057 atque
1054 995 1202 1042 diuini
1243 995 1398 1045 cultus
1444 1003 1745 1060 augmentum
1782 1003 2084 1050 statuendum
2128 1019 2308 1052 necnon
2354 1005 2480 1053 circa

559 1081 698 1129 huius
721 1081 907 1144 collegii
929 1083 1312 1133 reformationem
1337 1089 1386 1133 et
1410 1090 1685 1149 perpetuam
1726 1089 2126 1137 manutentionem
2162 1092 2482 1140 arbitrandum

559 1173 609 1218 et
632 1171 943 1218 ordinandum
968 1175 1018 1219 et
1042 1173 1264 1237 precipue
1288 1190 1434 1237 penes
1458 1174 1588 1222 illam
1613 1176 1867 1224 clausulam
1894 1178 1942 1224 in
1965 1178 2239 1226 fundatione
2275 1180 2481 1229 eiusdem

558 1259 760 1322 positam
797 1258 891 1314 Qui
915 1275 1026 1307 vero
1055 1261 1148 1309 duo
1173 1262 1406 1325 capellani
1430 1264 1775 1326 supportabunt
1814 1269 1863 1312 et
1903 1266 2201 1314 sustinebunt
2238 1283 2400 1316 omnes
2437 1273 2485 1316 et

557 1348 764 1410 singulas
799 1362 1103 1412 quascunque
1141 1350 1348 1399 minutas
1395 1352 1719 1414 reparationes
1757 1353 1882 1400 dicte
1930 1355 2095 1403 domus
2142 1356 2365 1403 meremio
2412 1373 2486 1405 su-

556 1439 755 1501 perioris
776 1442 896 1490 tecti
918 1439 1227 1489 renouatione
1263 1444 1313 1487 et
1348 1439 1582 1503 parietum
1607 1456 1691 1488 seu
1716 1457 1953 1489 murorum
1989 1443 2336 1492 reedificatione
2370 1447 2483 1492 dun-

556 1530 697 1576 taxat
738 1530 954 1593 exceptis
989 1545 1109 1593 quas
1143 1544 1336 1591 magnas
1374 1529 1698 1592 reparationes
1740 1530 1855 1577 dicti
1898 1531 2143 1595 episcopus
2191 1534 2396 1581 decanus
2436 1540 2484 1582 et

556 1616 814 1679 capitulum
837 1635 924 1682 pro
946 1621 1176 1681 perpetuo
1201 1618 1402 1681 propriis
1426 1619 1524 1666 suis
1547 1620 1769 1682 expensis
1793 1620 2090 1668 sustinebunt
2128 1626 2217 1668 etc.
2254 1626 2302 1669 et
2338 1639 2480 1685 penes

555 1705 697 1753 aliam
721 1705 981 1755 clausulam
1005 1707 1054 1754 in
1078 1708 1238 1754 eadem
1267 1707 1470 1769 positam
1496 1708 1553 1754 de
1578 1708 1812 1756 utensiliis
1838 1712 1886 1756 et
1912 1708 2159 1757 domiciliis
2182 1709 2399 1758 videlicet
2425 1712 2481 1757 de

555 1795 826 1858 receptione
864 1795 1198 1843 reformatione
1233 1799 1283 1843 et
1319 1796 1664 1844 restauratione
1689 1798 1942 1844 eorundem
1981 1797 2303 1845 Verumetiam
2339 1815 2482 1861 penes

554 1882 839 1932 locationem
863 1888 912 1932 et
934 1883 1315 1932 arrendationem
1341 1884 1504 1931 decem
1528 1900 1818 1932 camerarum
1843 1885 2132 1948 superiorum
2159 1886 2274 1933 dicti
2298 1885 2480 1948 collegii

556 1976 664 2035 post
699 1972 880 2019 obitum
916 1972 1032 2020 dicti
1068 1972 1295 2035 principis
1332 1976 1380 2020 et
1418 1971 1511 2020 loci
1547 1973 1812 2020 fundatoris
1849 1989 1934 2036 per
1971 1974 2204 2036 quondam
2252 1975 2478 2021 decanum

555 2061 808 2109 canonicos
843 2065 892 2109 et
927 2060 1186 2124 capitulum
1224 2061 1544 2109 Brechinense
1580 2061 1901 2108 edificatarum
1931 2065 1980 2108 et
2015 2065 2385 2110 constructarum
2421 2078 2477 2109 ac

556 2151 756 2213 desuper
788 2151 1092 2198 statuendum
1119 2154 1168 2197 et
1193 2150 1502 2197 ordinandum
1528 2165 1620 2212 quo
1644 2153 1694 2197 et
1718 2149 1921 2212 qualiter
1954 2150 2264 2197 reformentur
2297 2165 2480 2197 conser-

556 2239 793 2287 uabuntur
816 2243 865 2286 et
900 2238 948 2285 in
983 2241 1127 2286 antea
1149 2242 1546 2286 manuteneantur
1580 2242 1673 2286 etc.
1707 2253 1814 2285 cum
1849 2239 1907 2285 de
1945 2238 2200 2285 refectione
2235 2242 2479 2301 supporta-

553 2328 685 2375 tione
731 2331 780 2374 et
826 2327 1182 2374 manutentione
1229 2328 1484 2374 earundem
1529 2342 1682 2389 neque
1742 2325 1939 2373 aliarum
1998 2328 2142 2373 trium
2189 2341 2476 2373 camerarum

554 2415 824 2463 inferiorum
848 2416 1056 2463 eiusdem
1083 2414 1268 2478 collegii
1291 2415 1421 2463 nulla
1444 2416 1492 2463 in
1517 2416 1647 2463 dicta
1677 2415 1952 2463 fundatione
1987 2414 2162 2461 mentio
2185 2414 2313 2461 facta
2335 2414 2398 2462 sit
2421 2430 2478 2461 ac

554 2503 698 2551 etiam
722 2504 783 2551 ad
808 2503 1142 2552 declarandum
1165 2519 1329 2551 omnes
1352 2508 1401 2551 et
1425 2504 1632 2567 singulos
1654 2503 1879 2551 articulos
1914 2506 1963 2550 et
1998 2502 2233 2550 clausulas
2266 2502 2313 2549 in
2350 2502 2478 2550 dicta

553 2591 830 2640 fundatione
859 2592 1048 2655 positas
1070 2595 1119 2639 et
1146 2595 1398 2640 contentas
1419 2593 1480 2640 ad
1505 2596 1717 2640 nostrum
1755 2592 1901 2639 libere
1938 2590 2195 2638 voluntatis
2231 2590 2475 2637 arbitrium

554 2681 900 2728 reformandum
939 2708 949 2718 ·
986 2696 1071 2743 per
1108 2684 1157 2727 et
1194 2679 1321 2728 inter
1357 2680 1568 2743 prefatos
1607 2681 1832 2728 decanum
1876 2678 2126 2726 canonicos
2163 2681 2211 2725 et
2249 2677 2477 2725 antedicti

553 2768 739 2831 collegii
762 2767 1033 2832 capellanos
1057 2772 1109 2815 ut
1133 2768 1395 2831 predicitur
1414 2768 1727 2816 communiter
1745 2767 1924 2815 electus
1947 2770 2037 2814 etc.
2066 2766 2165 2813 Nos
2187 2766 2329 2827 igitur
2365 2793 2375 2803 ·
2414 2793 2424 2803 -
2463 2793 2473 2803 ·

553 2857 810 2905 arbitrator
833 2861 885 2904 ut
908 2856 1170 2919 predicitur
1207 2884 1216 2893 ·
1255 2883 1265 2893 ·
1304 2883 1317 2892 -
1352 2857 1640 2904 constitutus
1677 2883 1687 2893 ·
1725 2882 1736 2894 ·
1775 2882 1784 2892 ·
1821 2854 2025 2916 ipsisque
2060 2853 2298 2901 canonicis
2333 2857 2474 2916 atque

554 2945 811 3009 capellanis
832 2945 943 2992 hinc
980 2945 1090 2992 inde
1127 2960 1295 3007 magno
1334 2945 1680 2992 interueniente
1711 2944 1984 3004 juramento
2021 2940 2230 2988 astrictis
2266 2968 2277 2978 ·
2316 2968 2326 2978 ·
2365 2968 2376 2978 ·
2411 2940 2473 2988 ad

605 3062 615 3071 ·
654 3061 666 3072 ·
701 3033 1118 3096 obtemperandum
1159 3036 1322 3081 nostro
1359 3060 1370 3070 ·
1410 3060 1420 3070 ·
1459 3060 1469 3070 ·
1507 3033 1699 3080 decreto
1736 3058 1746 3067 ·
1785 3058 1795 3067 ·
1834 3058 1843 3067 ·
1880 3030 1937 3076 de
1985 3032 2035 3076 et
2080 3044 2220 3090 super
2254 3028 2473 3076 clausulis

553 3122 792 3185 premissis
828 3149 839 3160 ·
877 3150 888 3160 ·
927 3149 937 3159 ·
974 3121 1150 3170 auditis
1186 3121 1315 3184 prius
1345 3121 1548 3183 partium
1587 3118 1902 3182 predictarum
1937 3116 2244 3179 petitionibus
2285 3131 2472 3178 respon·
2512 3175 2515 3177 Α

552 3210 761 3258 sionibus
805 3209 1164 3272 allegationibus
1209 3213 1287 3257 etc
1347 3208 1623 3270 collegiique
1669 3205 1840 3269 prefati
1894 3203 2169 3251 fundatione
2214 3231 2225 3241 ·
2268 3204 2468 3265 quodam

550 3298 695 3346 etiam
734 3301 917 3347 statuto
957 3314 1041 3361 per
1081 3298 1316 3360 quondam
1355 3324 1364 3334 ·
1404 3324 1413 3333 ·
1454 3324 1463 3334 ·
1501 3293 1753 3356 Georgium
1794 3292 2066 3355 episcopum
2106 3291 2467 3339 Brechinensem
