3016 3958
562 555 673 655 426
1045 599 1415 656 ROTULI
1479 598 2022 654 REDITUUM.

563 777 722 821 solidos
743 778 876 820 annui
895 777 1089 820 redditus
1108 777 1162 820 de
1183 777 1393 833 Kyncrag
1413 776 1495 819 sibi
1525 776 1660 818 eciam
1690 775 1872 826 debitos,
1894 790 1947 817 ex
1967 776 2215 819 huiusmodi
2234 777 2494 827 assercione‚

563 856 615 899 de
637 856 798 899 eisdem
817 856 1028 907 terminis,
1051 856 1193 905 vlib.;
1227 855 1308 911 [et]
1338 855 1476 897 eidem
1497 855 1551 897 de
1571 855 1709 897 firmis
1740 854 1888 910 [terre]
1922 855 1975 897 de
2006 854 2218 911 Kincrag,
2250 856 2302 898 de
2333 857 2500 899 duobus

563 935 714 992 primis
734 935 931 979 terminis
959 934 1088 977 huius
1118 934 1318 990 compoti,
1340 936 1546 990 occupate
1577 947 1674 976 cum
1693 933 1879 990 grangia
1898 932 2083 976 Domine
2105 934 2286 991 Regine‚
2309 949 2363 977 ex
2383 936 2499 978 dicta

565 1093 705 1135 tribus
739 1093 902 1135 vltimis
935 1091 1133 1134 terminis
1168 1092 1297 1134 huius
1338 1092 1577 1147 [compoti]‚
1608 1095 1916 1148 occupatarum
1948 1092 2150 1136 similiter
2179 1107 2276 1135 cum
2306 1093 2501 1150 grangiis

563 1172 749 1214 Domine
780 1171 959 1228 Regiae,
990 1185 1042 1212 cx
1073 1171 1222 1212 eadem
1253 1170 1512 1221 assercione,
1544 1171 1604 1212 xii
1616 1170 1690 1213 lib.
1722 1185 1830 1220 xs.;
1862 1174 1906 1214 et
1930 1185 2008 1227 per
2044 1171 2306 1214 solucionem
2342 1171 2500 1214 factam

564 1251 689 1293 fratri
719 1249 862 1292 Dauid
893 1249 1119 1292 Crannoch
1139 1250 1192 1292 de
1212 1250 1349 1291 firmis
1378 1249 1431 1291 de
1462 1249 1684 1306 Kymrag,
1715 1249 1769 1291 de
1798 1250 2002 1293 mandato
2033 1249 2219 1293 Domine
2241 1250 2421 1307 Regiae,
2449 1252 2501 1293 de

565 1330 731 1373 duobus
752 1329 903 1372 mediis
924 1329 1120 1372 terminis
1141 1330 1270 1372 huius
1294 1329 1495 1386 compoti,
1527 1329 1575 1371 iii
1588 1329 1662 1372 lib.
1693 1329 1785 1371 vis.
1816 1329 1891 1371 viii
1904 1329 1971 1380 d.;
2004 1334 2050 1372 et
2078 1329 2216 1372 eidem
2246 1344 2324 1387 per
2354 1344 2503 1386 super-

564 1410 693 1451 fluam
729 1409 1027 1452 oneracionem
1063 1413 1278 1451 certarum
1312 1412 1529 1452 terrarum
1564 1409 1851 1451 dominiorum
1883 1409 1936 1451 de
1976 1408 2164 1452 Brechin
2195 1413 2240 1451 et
2270 1409 2420 1452 Nevar
2450 1410 2502 1452 de

566 1503 678 1532 nouo
713 1488 968 1539 levatarum,
1004 1492 1052 1531 vt
1087 1492 1209 1544 patet
1244 1488 1289 1529 in
1323 1488 1495 1538 rentali,
1531 1488 1587 1530 ad
1622 1488 1942 1531 Penthecosten
1981 1502 2095 1530 anno
2130 1489 2413 1545 sexagesimo,
2448 1489 2500 1530 de

565 1568 732 1611 duobus
752 1567 903 1624 primis
923 1567 1121 1610 terminis
1143 1567 1273 1609 huius
1295 1566 1496 1623 compoti,
1519 1581 1577 1608 xx
1590 1566 1664 1608 lib.
1685 1567 1730 1608 ix
1744 1580 1777 1609 s.
1799 1566 1874 1608 viii
1890 1567 1931 1609 d.
1951 1581 1962 1616 ;
1989 1571 2033 1610 et
2062 1567 2196 1623 priori
2224 1567 2277 1609 de
2298 1567 2504 1610 Rostinot

566 1662 643 1703 pro
677 1647 877 1690 secundis
908 1646 1086 1688 decimis
1118 1646 1197 1688 sibi
1227 1646 1383 1688 debitis
1413 1646 1466 1688 de
1497 1645 1623 1688 dictis
1655 1646 1784 1687 terris
1813 1645 1866 1687 de
1895 1646 2081 1688 Brechin
2117 1650 2162 1689 et
2197 1646 2359 1697 Novar,
2394 1647 2502 1703 Regi

563 1726 880 1782 pertinentibus
909 1739 987 1781 per
1020 1725 1340 1768 forisfacturam
1376 1724 1592 1780 quondam
1628 1724 1798 1767 comitis
1837 1725 2030 1776 Atholie,
2062 1725 2115 1767 de
2151 1725 2279 1768 dictis
2313 1726 2501 1782 quinque

563 1806 775 1855 terminis,
805 1805 865 1847 xli
879 1805 951 1847 lib.
983 1805 1027 1846 xi
1040 1805 1108 1856 d.;
1139 1808 1184 1847 et
1212 1804 1350 1846 eidem
1380 1818 1457 1859 per
1486 1803 1776 1846 decidenciam
1805 1804 2083 1859 antiquarum
2111 1806 2334 1846 firmarum
2365 1808 2504 1847 terra-

563 1890 659 1926 rum
680 1885 733 1927 de
755 1884 987 1934 Garviach,
1006 1887 1054 1926 vt
1073 1887 1196 1940 patet
1219 1883 1265 1924 in
1294 1882 1454 1926 rentali
1474 1882 1652 1939 antiquo
1683 1885 1728 1925 et
1757 1896 1870 1924 nouo
1906 1882 2230 1938 particulariter
2259 1883 2503 1926 examinato

564 1978 694 2020 super
723 1967 935 2019 compoto,
959 1963 1017 2004 vii
1031 1950 1103 2005 lib.
1135 1977 1192 2004 xv
1208 1976 1241 2005 s.
1272 1962 1319 2003 iii
1334 1962 1375 2004 d.
1407 1962 1560 2004 obolus
1576 1976 1588 2011 ;
1620 1964 1664 2004 et
1694 1961 1832 2003 eidem
1862 1975 1939 2016 per
1965 1961 2227 2004 solucionem
2247 1962 2407 2004 factam
2430 1963 2504 2005 Jo-⁴

563 2045 696 2087 hanni
731 2044 1031 2086 Halkerstoun
1060 2043 1115 2085 ad
1145 2043 1353 2085 fabricam
1383 2041 1554 2098 collegii
1584 2041 1774 2084 Domine
1804 2041 1985 2098 Regine,
2018 2046 2067 2085 vt
2094 2046 2218 2099 patet
2241 2058 2319 2100 per
2347 2043 2503 2086 librum

563 2123 667 2166 dicti
688 2123 716 2166 J
719 2123 903 2166 ohannis
924 2136 1004 2165 sua
1032 2137 1164 2164 manu
1195 2110 1416 2178 scriptum,
1439 2122 1625 2164 diuersis
1645 2121 1810 2163 vicibus
1838 2124 2061 2164 ostensum
2093 2136 2223 2179 super
2243 2127 2501 2179 compotum,

563 2203 627 2244 ἰίἰο
657 2202 759 2244 lxxv
771 2202 845 2245 lib.
876 2202 921 2243 xi
939 2216 971 2244 s.
994 2202 1040 2243 iii
1056 2202 1125 2251 d.;
1157 2205 1202 2244 et
1222 2201 1360 2243 eidem
1376 2215 1452 2257 per
1474 2200 1736 2243 solucionem
1757 2200 1918 2243 factam
1947 2200 2163 2244 Edwardo
2184 2202 2236 2244 de
2257 2202 2419 2245 Boncle
2449 2203 2502 2245 ad

564 2284 723 2326 dictam
752 2282 973 2333 fabricam,
1005 2284 1054 2324 vt
1082 2284 1205 2337 patet
1234 2295 1312 2337 per
1343 2280 1562 2323 scedulam
1592 2294 1725 2321 manu
1756 2293 1835 2321 sua
1866 2279 2086 2335 scriptam,
2118 2283 2339 2323 ostensam
2374 2295 2503 2338 super

564 2444 612 2484 vt
641 2443 763 2497 patet
791 2454 869 2496 per
899 2439 1116 2483 scedulam
1147 2453 1270 2482 suam
1299 2452 1432 2480 manu
1463 2452 1543 2481 sua
1574 2439 1780 2494 scriptam
1810 2438 1863 2480 de
1893 2437 2096 2494 receptis,
2127 2442 2347 2481 ostensam
2374 2453 2503 2496 super

564 2523 821 2576 compotum,
852 2519 886 2560 ic
917 2519 1020 2560 xxix
1033 2518 1105 2561 lib.
1136 2518 1180 2560 ix
1197 2532 1233 2560 s.
1262 2518 1407 2567 iiiid.;
1439 2521 1484 2560 et
1513 2518 1628 2560 dicto
1658 2517 1875 2559 Edwardo
1911 2517 1967 2559 ad
2001 2517 2161 2560 dictam
2195 2518 2418 2569 fabricam,
2454 2523 2503 2562 vt

564 2602 687 2654 patet
705 2613 782 2654 per
800 2598 925 2641 binas
947 2597 1143 2640 scedulas
1165 2598 1217 2639 de
1238 2597 1423 2653 receptis
1444 2612 1575 2639 manu
1604 2611 1684 2639 sua
1714 2596 1996 2653 subscriptas,
2019 2600 2219 2640 ostensas
2241 2612 2370 2654 super
2390 2613 2504 2641 com-

564 2682 728 2734 potum,
758 2678 878 2720 xlviii
890 2678 978 2728 lib„
1010 2691 1139 2734 super
1168 2678 1324 2734 quibus
1354 2671 1686 2734 compotandum
1717 2681 1785 2720 est
1815 2691 1911 2719 cum
1941 2677 2056 2720 dicto
2077 2677 2292 2720 Edwardo
2314 2682 2359 2721 et
2388 2679 2501 2721 dicto

565 2757 763 2799 Johanne
794 2756 1092 2799 Halkerstoun
1108 2772 1122 2807 3
1151 2757 1206 2799 ad
1241 2757 1402 2800 dictam
1421 2757 1628 2799 fabricam
1659 2771 1737 2813 per
1763 2756 2068 2799 liberaeionem
2098 2756 2260 2799 domini
2290 2756 2503 2800 Willelmi

571 2835 735 2886 Rende,
767 2835 881 2877 dicto
913 2835 1112 2877 Johanne
1142 2835 1308 2878 fatente
1338 2839 1559 2892 receptum
1590 2849 1668 2892 per
1695 2833 1913 2878 scedulam
1949 2848 2029 2877 sua
2057 2848 2189 2876 manu
2222 2835 2426 2890 scriptam
2462 2840 2506 2878 et

565 2917 785 2957 ostensam
807 2928 936 2970 super
955 2918 1215 2970 compotum,
1247 2914 1279 2956 ic
1310 2914 1381 2958 lib.
1413 2929 1470 2957 xv
1484 2929 1535 2963 s.,
1565 2929 1643 2970 pro
1668 2914 1825 2971 quibus
1844 2913 2150 2970 respondebit3
2185 2918 2231 2956 et
2248 2929 2326 2970 pro
2349 2914 2501 2956 collec-

566 2993 688 3035 cione
716 2992 939 3035 firmarum
967 2994 1020 3035 de
1052 2992 1295 3035 Garviauch
1326 2993 1399 3035 vni
1429 2993 1670 3049 capellano,
1697 2992 1750 3035 de
1780 2992 1949 3036 duobus
1978 2993 2105 3034 annis
2134 2992 2248 3035 infra
2277 2993 2358 3035 hoc
2389 3008 2504 3036 com-

566 3150 775 3193 fabricam
796 3149 964 3205 collegii
985 3150 1291 3206 supradictam,
1323 3164 1402 3207 per
1430 3150 1734 3194 liberacionem
1764 3150 1968 3193 Nicholai
1991 3150 2172 3207 Speche,
2192 3151 2235 3192 xl
2253 3151 2340 3203 lib„
2375 3167 2505 3209 super

567 3230 723 3286 quibus
743 3230 1078 3285 computandum
1107 3234 1176 3273 est
1201 3245 1298 3272 cum
1326 3231 1440 3274 dicto
1468 3229 1685 3274 Edwardo
1716 3234 1796 3274 etc.
1818 3245 1829 3281 ;
1861 3234 1906 3273 et
1934 3230 2071 3274 eidem
2101 3245 2180 3287 pro
2211 3231 2303 3273 xiiii
2333 3234 2500 3283 martis,

568 3309 696 3352 dictis
734 3311 904 3352 eastum
944 3309 1109 3361 martis,
1150 3310 1203 3353 de
1243 3310 1357 3353 dicto
1393 3310 1582 3354 dominio
1618 3310 1671 3353 de
1707 3309 1909 3361 Brechi'n,
1941 3309 2134 3366 precium
2169 3311 2278 3366 pecii
2314 3311 2501 3367 quinque
