3016 3958
170 2506 482 2554 XXXVIII.

1083 620 1375 675 CARTAE
1420 619 1920 677 ORIGINALES.
2403 624 2473 678 69

522 808 638 856 dicti
664 809 794 857 chori
833 838 842 847 ·
881 836 891 846 ·
934 838 942 848 ·
979 811 1169 859 domino
1210 815 1374 860 nostro
1418 811 1543 874 Regi
1585 815 1634 859 et
1677 811 1775 860 suis
1815 810 2167 859 successoribus
2203 827 2287 874 pro
2311 828 2468 860 annuo

520 898 709 947 redditu
735 900 850 949 dicti
886 902 1147 950 tenementi
1172 905 1221 950 et
1257 918 1366 950 acre
1403 901 1650 950 annuatim
1687 901 1851 949 decem
1876 900 2055 950 solidos
2078 899 2254 949 vsualis
2277 907 2466 950 monete

520 987 682 1037 Scotie
706 993 848 1053 prout
873 994 1149 1039 consuetum
1174 991 1265 1039 fuit
1296 990 1591 1054 temporibus
1615 989 1791 1053 elapsis
1814 1006 1900 1053 per
1923 989 2116 1053 equales
2141 990 2383 1053 portiones
2406 992 2465 1038 ad

519 1077 637 1126 duos
678 1079 790 1126 anni
831 1080 1063 1129 terminos
1102 1084 1356 1129 consuetos
1383 1108 1392 1119 ·
1422 1080 1503 1128 viz.
1542 1080 1855 1128 Pentecostes
1890 1083 1940 1127 et
1978 1078 2132 1127 sancti
2177 1078 2375 1127 Martini
2419 1080 2465 1127 in

516 1182 653 1228 yeme
677 1171 864 1216 tantum
901 1185 988 1232 pro
1011 1169 1140 1217 omni
1174 1169 1270 1218 alio
1306 1169 1508 1218 seruicio
1549 1168 1752 1217 seculari
1791 1196 1801 1206 ·
1841 1196 1851 1205 ·
1892 1195 1902 1206 ·
1941 1167 2008 1216 Et
2051 1183 2138 1230 ego
2162 1183 2274 1215 vero
2310 1168 2467 1217 dictus

519 1255 763 1305 Robertus
787 1260 835 1304 et
859 1257 1059 1306 heredes
1094 1258 1187 1306 mei
1227 1286 1238 1296 ·
1278 1287 1288 1297 ·
1327 1287 1337 1297 ·
1374 1258 1603 1322 predictis
1626 1257 1886 1322 capeHanis
1924 1285 1933 1296 ·
1972 1283 1985 1296 ·
2023 1285 2033 1295 ·
2069 1257 2466 1306 varantizabimus

552 1372 562 1382 ·
602 1373 612 1382 ·
651 1373 661 1382 ·
699 1345 759 1392 In
784 1345 917 1394 cuius
943 1346 1034 1393 Rei
1060 1347 1388 1395 testimonium
1425 1346 1628 1410 sigillum
1654 1363 1810 1395 meum
1853 1346 2064 1411 presenti
2092 1346 2237 1395 Carte
2262 1363 2365 1395 mee
2391 1352 2464 1396 est

514 1453 772 1500 appensum
815 1439 939 1502 apud
983 1439 1206 1502 Brechyn
1248 1440 1432 1488 decimo
1474 1440 1551 1488 die
1593 1440 1769 1489 mensis
1811 1439 2094 1488 Decembris
2135 1456 2260 1488 anno
2286 1441 2463 1507 domini

514 1525 763 1576 millesimo
789 1529 1251 1592 quadringentesimo
1276 1529 1637 1594 quadragesimo
1661 1529 1864 1593 septimo
1892 1557 1901 1567 ·
1929 1529 2153 1578 Testibus
2179 1530 2463 1578 Reuerendo

513 1617 561 1663 in
587 1617 778 1666 Christo
801 1622 938 1682 patre
956 1634 1014 1666 ac
1033 1618 1224 1666 domino
1247 1620 1281 1666 J
1285 1619 1470 1667 ohanne
1498 1619 1737 1684 Episcopo
1758 1618 2069 1667 Brechinensi
2092 1619 2337 1682 Magistris
2364 1620 2464 1667 Ro-

511 1707 649 1756 berto
674 1709 732 1756 de
758 1708 1004 1756 Crannoch
1031 1708 1239 1757 Cantore
1276 1709 1601 1764 Brechinensi‚
1625 1710 1658 1756 J
1664 1709 1838 1757 ohanni
1866 1708 2099 1756 Willelmi
2124 1709 2314 1756 officiali
2341 1710 2463 1758 eius-

511 1797 631 1852 dem,
658 1797 821 1845 Dauid
847 1797 1107 1861 Dempstar
1131 1798 1190 1846 de
1216 1798 1513 1854 Ouchterles,
1538 1798 1760 1846 Johanne
1787 1798 1948 1846 Bouer
1972 1799 2030 1845 de
2056 1798 2308 1852 Frertoun,
2337 1799 2460 1847 Tho-

510 1902 590 1933 ma
614 1886 863 1934 Crannach
887 1886 1107 1949 burgensi
1134 1886 1490 1944 Sanctiandree,
1529 1888 1735 1951 Symone
1761 1886 1934 1935 clerico
1959 1887 2017 1935 de
2044 1887 2277 1950 Brechyn,
2303 1892 2352 1935 et
2378 1889 2459 1935 do-

510 1976 636 2023 mino
665 1975 944 2024 Alexandro
970 1976 1149 2024 Thome
1175 1977 1351 2024 vicario
1390 1978 1447 2025 de
1476 1977 1812 2025 Strathcathro
1837 1981 1887 2025 et
1924 1977 2111 2025 notario
2138 1977 2326 2041 publico
2351 1993 2456 2025 cum

509 2064 709 2114 diuersis
733 2064 840 2113 aliis
865 2093 874 2102 ·

507 2266 767 2315 Decretum
794 2265 983 2315 Decani
1010 2271 1059 2315 et
1091 2267 1301 2331 Capituli
1339 2267 1556 2317 Ecclesie
1595 2268 1931 2317 Brechinensis
1955 2270 2014 2316 de
2041 2269 2208 2332 Magro·
2237 2269 2454 2318 Gilberto

507 2355 734 2404 Forestar
756 2356 1089 2404 archidiacono
1109 2356 1320 2418 ejusdem
1361 2385 1370 2394 ·

516 2479 805 2562 Uniuersis
839 2516 888 2561 et
924 2512 1119 2576 singulis
1153 2513 1215 2560 ad
1252 2529 1446 2576 quorum
1483 2514 1705 2561 notitiam
1738 2518 1985 2577 presentes
2022 2513 2185 2560 Litere
2224 2530 2451 2576 peruene-

508 2603 616 2658 rint‚
654 2602 945 2650 Cuthbertus
980 2601 1218 2656 Decanus,
1246 2601 1474 2649 Canonici
1512 2606 1560 2650 et
1600 2602 1860 2666 capitulum
1885 2602 2084 2651 ecclesie
2115 2604 2448 2652 Brechinensis

505 2693 734 2740 sinceram
772 2691 820 2738 in
855 2689 1062 2738 Domino
1087 2689 1335 2738 caritatem
1376 2717 1385 2727 ·
1424 2690 1548 2745 Quia
1583 2691 1630 2738 in
1666 2691 1758 2740 hiis
1792 2708 1882 2755 que
1918 2696 2127 2740 nostram
2153 2707 2446 2741 communem

505 2797 561 2829 ac
602 2779 888 2843 singularem
932 2783 1221 2826 concernunt
1263 2778 1657 2842 tranquillitatem
1700 2784 1749 2828 et
1790 2795 1954 2844 pacem
1997 2786 2184 2829 matura
2224 2783 2447 2846 precipue

505 2869 844 2918 deliberatione
885 2867 1134 2932 prehabita
1181 2867 1467 2930 singulorum
1515 2885 1607 2916 non
1654 2873 1815 2917 tamen
1862 2869 2078 2919 omnibus
2123 2871 2446 2920 testimonium

503 2959 750 3024 perhibere
787 2957 979 3006 veritati
1017 2960 1067 3005 vt
1106 2973 1167 3004 ex
1206 2956 1275 3004 eis
1312 2956 1488 3005 nostris
1526 2957 1722 3005 statutis
1759 2957 2012 3007 rebellibus
2049 2975 2242 3008 necesse
2266 2965 2339 3009 est
2362 2978 2448 3025 per

497 3050 770 3111 juramenta
807 3046 1063 3095 secundum
1100 3061 1238 3109 posse
1276 3048 1488 3093 nostrum
1528 3046 1761 3101 resistere,
1801 3046 1929 3094 Hinc
1965 3051 2038 3095 est
2073 3049 2197 3110 quod
2236 3050 2372 3098 nobis
2397 3050 2444 3097 in

503 3136 713 3200 capitulo
737 3135 961 3183 vicesimo
984 3150 1109 3182 nono
1146 3134 1221 3181 die
1258 3133 1480 3182 Octobris
1509 3150 1633 3182 anno
1658 3134 1880 3184 vicesimo
1903 3151 2028 3183 nono
2053 3137 2442 3187 conuenientibus

504 3228 564 3274 ad
598 3224 850 3274 terminum
885 3223 1016 3271 illum
1040 3222 1251 3286 legitime
1286 3226 1447 3270 tamen
1473 3223 1603 3286 prius
1635 3224 1798 3273 citatis
1835 3240 1921 3288 per
1945 3225 2192 3274 Decanum
2213 3227 2260 3274 in
2287 3227 2441 3276 stallis

504 3315 679 3364 nostris
716 3318 768 3363 ut
806 3313 951 3363 moris
987 3317 1061 3362 est
1098 3329 1159 3361 ex
1198 3313 1512 3376 quadraginta
1548 3314 1608 3361 ab
1647 3318 1759 3363 ante
1785 3314 1950 3363 diebus
1974 3330 2131 3363 coram
2158 3316 2442 3365 Reuerendo
