3016 3958
257 1510 520 1553 CCLXXV.

541 613 651 668 312
1021 613 1338 669 CARTAE
1378 610 2004 667 MISCELLANEAE.

543 792 671 848 lyand
694 792 846 835 within
868 793 942 835 the
974 792 1247 835 sheriffdome
1269 791 1318 833 of
1346 791 1526 833 Forfare
1562 823 1571 833 .
1604 821 1614 832 .
1648 822 1658 832 .
1690 794 1734 832 to
1755 790 1808 832 be
1844 789 2018 831 haldine
2050 819 2060 830 .
2095 819 2105 830 .
2140 819 2150 830 .
2181 788 2226 830 in
2260 803 2414 845 puram
2437 793 2481 831 et

544 877 796 929 perpetuam
833 873 1111 915 elemosinam
1146 905 1155 914 .
1186 904 1196 915 .
1230 905 1239 914 .
1273 871 1410 914 Given
1445 874 1513 914 att
1533 884 1613 913 our
1645 870 1812 926 pallace
1834 869 1882 912 of
1908 869 2232 926 Holyrudhows
2253 869 2341 912 this
2363 870 2416 914 29
2442 870 2489 911 of

546 953 732 996 October
755 954 880 994 1631.

1310 1192 1733 1235 WALTERSTON
1767 1222 1776 1234 .

547 1353 792 1397 Annexatio
817 1353 868 1395 de
891 1352 1198 1395 Watterstoun
1220 1353 1274 1394 ad
1295 1353 1541 1408 parochiam
1564 1353 1615 1394 de
1637 1353 1777 1395 Ferne
1811 1385 1819 1395 .

545 1503 747 1557 Jacobus
768 1514 851 1556 Dei
872 1515 1016 1571 gratia
1037 1514 1199 1570 Magne
1221 1514 1435 1557 Brittanic
1458 1515 1639 1557 Francie
1661 1518 1706 1557 et
1726 1514 1949 1571 Hybernie
1966 1515 2057 1557 Rex
2082 1515 2263 1572 fideique
2286 1515 2490 1558 defensor

547 1594 746 1637 omnibus
779 1625 788 1636 .
820 1627 830 1636 .
865 1625 875 1635 .
911 1593 1102 1636 Salutem
1137 1593 1293 1636 Sciatis
1323 1594 1424 1649 quia
1444 1609 1525 1637 nos
1556 1608 1653 1636 cum
1684 1627 1693 1637 .
1730 1627 1739 1636 .
1771 1627 1779 1637 .
1813 1609 2026 1637 consensu
2057 1626 2068 1639 .
2102 1626 2112 1636 .
2145 1628 2154 1637 .
2186 1596 2386 1652 magistri
2409 1596 2482 1637 Jor

546 1674 703 1716 hannis
727 1673 941 1715 Prestoun
963 1673 1015 1715 de
1053 1673 1311 1729 Pennycuke
1332 1673 1472 1716 nostri
1508 1674 1751 1716 collectoris
1772 1674 1988 1729 generalis
2018 1675 2142 1730 regni
2174 1675 2312 1717 nostri
2342 1675 2485 1717 Scotie

545 1768 711 1796 necnon
742 1767 839 1795 cum
877 1785 886 1796 .
921 1785 930 1795 .
962 1785 970 1796 .
1010 1767 1223 1795 consensu
1254 1757 1493 1795 ceterorum
1524 1754 1796 1796 dominorum
1827 1755 1966 1797 nostri
1998 1754 2153 1797 secreti
2183 1755 2352 1796 consilii
2386 1787 2395 1796 .
2429 1786 2439 1796 .
2477 1786 2485 1795 .

543 1832 840 1888 intelligentes
856 1832 968 1888 quod
986 1832 1234 1875 hereditarii
1250 1836 1449 1875 tenentes
1466 1837 1744 1888 occupatores
1770 1865 1781 1877 .
1814 1866 1823 1875 .
1858 1866 1867 1876 .
1894 1837 1939 1876 et
1954 1833 2092 1876 incole
2124 1866 2134 1876 .
2167 1865 2177 1876 .
2210 1866 2220 1876 .
2251 1838 2487 1876 terrarum-

543 1914 596 1955 de
616 1912 927 1954 Watterstoun
960 1941 971 1954 .
1002 1943 1013 1955 .
1046 1945 1056 1954 .
1083 1912 1321 1966 jacentium
1350 1911 1397 1953 in
1417 1913 1624 1968 parochia
1644 1913 1696 1954 de
1719 1913 1906 1955 Brechin
1926 1917 1971 1955 et
1990 1913 2106 1955 infra
2134 1914 2482 1955 vicecomitatum

542 1997 738 2036 nostrum
761 1992 813 2033 de
842 1990 1025 2034 Forfare
1055 2024 1065 2034 .
1100 2023 1110 2034 .
1142 2024 1151 2034 .
1178 1992 1330 2047 jacent
1347 1991 1477 2048 longe
1498 1992 1712 2034 distantes
1734 2007 1812 2048 per
1842 1993 2030 2049 spatium
2053 1997 2239 2048 quatuor
2268 1993 2486 2035 miliarum

543 2076 587 2115 et
606 2072 747 2129 magis
768 2086 796 2114 a
816 2072 932 2114 dicta
959 2071 1144 2114 ecclesia
1172 2071 1410 2128 parochiali
1441 2072 1724 2114 Brechinensi
1758 2072 2072 2128 (cuiusquidem
2096 2072 2283 2115 'ecclesie
2313 2074 2492 2115 fuerunt

547 2184 556 2194 .
589 2185 599 2194 .
634 2183 643 2193 .
675 2151 926 2208 parochiani
947 2150 1064 2194 ultra
1083 2150 1306 2193 hominum
1326 2151 1595 2206 memoriam)
1620 2151 1734 2207 quod
1755 2166 1805 2193 eo
1840 2157 2042 2208 respectu
2063 2153 2264 2195 omnibus
2285 2153 2490 2209 tempori-

543 2233 625 2274 bus
645 2231 866 2287 requisitis
887 2231 1087 2287 precipue
1107 2234 1301 2287 tempore
1321 2230 1497 2272 hiemali
1518 2231 1701 2287 aliisque
1717 2232 1983 2287 temporibus
1997 2232 2303 2288 tempestuosis
2320 2233 2484 2288 absque

543 2311 735 2367 ipsorum
756 2325 914 2367 magno
936 2310 1194 2353 detrimento
1216 2311 1330 2366 apud
1361 2311 1521 2353 dictam
1543 2311 1769 2353 ecclesiam
1803 2344 1812 2352 .
1845 2343 1854 2353 .
1889 2342 1900 2353 .
1931 2312 2240 2353 conuenienter
2271 2342 2283 2353 .
2315 2344 2324 2354 .
2363 2342 2373 2353 .
2402 2313 2489 2353 fre-

544 2393 753 2446 quentare
769 2390 944 2432 minime
977 2420 988 2432 .
1019 2420 1030 2432 .
1061 2421 1071 2432 .
1103 2395 1301 2447 possunt,
1318 2405 1401 2446 que
1418 2395 1487 2433 est
1502 2405 1634 2433 causa
1665 2424 1674 2433 .
1708 2424 1718 2433 .
1750 2421 1762 2433 .
1794 2391 1909 2446 quod
1924 2392 2113 2434 maxima
2128 2405 2231 2447 pars
2250 2391 2489 2433 incolarum

547 2467 757 2512 dictarum
790 2473 1004 2512 terrarum
1040 2502 1048 2510 .
1080 2501 1091 2511 .
1124 2502 1132 2511 .
1166 2470 1322 2512 solatio
1370 2501 1381 2511 .
1424 2503 1433 2512 .
1480 2503 1489 2512 .
1521 2470 1820 2514 ministrorum
1852 2472 1973 2513 verbi
2005 2471 2140 2513 divini
2176 2472 2291 2528 apud
2325 2472 2484 2514 dictam

547 2548 771 2592 ecclesiam
804 2581 814 2591 .
850 2580 860 2590 .
894 2580 903 2590 .
935 2549 1246 2605 predicantium
1281 2580 1291 2590 .
1323 2582 1332 2591 .
1368 2579 1379 2590 .
1417 2554 1462 2592 et
1493 2551 1825 2606 participatione
1858 2554 2227 2593 sacramentorum
2257 2551 2303 2592 in
2339 2551 2487 2593 eadem

549 2662 558 2671 .
592 2662 600 2671 .
634 2662 643 2671 .
676 2629 873 2672 destituti
911 2630 1119 2679 fuerunt;
1151 2643 1316 2671 necnon
1346 2630 1642 2686 intelligentes
1674 2631 1788 2686 quod
1818 2631 1854 2673 si
1875 2631 2038 2673 decime
2069 2631 2272 2688 ‘garbales
2305 2631 2489 2673 acetiam

549 2711 707 2752 vicarie
728 2714 773 2752 et
791 2710 957 2752 minute
978 2709 1140 2751 decime
1173 2740 1184 2751 .
1220 2742 1228 2750 .
1263 2741 1272 2751 .
1302 2709 1595 2765 predictarum
1624 2713 1841 2752 terrarum
1862 2710 1915 2752 de
1946 2710 2256 2753 Watterstoun
2290 2747 2298 2753 .
2331 2742 2341 2753 .
2375 2743 2384 2752 .
2420 2725 2494 2753 an-

550 2793 706 2831 nexate
743 2793 890 2832 essent
924 2789 980 2831 ad
1007 2789 1314 2845 patrimonium
1351 2789 1530 2831 ecclesie
1555 2789 1816 2845 parochialis
1846 2790 1899 2831 de
1931 2789 2071 2831 Ferne
2106 2794 2150 2831 et
2176 2789 2231 2831 ad
2262 2789 2491 2832 rectoriam

554 2872 842 2924 nuncupatam
876 2869 1181 2925 personagium
1219 2875 1264 2911 et
1298 2869 1503 2911 vicariam
1536 2869 1727 2911 eiusdem
1760 2869 1887 2911 modo
1918 2901 1928 2911 .
1961 2900 1970 2911 .
2003 2900 2013 2910 .
2046 2869 2335 2924 subsequente
2373 2870 2491 2924 (que-

554 2949 723 3004 quidem
747 2948 925 2990 ecclesia
959 2980 967 2991 ,
1000 2981 1009 2991 .
1046 2980 1056 2990 .
1087 2949 1139 2990 de
1173 2949 1314 2990 Ferne
1337 2948 1613 2990 solummodo
1635 2948 1771 2990 distat
1801 2962 1880 3003 per
1915 2949 2103 3004 spatium
2125 2947 2252 2989 unius
2274 2948 2390 2989 milie
2412 2954 2490 2989 aut

557 3028 723 3071 eocirca
742 3042 769 3069 a
788 3028 915 3070 dictis
935 3029 1064 3070 terris
1080 3029 1132 3070 de
1153 3027 1484 3081 Watterstoun)
1507 3027 1655 3069 eadem
1674 3026 1856 3069 ecclesia
1889 3058 1897 3067 .
1929 3058 1939 3068 .
1972 3059 1982 3068 .
2013 3027 2066 3068 de
2088 3026 2228 3067 Ferne
2250 3041 2300 3068 eo
2321 3027 2365 3068 in
2388 3041 2491 3068 casu

558 3109 626 3148 est
656 3138 665 3148 .
701 3139 709 3148 .
742 3137 752 3148 .
783 3107 967 3148 maxime
1001 3107 1223 3149 commoda
1254 3106 1408 3148 incolis
1439 3137 1449 3149 .
1481 3137 1491 3148 .
1523 3135 1535 3148 .
1565 3106 1778 3148 dictarum
1811 3109 2026 3148 terrarum
2063 3105 2115 3146 de
2157 3105 2488 3153 watterstoum

606 3218 614 3226 .
649 3215 659 3226 .
689 3199 738 3227 ac
771 3185 901 3227 etiam
933 3186 1254 3228 considerantes
1290 3186 1405 3247 quod
1436 3184 1660 3240 antiquum
1692 3184 2001 3240 patrimonium
2033 3184 2195 3226 decime
2225 3188 2270 3227 et
2298 3185 2492 3227 redditus

558 3264 672 3306 dicte
708 3263 886 3305 ecclesie
917 3295 926 3305 .
963 3296 971 3305 .
1004 3294 1014 3305 .
1045 3265 1097 3306 de
1128 3265 1268 3307 Ferne
1290 3264 1538 3306 ministrum
1559 3267 1603 3305 et
1627 3278 1857 3319 personam
1878 3263 2184 3306 inseruientem
2217 3296 2227 3305 .
2261 3295 2271 3305 .
2303 3296 2313 3306 .
2345 3278 2492 3306 curam

559 3343 787 3385 ministerii
823 3343 867 3384 in
902 3343 1017 3385 dicta
1052 3343 1232 3386 ecclesia
1263 3375 1274 3387 .
1310 3376 1321 3387 .
1353 3374 1364 3385 .
1397 3343 1659 3386 sufficienter
1695 3343 1908 3386 sustinere
1941 3343 2115 3385 minime
2151 3343 2300 3386 valent
2333 3345 2495 3399 absque
