3016 3958
298 1568 485 1618 LXVI.

1071 673 1362 729 CARTAE
1405 673 1906 730 ORIGINALES.
2362 677 2469 735 117

516 857 740 909 Johanne
783 862 995 913 Katness
1039 865 1252 912 Roberto
1297 864 1440 913 Peter
1480 870 1531 914 et
1574 865 1850 913 Alexandro
1892 865 2111 913 Tailzour
2148 865 2315 928 layieis
2357 882 2460 913 cum

517 948 717 999 diuersis
756 979 767 989 ·
806 980 816 990 -
857 981 866 990 ·

585 1039 651 1087 Et
689 1056 775 1104 ego
813 1043 1031 1092 Andreas
1070 1042 1194 1091 Blak
1232 1043 1467 1106 presbiter
1491 1043 1826 1093 Brechinensis
1864 1071 1874 1081 ·
1914 1072 1923 1081 ·
1964 1072 1972 1081 ·
2012 1044 2256 1107 Imperiali
2282 1046 2458 1092 autori-

514 1132 616 1176 tate
640 1131 854 1181 notarius
891 1161 901 1171 ·
940 1160 950 1170 ·
990 1161 1000 1170 ·

513 1329 663 1379 'Carta
705 1332 924 1397 Magistri
964 1333 997 1381 J
1002 1333 1201 1382 ohannis
1242 1332 1484 1397 Spaldyng
1521 1334 1706 1383 Decani
1750 1334 2086 1383 Brechinensis
2120 1352 2261 1398 super
2297 1351 2453 1384 annuo

512 1419 701 1468 redditu
726 1421 922 1470 duarum
948 1437 1207 1470 marcarum
1251 1451 1259 1460 -

523 1542 793 1625 Omnibus
816 1577 938 1625 hanc
965 1581 1146 1626 cartam
1173 1577 1340 1626 visuris
1382 1606 1388 1613 ·
1426 1606 1437 1616 ·
1476 1606 1487 1616 -
1527 1579 1759 1642 Magister
1792 1579 2041 1627 Johannes
2078 1579 2320 1643 Spaldyng
2357 1581 2453 1627 De-

507 1680 655 1714 canus
690 1666 1025 1715 Brechinensis
1059 1682 1117 1715 ac
1154 1667 1494 1731 prebendarius
1532 1670 1591 1716 de
1630 1668 1793 1716 Melek
1831 1697 1841 1706 ·
1882 1697 1891 1706 ·
1932 1697 1942 1707 ·
1979 1669 2192 1718 Salutem
2232 1698 2241 1707 ·
2280 1670 2453 1718 Sciatis

508 1771 583 1803 me
605 1756 667 1802 ad
682 1755 878 1806 ,laudem
903 1761 953 1804 et
975 1755 1173 1820 gloriam
1196 1756 1541 1820 omnipotentis.
1561 1757 1655 1804 Dei
1690 1762 1740 1806 et
1777 1758 2051 1807 beatissime
2078 1759 2235 1806 Marie
2260 1759 2453 1821 virginis

505 1860 563 1892 ac
601 1845 740 1894 beate
766 1845 1002 1894 Katarine
1036 1845 1228 1908 virginis
1261 1861 1446 1894 necnon
1483 1850 1533 1894 et
1572 1846 1778 1894 omnium
1804 1846 1998 1895 celestis
2021 1847 2150 1894 curie
2175 1852 2448 1895 sanctorum

504 1934 651 1982 libere
692 1935 878 1985 dedisse
916 1963 926 1973 ·
965 1963 975 1973 ·
1015 1963 1024 1973 -
1066 1935 1177 1984 Deo
1215 1963 1225 1973 ·
1265 1963 1275 1973 ·
1314 1963 1325 1973 -
1361 1940 1410 1984 et
1446 1936 1662 1984 omnibus
1696 1936 1877 1984 sanctis
1911 1936 2196 2000 supradictis
2221 1940 2270 1984 et
2294 1936 2451 1999 capel-

502 2024 625 2073 lanis
661 2025 710 2072 in
748 2025 891 2074 choro
927 2024 1190 2074 cathedrali
1215 2025 1525 2074 Brechinensi
1564 2054 1573 2062 ·
1613 2054 1622 2062 -
1663 2053 1672 2062 ·
1709 2029 1758 2073 et
1782 2025 1880 2074 suis
1903 2025 2256 2074 successoribus
2279 2025 2450 2088 imper-

502 2118 695 2177 petuum
722 2130 808 2178 pro
831 2113 986 2163 salute
1009 2114 1165 2162 anime
1188 2130 1292 2163 mee
1316 2119 1366 2163 et
1390 2114 1653 2162 animarum
1677 2114 1828 2178 patris
1854 2114 1947 2162 mei
1983 2118 2032 2162 et
2070 2114 2237 2162 matris
2261 2131 2363 2162 mee
2399 2118 2448 2161 et

501 2193 709 2252 omnium
747 2203 932 2252 illorum
973 2204 1141 2268 quibus
1176 2203 1351 2267 deliqui
1389 2207 1438 2251 et
1474 2205 1721 2252 emendam
1756 2219 1850 2251 non
1886 2205 1978 2252 feci
2016 2232 2026 2241 ·
2066 2232 2076 2240 ·
2116 2231 2126 2241 ·
2162 2207 2211 2251 et
2238 2203 2447 2250 omnium

500 2293 708 2341 fidelium
756 2294 1082 2342 defunctorum
1131 2293 1180 2340 in
1224 2309 1391 2357 puram
1431 2321 1440 2331 ·
1480 2322 1491 2331 ·
1530 2321 1540 2330 -
1577 2292 1878 2341 elemosinam
1928 2292 2048 2341 Illas
2097 2294 2213 2340 duas
2262 2308 2445 2340 marcas

498 2383 643 2430 annui
668 2383 883 2431 redditus
906 2381 1136 2430 annuales
1159 2385 1348 2430 monete
1384 2381 1547 2429 Scotie
1571 2380 1815 2429 annuatim
1841 2381 1984 2429 michi
2010 2381 2195 2429 debitas
2234 2409 2243 2417 ·
2285 2409 2295 2417 ·
2335 2409 2344 2418 ·
2381 2383 2440 2428 de

498 2475 774 2519 tenemento
810 2471 1045 2535 quondam
1085 2471 1264 2518 Thome
1303 2470 1566 2519 Thalzeour
1593 2470 1786 2532 jacente
1812 2460 1874 2517 vin
1913 2471 2059 2532 burgo
2099 2471 2157 2516 de
2198 2470 2369 2516 Dunde
2394 2470 2441 2515 in

498 2560 602 2607 vico
627 2559 833 2622 Argadie
857 2575 918 2606 ex
943 2562 1079 2622 parte
1102 2558 1299 2606 australi
1335 2559 1544 2607 eiusdem
1583 2558 1676 2605 uici
1717 2559 1842 2606 inter
1871 2562 2047 2606 terram
2084 2559 2319 2621 quondam
2354 2558 2441 2604 Ja-

495 2648 604 2696 cobi
631 2647 861 2696 Newman
898 2648 959 2695 ad
998 2647 1292 2694 occidentem
1327 2662 1392 2694 ex
1428 2650 1565 2710 parte
1603 2662 1696 2694 una
1733 2650 1782 2694 et
1823 2650 2000 2694 terram
2035 2647 2271 2694 Johannis
2298 2646 2438 2708 Elyss

496 2739 556 2785 ad
582 2737 811 2786 orientem
847 2752 910 2784 ex
944 2739 1080 2799 parte
1115 2734 1268 2783 altera
1294 2734 1490 2782 Necnon
1513 2750 1652 2782 unam
1678 2749 1886 2782 marcam
1910 2733 2036 2782 illius
2058 2735 2280 2783 australis
2304 2735 2438 2781 dimi·
2486 2730 2490 2734 ’
2515 2740 2519 2743 ’

496 2826 692 2874 dietatis
714 2824 975 2873 tenementi
998 2824 1234 2888 quondam
1261 2822 1512 2870 Laurencii
1537 2822 1729 2884 Smytht
1758 2838 1865 2870 cum
1900 2823 2200 2886 pertinentiis
2228 2823 2434 2884 jacentis

496 2917 543 2963 in
569 2915 766 2963 ciuitate
791 2912 1099 2961 Brechinensi
1139 2912 1187 2958 in
1225 2911 1270 2958 le
1314 2911 1562 2974 Kyrkgate
1598 2927 1659 2958 ex
1694 2915 1830 2974 parte
1854 2911 2051 2959 australi
2075 2912 2284 2961 eiusdem
2310 2913 2435 2959 inter

494 3009 670 3052 terram
694 3002 868 3051 Jacobi
895 3001 1154 3064 Wyschart
1188 3001 1248 3047 de
1285 3000 1506 3048 Pettarro
1542 2998 1798 3062 vulgariter
1820 3005 2036 3049 vocatam
2062 3001 2295 3049 constabil
2319 3001 2428 3049 land

491 3110 554 3140 ex
597 3097 734 3157 parte
775 3089 991 3140 orientali
1035 3106 1094 3137 ex
1137 3092 1272 3153 parte
1315 3104 1408 3135 una
1449 3092 1498 3135 et
1538 3091 1713 3135 terram
1757 3088 1873 3136 dicti
1908 3091 2142 3152 quondam
2182 3090 2431 3138 Laurencii

491 3198 633 3244 quam
656 3180 822 3228 habuit
850 3179 1090 3227 Robertus
1116 3176 1346 3225 Willelmi
1374 3175 1396 3239 [
1643 3177 1957 3243 occi]dentali
1983 3194 2044 3226 ex
2068 3183 2204 3241 parte
2230 3178 2381 3226 altera
2419 3209 2428 3215 -

492 3270 745 3318 Tenendos
794 3296 804 3306 ·
845 3296 854 3306 ·
894 3296 903 3306 -
953 3267 1107 3315 dictos
1151 3282 1332 3315 annuos
1379 3266 1593 3314 redditus
1631 3294 1639 3302 -
1680 3293 1690 3302 -
1728 3294 1739 3303 -
1776 3266 1823 3314 in
1865 3283 2030 3329 puram
2069 3295 2079 3304 ·
2116 3295 2129 3305 -
2169 3296 2178 3305 ·
2216 3267 2430 3315 elemosi-

493 3374 602 3406 nam
637 3387 651 3396 -
691 3357 953 3405 Reddendo
976 3356 1086 3404 inde
1108 3355 1351 3404 annuatim
1378 3355 1493 3403 dicti
1515 3353 1750 3416 capellani
1775 3359 1823 3403 et
1847 3370 2146 3404 successores
2168 3356 2242 3403 sui
2268 3372 2427 3418 quam-
