3016 3958
529 659 606 714 50
1100 659 1393 714 OARTAE
1438 657 1939 739 ORIGINALEXS.

529 853 714 912 quarta,
741 849 1054 897 Pontificatus
1092 877 1102 887 ·
1143 877 1151 886 ·
1191 877 1201 886 ·
1239 848 1647 911 dominiEugenii
1686 877 1696 886 -
1736 875 1747 885 ·
1789 876 1800 885 ·
1839 848 1968 911 Pape
1994 847 2152 911 quarti
2186 863 2311 894 anno
2347 847 2480 910 quin-

531 942 584 985 to
623 965 632 975 ·
671 936 730 984 In
765 937 858 985 mei
893 938 1068 985 notarii
1103 936 1281 1001 publici
1320 966 1329 974 ·
1370 965 1379 974 ·
1423 966 1432 975 ·
1466 937 1707 1000 presentia
1740 935 1954 1000 perlecta
1975 937 2066 984 fuit
2102 937 2305 1000 quedam
2339 935 2480 983 litera

534 1027 758 1075 citatoria
797 1044 827 1075 a
869 1027 1127 1075 reuerendo
1169 1030 1306 1090 patre
1345 1047 1365 1064 ··
1394 1055 1404 1064 ·
1444 1054 1453 1064 ·
1489 1026 1523 1073 J
1528 1026 1713 1074 ohanne
1752 1054 1762 1063 ·
1802 1054 1812 1063 ·
1853 1054 1862 1063 ·
1900 1026 2127 1090 episcopo
2168 1024 2479 1073 Brechinensi

534 1132 624 1165 suo
661 1115 815 1179 sigillo
853 1116 1057 1164 rotundo
1095 1116 1143 1162 in
1181 1130 1291 1162 cera
1329 1116 1475 1162 rubea
1512 1114 1720 1177 sigillata
1757 1119 1924 1163 contra
1959 1118 2008 1163 et
2044 1115 2271 1162 aduersus
2311 1113 2481 1176 magis-

536 1209 663 1252 trum
690 1204 851 1252 Dauid
876 1203 1047 1267 Ogilvy
1077 1204 1355 1252 canonicum
1394 1203 1763 1252 Brechinensem
1789 1208 1838 1251 et
1870 1203 2234 1267 prebendarium
2262 1203 2321 1250 de
2347 1203 2493 1250 Leth-

542 1298 626 1341 not
651 1298 874 1342 emanata
911 1322 921 1331 ·
960 1294 1064 1348 Que
1102 1293 1171 1342 sic
1209 1292 1391 1356 incipit,
1428 1293 1677 1341 Johannes
1715 1321 1724 1330 ·
1765 1321 1774 1330 ·
1813 1321 1823 1330 ·
1863 1292 2130 1356 Episcopus
2156 1291 2492 1340 Brechinensis

542 1381 789 1445 capellano
829 1381 1114 1446 parrochiali
1155 1380 1364 1430 eiusdem
1404 1386 1454 1430 et
1490 1382 1667 1429 vicario
1693 1381 1893 1430 ecclesie
1931 1383 1990 1429 de
2027 1381 2238 1430 Lethnot
2274 1396 2358 1428 seu
2393 1381 2492 1427 cui-

537 1492 739 1539 cumque
776 1475 916 1524 alteri
957 1476 1081 1523 infra
1116 1480 1328 1524 nostram
1370 1476 1610 1524 dioecesim
1636 1476 1800 1524 diuina
1823 1475 2085 1524 celebranti
2124 1503 2134 1513 ·
2175 1503 2185 1513 ·
2225 1503 2234 1512 -
2273 1474 2488 1523 Salutem

541 1591 550 1600 ·
592 1594 601 1603 -
641 1593 651 1602 ·
692 1564 817 1620 Quia
839 1564 959 1613 alias
983 1565 1209 1627 magister
1234 1565 1393 1612 Dauid
1420 1565 1478 1612 de
1505 1564 1674 1628 Ogilvy
1698 1568 1856 1613 rector
1890 1563 2090 1613 ecclesie
2113 1564 2357 1612 antedicte
2381 1578 2490 1611 nec-

538 1670 634 1700 non
659 1669 824 1701 omnes
847 1653 930 1700 alii
955 1657 1004 1700 et
1029 1652 1199 1716 singuli
1225 1653 1454 1702 interesse
1478 1653 1712 1702 habentes
1747 1654 1805 1701 de
1840 1657 2004 1702 nostro
2029 1654 2255 1702 mandato
2279 1652 2488 1715 legitime

537 1742 675 1790 citati
717 1743 778 1789 ad
820 1743 1187 1806 comparendum
1229 1757 1388 1790 coram
1424 1743 1560 1790 nobis
1599 1742 1744 1790 certis
1784 1742 1860 1790 die
1898 1747 1947 1790 et
1989 1741 2095 1790 loco
2133 1770 2144 1780 ·
2182 1770 2193 1780 -
2233 1770 2243 1780 ·
2280 1757 2364 1805 per
2402 1757 2488 1790 nos

448 1888 450 1890 v
538 1832 792 1895 assignatis
816 1832 877 1879 ad
902 1831 1179 1880 instantiam
1220 1859 1230 1869 ·
1269 1859 1278 1868 ·
1319 1859 1328 1868 ·
1358 1831 1686 1894 ,procuratoris
1720 1830 1770 1878 in
1803 1831 1895 1879 hac
1933 1835 2070 1894 parte
2101 1835 2266 1879 nostra
2289 1834 2338 1878 et
2362 1830 2509 1894 capim

538 1921 627 1968 tuli
667 1949 675 1958 -
716 1949 726 1958 ·
766 1949 776 1958 ·
813 1921 1085 1984 responsuri
1110 1936 1252 1983 super
1275 1924 1410 1967 certa
1443 1920 1668 1983 pensione
1704 1935 1862 1967 annua
1895 1919 2062 1983 viginti
2088 1923 2199 1968 octo
2223 1935 2487 1967 marcarum

545 2038 554 2047 ·
595 2039 605 2047 ·
646 2039 655 2048 ·
693 2011 751 2058 de
788 2010 1022 2058 fructibus
1059 2010 1187 2057 dicte
1229 2009 1428 2057 ecclesie
1470 2010 1528 2056 de
1566 2009 1777 2057 Lethnot
1816 2036 1826 2046 ·
1866 2037 1876 2046 ·
1915 2037 1925 2047 ·
1963 2008 2234 2073 quiquidem
2276 2037 2286 2046 ·
2327 2037 2337 2046 ·
2377 2036 2387 2046 ·
2423 2008 2489 2056 ci-

539 2100 632 2147 tati
655 2115 750 2147 non
773 2103 1138 2162 comparuerunt
1178 2127 1187 2136 ·
1219 2127 1229 2136 ·
1269 2127 1279 2136 ·
1316 2099 1452 2147 vobis
1490 2126 1500 2136 ·
1541 2126 1550 2135 ·
1593 2126 1602 2136 ·
1640 2098 1922 2146 mandamus
1947 2101 2183 2162 quatenus
2205 2097 2485 2160 magistrum

543 2188 704 2235 Dauid
728 2188 992 2251 predictum
1017 2191 1067 2235 et
1091 2187 1211 2236 alios
1250 2216 1260 2226 ·
1301 2216 1310 2226 ·
1351 2217 1360 2226 -
1397 2188 1546 2236 citare
1571 2187 1749 2236 curetis
1783 2187 2005 2243 secundo,
2030 2187 2155 2250 quod
2180 2190 2485 2250 compareant

595 2304 605 2313 ·
644 2304 655 2313 ·
691 2275 739 2322 in
764 2275 967 2324 ecclesia
1004 2280 1168 2324 nostra
1207 2276 1471 2324 cathedrali
1493 2277 1646 2340 primo
1684 2276 1761 2323 die
1799 2275 2047 2324 Februarii
2083 2275 2301 2339 proximo
2336 2275 2484 2322 futuri

544 2365 662 2411 hora
698 2380 946 2412 causarum
985 2393 995 2402 ·
1035 2393 1044 2402 ·
1084 2393 1094 2402 ·
1133 2365 1313 2413 Datum
1353 2367 1478 2428 apud
1521 2365 1728 2413 Brechin
1762 2365 1851 2413 sub
1887 2364 2041 2428 sigillo
2075 2369 2239 2414 nostro
2279 2365 2486 2412 rotundo

545 2460 630 2499 xm⁰
655 2453 732 2500 die
777 2453 810 2499 J
815 2453 999 2500 anuarii
1045 2469 1169 2501 anno
1217 2454 1393 2501 domini
1434 2453 1684 2502 millesimo
1719 2454 2182 2518 quadringentesimo
2226 2454 2488 2503 tricesimo-

545 2542 711 2605 quinto
761 2569 771 2579 ·
810 2567 821 2580 ι
861 2570 871 2579 -
923 2540 1222 2606 [Sequuntur
1258 2543 1595 2592 attestationes
1632 2542 1980 2592 executoriales
2034 2571 2044 2580 ·
2101 2543 2323 2591 Testibus
2362 2543 2488 2607 apud

544 2630 791 2679 ecclesiam
834 2631 893 2678 de
937 2631 1176 2687 Lethnot3
1231 2631 1476 2686 Parochia‚
1511 2635 1559 2679 et
1593 2631 1628 2678 ,J
1633 2632 1816 2680 ohanne
1851 2633 2057 2687 Andree,
2098 2631 2203 2680 Liel
2235 2632 2486 2687 Johannis,

547 2719 757 2766 Patricio
783 2718 1048 2774 Michaelis,
1075 2724 1124 2766 et
1151 2719 1397 2768 Willelmo
1423 2720 1567 2784 Nory,
1593 2736 1697 2768 cum
1735 2720 1898 2768 multis
1920 2721 2029 2770 aliis
2066 2750 2076 2759 ·
2113 2721 2338 2770 Testibus
2359 2723 2485 2785 apud

545 2807 792 2856 ecclesiam
819 2807 1141 2856 cathedralem
1167 2809 1533 2858 Brechinensem
1555 2826 1567 2865 ;
1601 2809 1635 2855 J
1640 2809 1823 2857 ohanne
1850 2810 2014 2873 Mudy,
2041 2809 2273 2858 Nicholao
2298 2810 2412 2873 Kyd
2436 2814 2486 2857 et

543 2897 577 2943 ‚J
582 2897 766 2944 ohanne
808 2895 1038 2959 Stephani
1079 2912 1186 2944 cum
1226 2896 1439 2960 pluribus
1472 2897 1580 2945 aliis
1620 2900 1656 2962 ·]
1697 2897 1803 2952 Qua
1835 2897 1978 2946 litera
2011 2897 2222 2960 perlecta
2253 2913 2358 2945 cum
2381 2914 2486 2961 pre-

546 2985 736 3047 scriptis
760 2984 1121 3033 executionibus
1155 2985 1368 3048 prefatus
1404 2986 1620 3034 dominus
1655 2985 1905 3049 episcopus
1937 2985 2053 3034 fecit
2087 2986 2364 3048 magistrum
2389 2986 2487 3034 dic-

545 3078 645 3121 tum
692 3073 851 3121 Dauid
892 3072 1015 3122 alias
1055 3073 1256 3121 citatum
1296 3074 1358 3121 ad
1400 3074 1767 3136 comparendum
1809 3074 1871 3120 ad
1912 3077 2094 3122 certum
2134 3074 2388 3122 terminum
2435 3076 2484 3122 in

548 3162 690 3210 dictis
711 3161 864 3209 literis
887 3161 1121 3210 citatoriis
1145 3177 1421 3225 expressum
1445 3177 1531 3225 per
1544 3177 1804 3224 2preconem
1842 3161 1891 3208 in
1928 3160 2078 3210 valuis
2113 3162 2242 3210 chori
2269 3162 2485 3212 Ecclesie
2562 3220 2565 3224 ¹

550 3249 884 3297 Brechinensis
923 3249 1111 3312 publice
1151 3249 1309 3298 vocari
1352 3265 1409 3297 ac
1449 3248 1568 3296 alios
1609 3250 1865 3297 secundum
1905 3253 2120 3297 tenorem
2167 3249 2306 3299 litere
2343 3280 2354 3290 ·
2392 3252 2484 3308 Qui

546 3355 657 3386 vero
697 3338 854 3386 dictus
892 3338 1115 3400 magister
1140 3338 1300 3386 Dauid
1339 3337 1408 3386 sic
1449 3337 1626 3386 citatus
1660 3342 1947 3401 vocatusque
1980 3354 2074 3386 non
2110 3341 2372 3402 comparuit
2395 3357 2483 3389 nec
