3016 3958
279 1869 431 1917 XCV.

453 612 562 667 158
1035 609 1329 666 OARTAE
1373 609 1873 671 ORIGINALES.

451 804 676 867 pensione
700 801 980 851 communiri
1006 801 1139 850 Data
1174 837 1184 848 .
1225 837 1235 847 .
1272 837 1282 847 .
1319 804 1456 849 erant
1493 799 1582 848 hec
1616 800 1665 848 in
1700 801 2018 852 consistoriali
2041 802 2147 853 loco
2173 804 2400 853 Brechin-

451 893 552 942 ensi
590 891 713 940 infra
753 890 1015 940 Ciuitatem
1055 889 1424 939 Brechinensem
1458 888 1686 954 vigesimo
1723 894 1895 955 quarto
1931 892 2009 942 die
2047 892 2225 944 mensis
2263 895 2297 943 J
2302 895 2400 943 unii

451 997 576 1030 anno
600 980 796 1029 Domini
820 978 1070 1029 millesimo
1106 978 1483 1044 quingentesimo
1518 978 1723 1043 septimo
1758 1015 1768 1027 .
1808 1013 1821 1028 .
1858 1017 1869 1028 .
1905 982 2204 1046 presentibus
2226 982 2401 1032 ibidem

453 1069 799 1119 venerabilibus
836 1074 886 1118 et
924 1069 1144 1119 discretis
1181 1068 1294 1118 viris
1329 1067 1556 1132 magistro
1578 1068 1613 1116 J
1617 1068 1802 1118 ohanne
1829 1070 2067 1120 Meldrum
2092 1072 2404 1137 prebendario

454 1159 513 1207 de
562 1157 830 1222 Buthergill
874 1158 908 1206 J
912 1158 1098 1207 ohanne
1155 1157 1400 1222 Chepman
1448 1156 1695 1222 capellano
1751 1160 1810 1208 de
1866 1159 2126 1210 Caldhame
2180 1161 2214 1208 J
2219 1162 2403 1211 ohanne

459 1248 660 1311 Wemys
705 1252 755 1297 et
800 1248 834 1295 J
838 1248 1022 1296 ohanne
1073 1246 1310 1296 Meldrum
1357 1247 1493 1297 laicis
1538 1247 1728 1298 famulis
1774 1249 1924 1314 ipsius
1969 1251 2181 1314 magistri
2224 1251 2403 1299 Thome

460 1335 698 1385 Meldrum
722 1352 828 1385 cum
854 1336 1055 1386 diuersis
1077 1335 1185 1386 aliis
1221 1371 1233 1383 .
1270 1373 1280 1384 .
1317 1372 1329 1383 .
1370 1403 1373 1406 Ι

525 1426 592 1475 Et
616 1442 704 1490 ego
728 1427 946 1476 Andreas
971 1426 1253 1490 Bryantoun
1279 1426 1521 1476 Presbiter
1545 1427 1887 1477 Sanctiandree
1912 1428 2009 1477 dio⁰
2031 1428 2247 1493 publicus
2268 1445 2406 1494 apos-

455 1513 603 1563 tolica
626 1519 676 1564 et
700 1516 830 1579 regia
851 1515 1222 1565 auctoritatibus
1245 1516 1460 1565 notarius
1496 1553 1507 1563 .

458 1715 606 1765 Carta
631 1717 828 1765 Ricardi
855 1717 1036 1780 Turing
1073 1753 1083 1763 .

469 1838 743 1922 Omnibus
789 1873 910 1922 hanc
957 1876 1140 1922 cartam
1186 1872 1357 1922 visuris
1399 1872 1476 1921 uel
1516 1873 1751 1923 audituris
1794 1874 2030 1924 Ricardus
2071 1875 2249 1939 Turing
2288 1876 2406 1925 ciuis

458 1962 683 2011 Ciuitatis
723 1962 1058 2012 Brechinensis
1096 1961 1310 2011 Salutem
1347 1998 1356 2009 .
1397 1997 1406 2009 .
1444 1997 1455 2009 .
1494 1962 1737 2012 Noueritis
1778 1979 1853 2011 me
1890 2000 1901 2011 .
1938 1999 1949 2011 .
1988 2000 1999 2011 .
2035 1980 2142 2012 cum
2177 1980 2407 2015 consensu

456 2056 506 2100 et
542 2067 740 2102 assensu
778 2051 948 2116 Egidie
989 2051 1106 2101 Rait
1145 2067 1248 2100 mee
1286 2067 1457 2116 sponse
1492 2052 1760 2102 vendidisse
1797 2089 1808 2100 .
1845 2087 1858 2099 .
1895 2088 1905 2100 .
1941 2052 2087 2102 nobili
2111 2053 2212 2103 viro
2247 2053 2407 2102 Dauid

456 2141 606 2190 Lione
633 2142 691 2190 de
718 2141 945 2205 Brekkye
970 2140 1078 2191 illas
1102 2141 1221 2190 duas
1243 2157 1381 2190 acras
1408 2145 1643 2190 terrarum
1667 2157 1877 2191 mearum
1901 2142 2148 2191 arabilium
2173 2159 2279 2191 cum
2304 2160 2411 2208 per-

454 2232 673 2280 tinentiis
707 2231 927 2294 jacentes
967 2230 1091 2279 infra
1130 2230 1423 2279 territorium
1466 2231 1525 2279 de
1567 2230 1773 2279 Brechin
1815 2231 1939 2280 inter
1978 2235 2132 2281 terras
2174 2231 2406 2280 Willelmi

458 2321 594 2369 Rede
618 2321 680 2369 ad
704 2319 999 2369 occidentem
1024 2335 1087 2367 ex
1110 2323 1248 2385 parte
1276 2335 1371 2368 una
1408 2355 1419 2366 .
1454 2323 1504 2368 et
1521 2322 1677 2369 terras
1698 2319 1733 2367 J
1736 2319 1936 2369 ohannis
1961 2321 2145 2369 Guthre
2169 2322 2230 2370 ad
2255 2322 2408 2369 orien-

456 2415 555 2459 tem
571 2426 633 2459 ex
648 2414 784 2475 parte
803 2409 958 2459 altera
993 2446 1003 2457 .
1040 2425 1099 2458 ac
1122 2409 1248 2458 inter
1270 2413 1424 2458 terras
1441 2424 1573 2458 meas
1595 2409 1657 2457 ad
1681 2408 1872 2457 boream
1893 2426 1955 2458 ex
1979 2426 2074 2458 una
2097 2414 2146 2459 et
2170 2414 2324 2459 terras
2348 2412 2407 2459 de

456 2500 506 2563 ly
529 2499 682 2548 hauch
721 2500 782 2547 ad
819 2502 1033 2548 austrum
1072 2498 1289 2563 partibus
1321 2498 1381 2546 ab
1419 2497 1574 2547 altera
1610 2534 1620 2545 .
1659 2534 1669 2544 .
1707 2535 1717 2545 .
1756 2498 2007 2548 Tenendas
2042 2536 2052 2546 .
2090 2535 2100 2545 .
2138 2535 2150 2547 .
2186 2500 2234 2547 in
2258 2499 2405 2548 libero

457 2589 682 2653 burgagio
705 2590 764 2637 de
788 2604 1007 2653 supremo
1032 2587 1222 2637 domino
1246 2591 1409 2637 nostro
1436 2586 1568 2651 Rege
1592 2591 1641 2635 et
1665 2588 2015 2636 successoribus
2037 2588 2136 2638 suis
2154 2589 2406 2638 Scotorum

459 2677 671 2741 Regibus
710 2678 758 2725 in
800 2676 952 2726 libero
993 2676 1218 2741 burgagio
1260 2677 1308 2724 in
1346 2676 1486 2725 feodo
1523 2680 1574 2724 et
1611 2675 1877 2725 hereditate
1916 2677 2260 2742 imperpetuum
2297 2715 2307 2725 .
2343 2713 2353 2724 .
2394 2716 2404 2725 .

461 2767 729 2815 Reddendo
764 2766 874 2814 inde
909 2765 1155 2814 annuatim
1185 2765 1342 2814 dictus
1367 2764 1527 2813 Dauid
1551 2764 1751 2814 heredes
1773 2765 1846 2815 sui
1881 2800 1892 2812 .
1930 2802 1940 2813 .
1979 2802 1990 2814 .
2025 2767 2205 2815 firmam
2230 2767 2404 2831 regiam

459 2856 568 2904 inde
594 2855 803 2904 debitam
829 2859 879 2903 et
902 2858 1177 2904 consuetam
1215 2889 1226 2901 .
1265 2888 1277 2902 .
1313 2890 1323 2901 .
1362 2853 1422 2902 In
1458 2853 1593 2903 cuius
1615 2854 1683 2903 rei
1707 2853 2029 2903 testimonium
2064 2838 2175 2918 huic
2196 2857 2405 2919 presenti

461 2948 592 2993 carte
633 2960 737 2992 mee
778 2942 984 3007 sigillum
1024 2959 1182 2992 meum
1224 2958 1425 2992 unacum
1465 2941 1620 3007 sigillo
1661 2942 1791 2992 dicte
1831 2958 2002 3007 sponse
2047 2947 2161 2992 m'ee·
2187 2981 2198 2992 .
2237 2980 2246 2990 .
2284 2980 2295 2990 .
2331 2949 2404 2993 est

461 3048 721 3098 appensum
762 3033 888 3097 apud
930 3032 1192 3082 Ciuitatem
1235 3031 1604 3081 Brechinensem
1640 3030 1825 3080 decimo
1859 3031 1935 3080 die
1960 3031 2147 3082 mensis
2183 3031 2405 3083 Octobris

462 3137 587 3171 anno
624 3121 819 3170 Domini
857 3120 1106 3172 millesimo
1143 3120 1522 3186 quingentesimo
1556 3119 1760 3184 septimo
1784 3135 1942 3169 coram
1966 3120 2058 3169 hiis
2081 3121 2284 3170 testibus
2307 3138 2405 3170 ma-

462 3211 610 3275 gistro
645 3210 805 3259 Dauid
845 3211 1026 3260 Gardin
1064 3210 1240 3261 vicario
1275 3211 1334 3259 de
1371 3208 1620 3259 Fernewel
1654 3224 1712 3258 ac
1747 3209 2070 3259 commissario
2096 3210 2404 3260 Brechinensi

466 3300 610 3349 Petro
646 3298 787 3349 Seres
825 3299 1040 3349 Roberto
1073 3299 1409 3350 Fowlartoune
1445 3300 1504 3347 de
1541 3298 1811 3349 Dumnwne
1847 3298 2009 3348 Dauid
2046 3299 2238 3363 Nudrye
2276 3300 2404 3348 Phil-
