3016 3958
528 595 642 649 206
1116 595 1410 651 CARTAE
1455 594 1957 654 ORIGINALES.

530 803 691 834 curam
733 785 1040 835 sedulitatem
1084 790 1134 835 et
1174 786 1385 834 laborem
1429 785 1648 834 colantur
1682 785 1993 834 meliorentur
2029 789 2080 834 et
2120 786 2181 833 ad
2217 786 2478 835 vberiorem

528 875 794 924 fertilitatis
819 875 998 924 cultum
1024 878 1351 940 producantur
1387 904 1397 914 ·
1435 875 1681 925 Noueritis
1705 876 1849 939 igitur
1865 891 1953 924 nos
1971 891 2078 923 cum
2104 876 2344 939 expressis
2367 892 2478 924 con-

530 982 671 1015 sensu
711 970 759 1014 et
797 982 993 1014 assensu
1018 965 1214 1030 capituli
1239 966 1439 1015 ecclesie
1479 969 1642 1014 nostre
1680 964 1969 1014 cathedralis
2005 964 2340 1013 Brechinensis
2375 965 2480 1013 dili-

526 1056 749 1119 gentibus
782 1056 1072 1105 tractatibus
1107 1060 1156 1104 et
1192 1056 1394 1105 maturis
1430 1055 1853 1104 deliberationibus
1886 1054 2150 1119 prehabitis
2184 1053 2232 1101 in
2268 1058 2479 1103 nostram

531 1146 797 1193 evidentem
855 1145 1110 1194 vtilitatem
1160 1150 1209 1194 et
1257 1161 1461 1194 annuam
1521 1145 1954 1208 augmentationem
2014 1142 2213 1192 rentalis
2269 1143 2478 1192 eiusdem

529 1251 712 1283 necnon
751 1251 837 1299 pro
875 1235 1077 1284 diuersis
1111 1235 1421 1299 pecuniarum
1457 1235 1653 1284 summis
1687 1234 1881 1283 auxiliis
1916 1238 1966 1282 et
2001 1232 2307 1281 benemeritis
2344 1234 2480 1283 nobis

531 1342 617 1388 per
650 1325 856 1373 nobilem
895 1329 943 1373 et
980 1328 1311 1388 prepotentem
1350 1324 1591 1372 dominum
1629 1323 1974 1372 Archibaldum
2012 1321 2219 1385 Ergadie
2256 1323 2478 1371 comitem

584 1443 594 1453 ·
634 1442 644 1452 ·
681 1415 863 1478 integre
901 1414 1158 1478 persolutis
1193 1419 1242 1462 et
1278 1413 1608 1478 multipliciter
1637 1413 1865 1477 impensis
1900 1414 1958 1461 de
1995 1411 2165 1476 quibus
2204 1409 2358 1474 ipsum
2401 1428 2483 1460 ex-

532 1520 784 1552 oneramus
807 1508 974 1552 tenore
999 1504 1234 1567 presentis
1258 1507 1389 1551 carte
1413 1507 1576 1552 nostre
1601 1504 1950 1566 imperpetuum
1972 1503 2158 1551 dedisse
2198 1526 2209 1536 ·
2249 1527 2259 1537 ·
2299 1530 2309 1540 ·
2346 1508 2395 1552 et
2420 1505 2479 1551 ad

532 1594 841 1641 feudifirmam
880 1610 965 1642 seu
988 1593 1322 1657 emphiteosim
1345 1592 1632 1640 hereditarie
1659 1591 1892 1640 dimisisse
1931 1619 1942 1629 ·
1981 1619 1991 1629 ·
2031 1620 2041 1630 ·
2084 1593 2300 1657 predicto
2334 1593 2480 1641 nobili

531 1683 721 1731 domino
760 1682 1057 1731 Archibaldo
1096 1682 1301 1745 Ergadie
1340 1682 1505 1730 comiti
1543 1709 1554 1720 ·
1592 1709 1604 1720 ·
1642 1708 1652 1719 ·
1690 1681 1880 1744 suisque
1905 1682 2160 1731 heredibus
2183 1683 2407 1732 masculis
2431 1688 2480 1732 et

531 1772 783 1835 assignatis
808 1772 1164 1836 quibuscunque
1189 1787 1352 1819 omnes
1371 1775 1420 1819 et
1443 1770 1653 1833 singulas
1675 1774 1830 1818 terras
1847 1774 2036 1819 nostras
2054 1772 2348 1836 subscriptas
2373 1788 2479 1820 cum

531 1862 814 1910 molendinis
832 1862 1050 1926 piscariis
1073 1861 1326 1910 fortaliciis
1349 1864 1399 1909 et
1423 1859 1726 1924 pertinentiis
1750 1860 2006 1907 earundem
2028 1861 2296 1924 respectiue
2314 1866 2482 1910 exton-

533 1953 701 2000 dentes
735 1951 981 1999 annuatim
1017 1956 1181 1999 nostro
1219 1950 1268 1998 in
1307 1949 1481 1998 rentali
1519 1950 1580 1996 ad
1618 1964 1826 1997 summas
1859 1948 2096 1996 firmarum
2130 1949 2406 1998 victualium
2431 1955 2481 1999 et

531 2041 831 2089 deuoriarum
855 2040 1211 2104 particulariter
1233 2039 1576 2102 subsequentes
1599 2037 1821 2086 videlicet
1845 2041 1975 2087 totas
2010 2042 2059 2086 et
2095 2039 2304 2103 integras
2326 2044 2481 2089 terras

532 2135 719 2179 nostras
755 2129 1065 2178 dominicales
1099 2129 1238 2192 vulgo
1272 2128 1336 2177 lie
1371 2128 1525 2177 manis
1560 2129 1619 2176 de
1656 2126 1898 2176 Farnwell
1933 2143 2039 2175 cum
2075 2131 2207 2176 turre
2242 2130 2480 2179 fortalicio

532 2219 742 2267 manerie
789 2218 1061 2266 molendino
1117 2218 1181 2266 lie
1239 2217 1465 2266 outsettis
1511 2217 1726 2281 partibus
1771 2216 2037 2280 pendiculis
2083 2222 2132 2266 et
2179 2219 2479 2282 pertinentiis

532 2308 786 2356 earundem
806 2323 1004 2354 vnacum
1029 2307 1153 2356 acris
1177 2311 1411 2355 terrarum
1431 2306 1705 2368 jacentibus
1727 2306 1854 2369 apud
1880 2305 2130 2354 ecclesiam
2155 2308 2213 2356 de
2239 2309 2478 2359 Farnwell

533 2397 903 2445 extendentibus
927 2398 988 2444 ad
1014 2400 1218 2460 quatuor
1235 2411 1371 2444 acras
1388 2400 1623 2443 terrarum
1641 2398 1723 2443 aut
1745 2395 1937 2442 circiter
1958 2412 2086 2443 nunc
2105 2413 2191 2460 per
2207 2398 2242 2444 J
2245 2398 2476 2447 ohannem

536 2485 750 2534 Hwtoun
787 2484 933 2532 filium
972 2485 1186 2548 magistri
1219 2485 1254 2531 J
1260 2485 1459 2532 ohannis
1498 2484 1713 2533 Hwtoun
1749 2488 2008 2548 occupatas
2043 2487 2361 2536 extendentes
2395 2504 2477 2535 an-

532 2575 716 2622 nuatim
740 2579 903 2623 nostro
928 2575 977 2621 in
1001 2573 1172 2622 rentali
1197 2575 1258 2621 ad
1282 2589 1513 2622 summam
1533 2573 1879 2637 quinquaginta
1896 2589 1982 2621 sex
2002 2590 2266 2622 morcarum
2286 2581 2474 2625 monete

532 2668 580 2710 et
607 2664 855 2711 duodecim
892 2679 1099 2726 capones
1122 2666 1252 2710 totas
1277 2666 1326 2710 et
1351 2662 1562 2725 integras
1583 2666 1738 2711 terras
1763 2666 1952 2712 nostras
1976 2666 2025 2711 et
2050 2663 2210 2711 villam
2236 2665 2294 2712 de
2320 2666 2476 2715 Croft-

532 2752 699 2814 heydis
724 2752 944 2814 contigue
968 2752 1245 2800 adiacentes
1267 2751 1411 2800 terris
1436 2751 1799 2800 dominicalibus
1822 2751 2052 2815 predictis
2075 2767 2182 2801 cum
2206 2755 2304 2802 suis
2327 2756 2474 2817 parti-

532 2841 619 2888 bus
642 2839 904 2903 pendiculis
929 2844 977 2887 et
1001 2840 1305 2903 pertinentiis
1328 2842 1644 2889 extendentes
1667 2841 1912 2888 annuatim
1936 2844 2100 2889 nostro
2134 2841 2183 2888 in
2215 2842 2386 2890 rentali
2410 2846 2471 2892 ad

532 2943 761 2975 summam
786 2928 991 2991 quinque
1014 2927 1240 2976 librarum
1279 2932 1469 2976 monete
1509 2933 1559 2977 et
1597 2930 1716 2977 duas
1752 2929 1993 2976 duodenas
2027 2928 2316 2992 pultrearum
2342 2935 2471 2981 totas

530 3021 579 3063 et
604 3016 811 3078 integras
829 3020 982 3065 terras
999 3021 1188 3065 nostras
1207 3018 1266 3064 de
1288 3017 1548 3079 Marytoun
1573 3033 1680 3064 cum
1703 3017 1828 3065 acris
1851 3018 2108 3064 earundem
2133 3022 2182 3065 et
2206 3018 2469 3068 salmonum

531 3104 734 3167 piscaria
757 3105 806 3151 in
832 3121 956 3168 aqua
980 3105 1038 3152 de
1065 3105 1306 3154 Southesk
1341 3106 1659 3154 extendentes
1682 3105 1927 3154 annuatim
1951 3109 2116 3154 nostro
2141 3106 2187 3153 in
2213 3108 2383 3156 rentali
2407 3112 2466 3158 ad

531 3197 713 3256 septem
761 3192 944 3242 celdras
990 3194 1269 3242 victualium
1304 3193 1489 3243 scilicet
1531 3210 1700 3241 nouem
1738 3193 1889 3242 bollas
1935 3194 2085 3242 tritici
2128 3195 2468 3262 quinquaginta

530 3297 666 3328 vnam
692 3280 842 3329 bollas
878 3286 926 3329 et
963 3282 1205 3330 dimidiam
1231 3281 1406 3331 bollam
1443 3282 1574 3330 ordei
1599 3282 1942 3345 quinquaginta
1966 3298 2103 3330 vnam
2129 3283 2279 3333 bollas
2313 3290 2362 3334 et
2399 3288 2467 3334 di-
