3016 3958
302 1643 494 1691 LXXI.

469 1802 473 1803 ⁷
516 1737 644 1780 terre
681 1747 765 1780 sue
804 1730 1003 1779 Clericis
1037 1735 1087 1779 et
1125 1731 1286 1779 Laicis
1322 1729 1535 1778 Salutem
1573 1766 1583 1774 .
1624 1729 1866 1777 Noueritis
1901 1729 2013 1792 quia
2034 1728 2160 1776 bona
2185 1727 2464 1783 Communia

356 2732 392 2770 (s

396 2728 440 2769 ic)

512 646 620 700 122
1122 647 1414 703 GARTAE
1459 645 1957 702 ORIGINALES.

510 838 705 886 fundum
732 837 848 886 dicti
874 837 1135 886 tenementi
1173 874 1183 884 .
1222 874 1231 884 .
1271 875 1280 884 .
1320 837 1628 886 Presentibus
1646 836 1821 884 ibidem
1845 833 2202 883 honorabilibus
2225 834 2337 882 viris
2363 833 2459 881 Ro-

512 926 647 975 berto
673 928 706 975 J
711 928 847 976 acobi
872 927 975 975 ciue
1002 928 1128 976 dicte
1154 926 1366 976 ciuitatis
1403 963 1412 972 .
1451 963 1459 972 .
1500 964 1509 973 .
1549 926 1739 974 domino
1764 925 2041 973 Alexandro
2067 924 2179 987 Hog
2196 922 2456 987 capellano,

496 1016 759 1093 *Willelmo
801 1017 967 1079 dey
1005 1016 1141 1071 laico,
1181 1020 1230 1063 et
1278 1016 1466 1064 Jacobo
1505 1015 1742 1063 Scherhar
1781 1014 2040 1077 sergeando
2081 1013 2208 1060 dicte
2249 1012 2461 1060 ciuitatis

512 1122 617 1154 cum
644 1107 846 1155 diuersis
870 1106 976 1154 aliis
1014 1143 1023 1152 .
1064 1143 1074 1152 .
1113 1141 1122 1151 .

582 1196 648 1244 Et
683 1213 770 1259 ego
806 1196 1044 1245 Patricius
1081 1196 1372 1258 Buthirgask
1398 1194 1599 1243 clericus
1624 1193 1980 1243 Dunkeldensis
2006 1193 2221 1242 dioecesis
2245 1192 2462 1257 publicus

514 1285 802 1333 auctoritate
827 1283 1092 1349 apostolica
1114 1285 1329 1333 notarius
1353 1285 1464 1348 quia
1500 1321 1510 1331 .
1549 1321 1558 1330 .
1597 1321 1606 1330 .

518 1486 648 1550 King
670 1488 704 1534 J
708 1503 839 1536 ames
864 1487 965 1552 (the
989 1487 1140 1547 thrid)
1165 1487 1349 1534 chartor
1379 1503 1545 1550 wpone
1569 1487 1651 1534 the
1676 1484 1813 1534 small
1840 1485 2068 1533 custumis
2092 1484 2160 1532 off
2180 1484 2414 1531 Brechine
2452 1519 2461 1527 .

524 1609 766 1691 Jacobus
804 1641 898 1689 Dei
936 1642 1092 1704 gratia
1130 1642 1242 1690 Rex
1278 1642 1529 1690 Scotorum
1556 1641 1786 1688 Omnibus
1811 1640 1980 1687 Probis
2006 1639 2292 1687 Hominibus
2314 1639 2463 1686 totius

519 1826 567 1868 et
614 1821 713 1869 Res
755 1819 951 1868 Publice
993 1820 1221 1868 Ciuitatis
1257 1819 1592 1868 Brechinensis
1626 1822 1737 1867 sunt
1773 1808 1946 1866 modici
1981 1816 2153 1865 valoris
2195 1817 2261 1864 Et
2297 1817 2462 1864 cadem

520 1911 705 1958 Ciuitas
741 1910 862 1957 liber
898 1909 1066 1958 existit
1103 1909 1277 1972 burgus
1312 1910 1385 1956 Ac
1415 1909 1479 1956 de
1504 1909 1670 1956 eadem
1695 1907 1970 1956 taxationes
2005 1911 2054 1954 et
2090 1906 2464 1955 contributiones

516 2003 780 2055 sumuntur,
821 1997 890 2047 Vt
929 2000 987 2046 de
1028 1998 1202 2046 ceteris
1225 1997 1402 2046 nostris
1425 1997 1585 2060 burgis
1610 1997 1808 2045 Necnon
1842 2011 1929 2059 pro
1963 1995 2090 2043 fideli
2125 1995 2334 2058 gratuito
2368 2011 2465 2044 ser-

516 2090 635 2138 uitio
677 2089 769 2136 Per
805 2088 1008 2136 balliuos
1047 2091 1096 2136 et
1134 2086 1523 2135 communitatem
1566 2086 1777 2134 eiusdem
1814 2085 2029 2134 ciuitatis
2063 2089 2113 2132 et
2156 2085 2291 2148 burgi
2338 2102 2462 2133 nunc

517 2184 730 2242 tempore
766 2177 1126 2242 inquietationis
1146 2181 1211 2245 'et
1246 2162 1520 2238 guerrarum
1554 2175 1692 2223 nobis
1715 2174 2044 2239 multipliciter
2067 2175 2281 2238 impenso
2305 2178 2355 2223 et
2380 2178 2465 2221 im-

519 2268 767 2331 pendendo
809 2266 1044 2314 Dedimus
1085 2265 1230 2327 igitur
1270 2268 1318 2312 et
1361 2264 1679 2313 concessimus
1713 2263 1790 2311 Ac
1824 2267 1991 2312 tenore
2030 2264 2272 2312 Presentis
2319 2264 2465 2312 Carte

520 2361 682 2406 nostre
707 2357 876 2404 damus
912 2359 961 2403 et
998 2354 1301 2402 concedimus
1338 2354 1431 2401 Pro
1466 2357 1699 2417 perpetuo
1723 2353 1866 2402 dictis
1898 2352 2090 2401 balliuis
2125 2357 2174 2401 et
2209 2355 2465 2402 communi-

521 2447 612 2495 tati
637 2461 761 2494 nunc
786 2443 1094 2493 Presentibus
1117 2447 1166 2490 et
1189 2442 1364 2490 futuris
1388 2447 1601 2491 nostram
1628 2442 1849 2491 Liberam
1876 2443 2142 2490 Licentiam
2170 2443 2464 2492 Libertatem

524 2542 574 2584 et
600 2534 910 2598 Priuilegium
933 2531 1141 2597 speciale
1165 2532 1391 2580 Sumendi
1427 2531 1618 2580 leuandi
1654 2537 1704 2580 et
1738 2531 2031 2596 percipiendi
2055 2533 2114 2580 de
2139 2532 2346 2596 Singulis
2372 2534 2467 2581 Re-

525 2627 612 2674 bus
653 2629 702 2673 et
743 2623 880 2672 bonis
917 2620 1260 2671 custumalibus
1282 2621 1580 2689 venientibus
1616 2623 1677 2669 ad
1718 2621 1895 2669 dictam
1934 2621 2195 2670 Ciuitatem
2231 2626 2280 2670 et
2313 2623 2466 2671 forum

526 2716 737 2763 eiusdem
780 2713 937 2760 Vnum
987 2710 1144 2759 oblum
1193 2710 1417 2759 videlicet
1465 2711 1523 2758 de
1571 2726 1850 2774 vnaquaque
1891 2711 2075 2759 sarsina
2115 2712 2218 2760 siue
2258 2714 2465 2775 pondere

526 2804 699 2867 equino
723 2803 840 2850 Tam
869 2802 1123 2864 Lignorum
1148 2815 1291 2863 quam
1315 2798 1516 2848 aliorum
1538 2800 1766 2849 bonorum
1790 2816 2172 2865 quorumcunque
2209 2804 2286 2850 Ad
2322 2819 2467 2866 quan-

526 2893 716 2941 titatem
742 2891 870 2938 dicte
894 2889 1075 2939 sarsine
1099 2888 1202 2937 siue
1225 2889 1450 2952 ponderis
1473 2889 1610 2938 vuius
1634 2890 1743 2953 equi
1781 2894 1834 2937 ut
1871 2890 2166 2954 premittitur
2203 2891 2270 2939 Et
2303 2891 2372 2940 sic
2408 2893 2466 2939 de

528 2981 744 3029 omnibus
766 2979 875 3027 aliis
900 2978 1066 3028 Rebus
1088 2993 1229 3026 vnum
1267 2977 1427 3026 oblum
1452 2979 1709 3027 secundum
1749 2979 2037 3042 exigentiam
2073 2983 2122 3026 et
2151 2980 2466 3042 quantitatem

528 3070 707 3119 sarsine
748 3069 848 3117 siue
889 3067 1112 3131 ponderis
1150 3067 1310 3131 equini
1355 3071 1408 3115 ut
1454 3067 1692 3130 prefertur
1729 3095 1739 3105 ·
1778 3068 2054 3115 Tenendum
2103 3072 2152 3115 et
2200 3068 2466 3116 habendum

529 3159 708 3207 dictum
732 3156 1027 3220 priuilegium
1051 3155 1308 3220 recipiendi
1346 3172 1487 3204 vnum
1526 3155 1685 3204 oblum
1721 3157 1780 3205 de
1817 3156 2025 3219 Singulis
2051 3157 2214 3205 Rebus
2249 3162 2298 3205 et
2334 3158 2469 3207 bonis

529 3245 827 3295 venientibus
849 3246 911 3293 ad
936 3244 1113 3292 dictam
1138 3244 1398 3292 Ciuitatem
1424 3245 1491 3293 Et
1514 3244 1622 3294 aliis
1650 3246 1812 3294 Rebus
1835 3244 2177 3294 custumalibus
2199 3249 2299 3294 tam
2324 3247 2353 3293 d

767 3349 909 3398 quam
934 3333 981 3381 in
1006 3333 1114 3383 aliis
1139 3334 1304 3382 Rebus
1327 3334 1582 3382 secundum
1608 3334 1895 3397 exigentiam
1921 3334 2099 3383 sarsine
2123 3334 2224 3384 siue
2247 3336 2470 3398 ponderis
