3016 3958
574 622 685 676 422
1059 617 1429 676 ROTULI
1493 616 2035 674 REDITUUM.

577 802 763 854 quatuor
783 798 1023 841 celdrarum
1044 802 1089 841 et
1108 812 1263 841 nouem
1288 797 1502 839 bollarum
1533 796 1653 838 ordei
1684 796 1960 838 venditarum
1990 809 2068 851 per
2098 796 2293 847 eundem,
2326 799 2517 853 precium

579 877 691 920 holle
725 891 801 920 sex
832 877 956 920 solidi
987 880 1032 919 et
1055 879 1151 919 octo
1181 875 1360 931 denarii,
1390 889 1469 931 pro
1500 888 1683 930 quarum
1704 873 1902 930 pecunia,
1932 873 2134 917 videlieet
2158 875 2521 931 vigintiquatuor

580 957 702 999 libris
733 971 808 999 sex
839 956 986 999 solidis
1016 958 1061 998 et
1090 958 1186 998 octo
1216 953 1420 1004 denariis,
1453 953 1705 996 onerabitur
1733 955 1986 1009 compotans
2017 952 2063 995 in
2093 957 2293 1010 compoto
2323 955 2517 1010 pecunie,

580 1036 642 1077 iiii
663 1035 804 1078 celdre
824 1035 867 1077 ix
888 1034 1003 1077 bolle
1036 1065 1047 1079 .
1860 1044 1863 1046 ’

871 1114 1047 1156 Summa
1066 1125 1352 1169 expensarum
1372 1113 1496 1167 patet
1528 1143 1538 1154 .
1569 1110 1628 1154 Et
1649 1111 1710 1153 sic
1731 1125 1840 1166 eque
1872 1144 1882 1153 .

641 1274 711 1328 [In
741 1272 886 1328 dorso]
920 1303 929 1315 .
962 1271 1106 1321 Nota3
1139 1272 1253 1327 quod
1285 1271 1512 1327 sexaginta
1542 1269 1665 1321 libre,
1706 1273 1925 1313 restantes
1948 1284 2078 1327 super
2111 1271 2322 1327 magistro
2359 1272 2523 1315 Jacobo

583 1351 797 1408 Lindesay
826 1352 1003 1394 custode
1037 1351 1199 1407 priuati
1235 1350 1368 1407 sigilli
1402 1350 1448 1391 in
1483 1352 1681 1406 compoto
1704 1349 1935 1392 Michaelis
1966 1349 2018 1391 de
2051 1349 2269 1399 Balfoure,
2300 1350 2522 1393 allocande

584 1434 686 1472 sunss
714 1430 829 1473 dicto
859 1430 1070 1487 magistro
1100 1430 1278 1479 Janobo,
1311 1442 1365 1470 ex
1395 1442 1447 1471 eo
1478 1429 1591 1484 quod
1623 1428 1756 1471 soluit
1786 1442 1861 1471 eas
1890 1429 2063 1471 domino
2096 1429 2288 1472 Henrico
2322 1429 2521 1486 Kingorn

585 1510 821 1553 senescallo
843 1510 1023 1566 Regine,
1046 1513 1095 1553 vt
1114 1513 1236 1566 patet
1256 1510 1301 1550 in
1323 1512 1521 1565 compoto
1543 1522 1621 1551 suo
1654 1541 1663 1550 .

188 1830 562 1873 COOOXXXIX.
588 1829 927 1873 COMPOTUM
949 1829 1182 1873 DOMINI
1201 1828 1523 1872 WILLELMI
1544 1827 1776 1878 RYNDE,
1793 1826 2168 1870 REOEPTORIS
2185 1827 2523 1870 FIRMARUM

699 1909 958 1952 DOMINII
979 1908 1060 1950 DE
1081 1907 1359 1951 BRECHIN
1374 1911 1419 1950 et
1433 1908 1485 1950 de
1503 1907 1667 1957 Nevar,
1683 1907 1899 1950 redditum
1915 1907 2028 1963 apud
2046 1907 2302 1963 Edinburgh
2319 1908 2522 1950 vicesimo

701 1992 853 2031 octauo
884 1988 952 2031 die
981 1988 1144 2031 mensis
1175 1987 1283 2030 Julii
1313 2001 1427 2029 anno
1459 1985 1636 2029 Domini
1666 1986 1897 2029 millesimo
1937 1987 2363 2042 quadringentesimo
2401 2001 2523 2029 sexa-

700 2069 863 2124 gesimo
884 2068 1030 2124 tertio,
1051 2068 1104 2110 de
1126 2067 1325 2110 omnibus
1345 2065 1531 2122 receptis
1552 2066 1642 2108 suis
1662 2069 1707 2108 et
1727 2065 1929 2121 expensis
1949 2066 2004 2108 ab
2025 2065 2248 2108 vndecimo
2270 2066 2338 2108 die
2360 2066 2522 2108 mensis

702 2148 892 2203 Augusti
927 2161 1041 2190 anno
1077 2146 1253 2189 Domini
1288 2145 1519 2188 millesimo
1553 2144 1981 2201 quadringentesimo
2015 2145 2284 2201 sexagesimo
2321 2146 2522 2195 secundo,

700 2241 835 2282 vsque
869 2227 914 2268 in
949 2227 1062 2269 diem
1095 2225 1312 2282 presentis
1347 2224 1561 2281 compoti3
1598 2227 1644 2267 et
1685 2224 1746 2266 sic
1776 2224 1829 2266 de
1859 2224 2027 2267 duobus
2062 2223 2261 2267 terminis
2293 2223 2407 2267 infra
2441 2225 2522 2266 hoc

703 2309 947 2362 compotum
980 2337 991 2347 .

590 2452 647 2507 In
671 2464 837 2519 primis,
858 2466 1110 2520 compotans
1127 2466 1280 2506 onerat
1301 2477 1346 2506 se
1368 2462 1421 2505 de
1442 2477 1499 2504 xv
1511 2462 1585 2505 lib.
1604 2462 1665 2503 xii
1680 2475 1713 2505 s.
1734 2461 1787 2504 de
1803 2460 1940 2503 firmis
1956 2463 2170 2504 terrarum
2186 2461 2239 2503 de
2255 2461 2523 2505 Peneostane

591 2545 872 2597 (Pentoscane
887 2544 919 2599 ἓ)
943 2544 996 2586 de
1016 2543 1205 2586 dominio
1225 2544 1278 2586 de
1300 2543 1500 2594 Brechin,
1522 2542 1575 2585 de
1596 2542 1764 2584 duobus
1784 2541 1981 2584 terminis
2001 2541 2131 2584 huius
2152 2541 2365 2597 compoti3
2397 2545 2442 2584 et
2470 2541 2523 2583 de

588 2864 632 2902 et
661 2861 713 2902 de
745 2861 789 2902 xl
800 2861 872 2904 lib.
903 2875 981 2917 per
1010 2861 1204 2918 integras
1232 2862 1381 2904 firmas
1400 2864 1517 2903 terre
1538 2860 1591 2902 de
1613 2860 1811 2916 Kinorag
1831 2861 1875 2901 et
1896 2858 2118 2915 Balbirny,
2150 2872 2246 2900 cum
2276 2858 2521 2900 molendino

589 2940 792 2995 eiusdem,
822 2940 875 2981 de
904 2940 1031 2983 dictis
1060 2940 1285 2990 terminis3
1319 2943 1366 2983 et
1395 2940 1447 2981 de
1478 2939 1585 2981 xviii
1601 2938 1675 2981 lib.
1707 2938 1769 2980 xii
1784 2952 1818 2980 s.
1849 2938 1924 2979 viii
1941 2937 1980 2979 d.
2002 2937 2055 2979 de
2075 2937 2212 2979 firmis
2233 2940 2447 2980 terrarum
2468 2937 2521 2978 de

590 3018 886 3069 Balnabreich‚
908 3019 961 3060 de
981 3019 1143 3061 eisdem
1163 3019 1386 3068 terminis3
1417 3022 1463 3061 et
1491 3019 1544 3060 de
1574 3018 1618 3060 vi
1634 3017 1707 3060 lib.
1740 3017 1801 3059 xii
1816 3031 1852 3060 s.
1882 3016 1958 3058 viii
1973 3017 2012 3058 d.
2048 3016 2116 3072 [de
2146 3016 2300 3071 firmis]
2332 3019 2448 3059 terre
2468 3017 2520 3058 de

589 3176 787 3231 pollokis,
804 3190 882 3231 per
895 3176 1007 3218 idem
1022 3180 1193 3233 tempus
1207 3192 1218 3226 ;
1240 3180 1285 3219 et
1300 3177 1352 3218 de
1366 3191 1396 3218 x
1408 3176 1481 3219 lib.
1496 3176 1548 3218 de
1561 3176 1699 3218 firmis
1715 3179 1830 3218 terre
1846 3174 1899 3217 de
1916 3173 2199 3223 Kindroohet,
2216 3177 2259 3216 et
2275 3174 2328 3215 de
2348 3189 2378 3215 x
2392 3174 2520 3216 bollis

591 3268 839 3305 avenarum,
855 3258 899 3297 et
913 3254 944 3296 ii
960 3255 1167 3298 duodenis
1187 3255 1464 3312 gallinarum,
1487 3269 1566 3311 per
1585 3254 1699 3297 idem
1720 3257 1892 3310 tempus
1915 3283 1925 3295 .
1949 3253 2076 3304 Item,
2100 3251 2211 3295 idem
2234 3256 2385 3295 onerat
2406 3267 2451 3294 se
2467 3253 2519 3294 de

592 3334 716 3377 lxxix
728 3335 800 3378 lib.
822 3334 911 3377 xvii
926 3347 959 3376 s.
981 3335 1095 3377 iiiid.
1117 3335 1171 3377 de
1192 3335 1432 3392 gressumis
1452 3335 1556 3377 dieti
1577 3334 1767 3384 dominii,
1789 3348 1867 3390 per
1886 3337 2058 3389 tempus
2080 3333 2266 3389 compoti
2297 3364 2307 3374 .

879 3414 1057 3456 Summa
1075 3415 1205 3457 huius
1226 3414 1369 3457 oneris
1389 3414 1421 3456 i⁰
1441 3414 1630 3456 lxxxxix
1642 3414 1714 3457 lib.
1737 3413 1830 3455 xiiii
1845 3427 1885 3465 s,
1901 3413 1974 3454 viii
1988 3413 2028 3455 d.
