<?xml version="1.0" encoding="UTF-8"?>
<!DOCTYPE html PUBLIC "-//W3C//DTD XHTML 1.0 Transitional//EN"
    "http://www.w3.org/TR/xhtml1/DTD/xhtml1-transitional.dtd">
<html xmlns="http://www.w3.org/1999/xhtml" xml:lang="en" lang="en">
 <head>
  <title>
</title>
<meta http-equiv="Content-Type" content="text/html;charset=utf-8" />
  <meta name='ocr-system' content='tesseract 3.04.00' />
  <meta name='ocr-capabilities' content='ocr_page ocr_carea ocr_par ocr_line ocrx_word'/>
</head>
<body>
  <div class='ocr_page' id='page_1' title='image "./registrumepiscop02brecuoft_0067.png"; bbox 0 0 3016 3958; ppageno 0'>
   <div class='ocr_carea' id='block_1_1' title="bbox 1070 644 2467 702">
    <p class='ocr_par' dir='ltr' id='par_1_1' title="bbox 1070 644 2467 702">
     <span class='ocr_line' id='line_1_1' title="bbox 1070 644 2467 702; baseline 0.001 -1"><span class='ocrx_word' id='word_1_1' title='bbox 1070 645 1361 702; x_wconf 84' lang='lat' dir='ltr'><strong>CARTAE</strong></span> <span class='ocrx_word' id='word_1_2' title='bbox 1405 644 1903 700; x_wconf 84' lang='lat' dir='ltr'><strong>ORIGINALES.</strong></span> <span class='ocrx_word' id='word_1_3' title='bbox 2394 649 2467 702; x_wconf 86' lang='lat'><strong>53</strong></span> 
     </span>
    </p>
   </div>
   <div class='ocr_carea' id='block_1_2' title="bbox 518 834 2468 3409">
    <p class='ocr_par' dir='ltr' id='par_1_2' title="bbox 519 834 2461 990">
     <span class='ocr_line' id='line_1_2' title="bbox 520 834 2460 900; baseline -0.001 -14"><span class='ocrx_word' id='word_1_4' title='bbox 520 839 766 886; x_wconf 86' lang='lat' dir='ltr'><strong>antedicto</strong></span> <span class='ocrx_word' id='word_1_5' title='bbox 801 839 858 886; x_wconf 93' lang='lat' dir='ltr'><strong>de</strong></span> <span class='ocrx_word' id='word_1_6' title='bbox 898 837 1130 886; x_wconf 85' lang='lat' dir='ltr'><strong>fructibus</strong></span> <span class='ocrx_word' id='word_1_7' title='bbox 1168 837 1296 885; x_wconf 91' lang='lat' dir='ltr'><strong>dicte</strong></span> <span class='ocrx_word' id='word_1_8' title='bbox 1333 835 1534 884; x_wconf 89' lang='lat' dir='ltr'><strong>ecclesie</strong></span> <span class='ocrx_word' id='word_1_9' title='bbox 1573 836 1631 883; x_wconf 88' lang='lat' dir='ltr'><strong>de</strong></span> <span class='ocrx_word' id='word_1_10' title='bbox 1671 835 1882 883; x_wconf 91' lang='lat' dir='ltr'><strong>Lethnot</strong></span> <span class='ocrx_word' id='word_1_11' title='bbox 1917 834 2081 882; x_wconf 88' lang='lat' dir='ltr'><strong>debita</strong></span> <span class='ocrx_word' id='word_1_12' title='bbox 2118 862 2127 872; x_wconf 89' lang='lat'><em>-</em></span> <span class='ocrx_word' id='word_1_13' title='bbox 2166 835 2460 900; x_wconf 83' lang='lat' dir='ltr'><strong>Quequidem</strong></span> 
     </span>
     <span class='ocr_line' id='line_1_3' title="bbox 519 923 2461 990; baseline -0.001 -14"><span class='ocrx_word' id='word_1_14' title='bbox 519 928 685 990; x_wconf 88' lang='lat' dir='ltr'><strong>pensio</strong></span> <span class='ocrx_word' id='word_1_15' title='bbox 742 956 751 965; x_wconf 92' lang='lat'>-</span> <span class='ocrx_word' id='word_1_16' title='bbox 792 956 801 965; x_wconf 92' lang='lat'><strong>·</strong></span> <span class='ocrx_word' id='word_1_17' title='bbox 843 955 854 965; x_wconf 90' lang='lat'><strong>·</strong></span> <span class='ocrx_word' id='word_1_18' title='bbox 907 926 1134 975; x_wconf 78' lang='lat' dir='ltr'><strong>remansit</strong></span> <span class='ocrx_word' id='word_1_19' title='bbox 1175 924 1384 975; x_wconf 87' lang='lat' dir='ltr'><strong>insoluta</strong></span> <span class='ocrx_word' id='word_1_20' title='bbox 1434 952 1444 963; x_wconf 92' lang='lat'><strong>·</strong></span> <span class='ocrx_word' id='word_1_21' title='bbox 1495 923 1780 988; x_wconf 81' lang='lat' dir='ltr'><strong>Quiquidem</strong></span> <span class='ocrx_word' id='word_1_22' title='bbox 1821 923 2055 987; x_wconf 78' lang='lat' dir='ltr'><strong>Magister</strong></span> <span class='ocrx_word' id='word_1_23' title='bbox 2092 924 2253 973; x_wconf 90' lang='lat' dir='ltr'><strong>Dauid</strong></span> <span class='ocrx_word' id='word_1_24' title='bbox 2291 930 2341 974; x_wconf 89' lang='lat' dir='ltr'><strong>et</strong></span> <span class='ocrx_word' id='word_1_25' title='bbox 2379 927 2461 974; x_wconf 89' lang='lat' dir='ltr'><strong>alii</strong></span> 
     </span>
    </p>

    <p class='ocr_par' dir='ltr' id='par_1_3' title="bbox 518 1012 2468 3409">
     <span class='ocr_line' id='line_1_4' title="bbox 573 1012 2464 1080; baseline -0.001 -15"><span class='ocrx_word' id='word_1_26' title='bbox 573 1045 583 1054; x_wconf 92' lang='lat'><strong>·</strong></span> <span class='ocrx_word' id='word_1_27' title='bbox 623 1045 632 1055; x_wconf 90' lang='lat'><strong>·</strong></span> <span class='ocrx_word' id='word_1_28' title='bbox 669 1033 763 1065; x_wconf 93' lang='lat' dir='ltr'><strong>non</strong></span> <span class='ocrx_word' id='word_1_29' title='bbox 799 1019 1166 1080; x_wconf 89' lang='lat' dir='ltr'><strong>comparuerunt</strong></span> <span class='ocrx_word' id='word_1_30' title='bbox 1203 1042 1215 1053; x_wconf 87' lang='lat'><strong>·</strong></span> <span class='ocrx_word' id='word_1_31' title='bbox 1254 1043 1264 1052; x_wconf 91' lang='lat'><strong>·</strong></span> <span class='ocrx_word' id='word_1_32' title='bbox 1303 1042 1316 1053; x_wconf 90' lang='lat'><strong>·</strong></span> <span class='ocrx_word' id='word_1_33' title='bbox 1350 1014 1484 1063; x_wconf 87' lang='lat' dir='ltr'><strong>vobis</strong></span> <span class='ocrx_word' id='word_1_34' title='bbox 1517 1012 1852 1062; x_wconf 80' lang='lat' dir='ltr'>nichilominus</span> <span class='ocrx_word' id='word_1_35' title='bbox 1889 1041 1899 1050; x_wconf 93' lang='lat'>-</span> <span class='ocrx_word' id='word_1_36' title='bbox 1939 1041 1949 1051; x_wconf 94' lang='lat'><strong>·</strong></span> <span class='ocrx_word' id='word_1_37' title='bbox 1988 1041 1998 1051; x_wconf 91' lang='lat'><strong>·</strong></span> <span class='ocrx_word' id='word_1_38' title='bbox 2035 1014 2315 1064; x_wconf 87' lang='lat' dir='ltr'><strong>mandamus</strong></span> <span class='ocrx_word' id='word_1_39' title='bbox 2350 1032 2464 1079; x_wconf 37' lang='lat' dir='ltr'><strong>quaa</strong></span> 
     </span>
     <span class='ocr_line' id='line_1_5' title="bbox 518 1102 2463 1176; baseline 0 -22"><span class='ocrx_word' id='word_1_40' title='bbox 518 1110 659 1155; x_wconf 90' lang='lat' dir='ltr'><strong>tenus</strong></span> <span class='ocrx_word' id='word_1_41' title='bbox 683 1106 862 1155; x_wconf 86' lang='lat' dir='ltr'><strong>dictum</strong></span> <span class='ocrx_word' id='word_1_42' title='bbox 891 1106 1178 1169; x_wconf 75' lang='lat' dir='ltr'><strong>Magistrum</strong></span> <span class='ocrx_word' id='word_1_43' title='bbox 1215 1105 1376 1176; x_wconf 24' lang='lat' dir='ltr'><strong>Daui-d</strong></span> <span class='ocrx_word' id='word_1_44' title='bbox 1414 1108 1464 1152; x_wconf 90' lang='lat' dir='ltr'><strong>et</strong></span> <span class='ocrx_word' id='word_1_45' title='bbox 1497 1103 1619 1152; x_wconf 91' lang='lat' dir='ltr'><strong>alios</strong></span> <span class='ocrx_word' id='word_1_46' title='bbox 1655 1131 1665 1141; x_wconf 93' lang='lat'><strong>·</strong></span> <span class='ocrx_word' id='word_1_47' title='bbox 1705 1131 1716 1141; x_wconf 91' lang='lat'><strong>·</strong></span> <span class='ocrx_word' id='word_1_48' title='bbox 1755 1131 1765 1140; x_wconf 94' lang='lat'><strong>·</strong></span> <span class='ocrx_word' id='word_1_49' title='bbox 1801 1102 2062 1151; x_wconf 74' lang='lat' dir='ltr'><strong>autoritate</strong></span> <span class='ocrx_word' id='word_1_50' title='bbox 2099 1108 2264 1152; x_wconf 92' lang='lat' dir='ltr'><strong>nostra</strong></span> <span class='ocrx_word' id='word_1_51' title='bbox 2302 1105 2463 1155; x_wconf 89' lang='lat' dir='ltr'><strong>citetis</strong></span> 
     </span>
     <span class='ocr_line' id='line_1_6' title="bbox 518 1191 2466 1259; baseline -0.001 -16"><span class='ocrx_word' id='word_1_52' title='bbox 518 1196 664 1245; x_wconf 88' lang='lat' dir='ltr'><strong>tertio</strong></span> <span class='ocrx_word' id='word_1_53' title='bbox 685 1212 743 1243; x_wconf 92' lang='lat' dir='ltr'><strong>ac</strong></span> <span class='ocrx_word' id='word_1_54' title='bbox 766 1195 1086 1259; x_wconf 87' lang='lat' dir='ltr'><strong>peremptorie</strong></span> <span class='ocrx_word' id='word_1_55' title='bbox 1126 1222 1135 1232; x_wconf 94' lang='lat'><strong>·</strong></span> <span class='ocrx_word' id='word_1_56' title='bbox 1176 1222 1186 1232; x_wconf 92' lang='lat'><strong>·</strong></span> <span class='ocrx_word' id='word_1_57' title='bbox 1226 1222 1236 1232; x_wconf 94' lang='lat'><strong>·</strong></span> <span class='ocrx_word' id='word_1_58' title='bbox 1273 1209 1433 1242; x_wconf 91' lang='lat' dir='ltr'><strong>coram</strong></span> <span class='ocrx_word' id='word_1_59' title='bbox 1457 1193 1596 1242; x_wconf 92' lang='lat' dir='ltr'><strong>nobis</strong></span> <span class='ocrx_word' id='word_1_60' title='bbox 1633 1221 1642 1230; x_wconf 92' lang='lat'><em>-</em></span> <span class='ocrx_word' id='word_1_61' title='bbox 1682 1220 1692 1231; x_wconf 86' lang='lat'><strong>·</strong></span> <span class='ocrx_word' id='word_1_62' title='bbox 1733 1227 1744 1239; x_wconf 90' lang='lat'><strong>.</strong></span> <span class='ocrx_word' id='word_1_63' title='bbox 1781 1192 1830 1239; x_wconf 90' lang='lat' dir='ltr'><strong>in</strong></span> <span class='ocrx_word' id='word_1_64' title='bbox 1866 1191 2071 1241; x_wconf 88' lang='lat' dir='ltr'><strong>ecclesia</strong></span> <span class='ocrx_word' id='word_1_65' title='bbox 2104 1197 2268 1242; x_wconf 86' lang='lat' dir='ltr'><strong>nostra</strong></span> <span class='ocrx_word' id='word_1_66' title='bbox 2303 1195 2466 1243; x_wconf 90' lang='lat' dir='ltr'><strong>cathe-</strong></span> 
     </span>
     <span class='ocr_line' id='line_1_7' title="bbox 519 1282 2462 1348; baseline -0.001 -15"><span class='ocrx_word' id='word_1_67' title='bbox 519 1285 639 1333; x_wconf 90' lang='lat' dir='ltr'><strong>drali</strong></span> <span class='ocrx_word' id='word_1_68' title='bbox 687 1285 996 1332; x_wconf 88' lang='lat' dir='ltr'><strong>Brechinensi</strong></span> <span class='ocrx_word' id='word_1_69' title='bbox 1043 1283 1292 1332; x_wconf 90' lang='lat' dir='ltr'><strong>undecimo</strong></span> <span class='ocrx_word' id='word_1_70' title='bbox 1339 1283 1416 1330; x_wconf 91' lang='lat' dir='ltr'><strong>die</strong></span> <span class='ocrx_word' id='word_1_71' title='bbox 1461 1282 1638 1331; x_wconf 81' lang='lat' dir='ltr'><strong>mensis</strong></span> <span class='ocrx_word' id='word_1_72' title='bbox 1688 1282 1912 1330; x_wconf 88' lang='lat' dir='ltr'><strong>instantis</strong></span> <span class='ocrx_word' id='word_1_73' title='bbox 1949 1309 1958 1319; x_wconf 95' lang='lat'><strong>·</strong></span> <span class='ocrx_word' id='word_1_74' title='bbox 1999 1309 2009 1319; x_wconf 91' lang='lat'><strong>·</strong></span> <span class='ocrx_word' id='word_1_75' title='bbox 2049 1309 2059 1319; x_wconf 91' lang='lat'>·</span> <span class='ocrx_word' id='word_1_76' title='bbox 2096 1282 2278 1331; x_wconf 88' lang='lat' dir='ltr'><strong>Datum</strong></span> <span class='ocrx_word' id='word_1_77' title='bbox 2337 1285 2462 1348; x_wconf 91' lang='lat' dir='ltr'><strong>apud</strong></span> 
     </span>
     <span class='ocr_line' id='line_1_8' title="bbox 521 1370 2462 1436; baseline 0 -15"><span class='ocrx_word' id='word_1_78' title='bbox 521 1375 726 1422; x_wconf 83' lang='lat' dir='ltr'><strong>Brechin</strong></span> <span class='ocrx_word' id='word_1_79' title='bbox 750 1374 839 1422; x_wconf 92' lang='lat' dir='ltr'><strong>sub</strong></span> <span class='ocrx_word' id='word_1_80' title='bbox 863 1372 1018 1436; x_wconf 90' lang='lat' dir='ltr'><strong>sigillo</strong></span> <span class='ocrx_word' id='word_1_81' title='bbox 1043 1376 1207 1422; x_wconf 91' lang='lat' dir='ltr'><strong>nostro</strong></span> <span class='ocrx_word' id='word_1_82' title='bbox 1231 1373 1436 1420; x_wconf 91' lang='lat' dir='ltr'><strong>rotundo</strong></span> <span class='ocrx_word' id='word_1_83' title='bbox 1459 1371 1612 1435; x_wconf 90' lang='lat' dir='ltr'><strong>primo</strong></span> <span class='ocrx_word' id='word_1_84' title='bbox 1637 1370 1713 1419; x_wconf 89' lang='lat' dir='ltr'><strong>die</strong></span> <span class='ocrx_word' id='word_1_85' title='bbox 1738 1371 1914 1419; x_wconf 87' lang='lat' dir='ltr'><strong>mensis</strong></span> <span class='ocrx_word' id='word_1_86' title='bbox 1949 1370 2197 1419; x_wconf 88' lang='lat' dir='ltr'><strong>Februarii</strong></span> <span class='ocrx_word' id='word_1_87' title='bbox 2235 1372 2310 1420; x_wconf 77' lang='lat' dir='ltr'><strong>afl.</strong></span> <span class='ocrx_word' id='word_1_88' title='bbox 2349 1373 2462 1421; x_wconf 77' lang='lat' dir='ltr'><strong>Dfii.</strong></span> 
     </span>
     <span class='ocr_line' id='line_1_9' title="bbox 518 1459 2464 1528; baseline 0 -17"><span class='ocrx_word' id='word_1_89' title='bbox 518 1463 766 1513; x_wconf 90' lang='lat' dir='ltr'><strong>millesimo</strong></span> <span class='ocrx_word' id='word_1_90' title='bbox 807 1462 1271 1527; x_wconf 91' lang='lat' dir='ltr'><strong>quadringentesimo</strong></span> <span class='ocrx_word' id='word_1_91' title='bbox 1311 1460 1723 1524; x_wconf 89' lang='lat' dir='ltr'><strong>tricesimoquinto</strong></span> <span class='ocrx_word' id='word_1_92' title='bbox 1761 1487 1772 1498; x_wconf 90' lang='lat'><strong>·</strong></span> <span class='ocrx_word' id='word_1_93' title='bbox 1811 1460 1877 1507; x_wconf 92' lang='lat' dir='ltr'><strong>Et</strong></span> <span class='ocrx_word' id='word_1_94' title='bbox 1914 1459 1984 1508; x_wconf 92' lang='lat' dir='ltr'><strong>sic</strong></span> <span class='ocrx_word' id='word_1_95' title='bbox 2021 1459 2189 1524; x_wconf 83' lang='lat' dir='ltr'><strong>incipit</strong></span> <span class='ocrx_word' id='word_1_96' title='bbox 2225 1478 2321 1510; x_wconf 91' lang='lat' dir='ltr'><strong>una</strong></span> <span class='ocrx_word' id='word_1_97' title='bbox 2350 1478 2464 1528; x_wconf 88' lang='lat' dir='ltr'><strong>exe-</strong></span> 
     </span>
     <span class='ocr_line' id='line_1_10' title="bbox 518 1548 2463 1615; baseline 0 -15"><span class='ocrx_word' id='word_1_98' title='bbox 518 1553 648 1602; x_wconf 91' lang='lat' dir='ltr'><strong>cutio</strong></span> <span class='ocrx_word' id='word_1_99' title='bbox 687 1554 736 1600; x_wconf 90' lang='lat' dir='ltr'><strong>in</strong></span> <span class='ocrx_word' id='word_1_100' title='bbox 774 1569 868 1601; x_wconf 92' lang='lat' dir='ltr'><strong>uno</strong></span> <span class='ocrx_word' id='word_1_101' title='bbox 903 1551 1055 1600; x_wconf 89' lang='lat' dir='ltr'><strong>latere</strong></span> <span class='ocrx_word' id='word_1_102' title='bbox 1094 1551 1318 1615; x_wconf 84' lang='lat' dir='ltr'><strong>marginis</strong></span> <span class='ocrx_word' id='word_1_103' title='bbox 1354 1550 1420 1598; x_wconf 91' lang='lat' dir='ltr'><strong>Et</strong></span> <span class='ocrx_word' id='word_1_104' title='bbox 1459 1566 1546 1613; x_wconf 90' lang='lat' dir='ltr'><strong>ego</strong></span> <span class='ocrx_word' id='word_1_105' title='bbox 1584 1548 1833 1598; x_wconf 92' lang='lat' dir='ltr'><strong>Donaldus</strong></span> <span class='ocrx_word' id='word_1_106' title='bbox 1871 1549 2127 1599; x_wconf 81' lang='lat' dir='ltr'><strong>Michaelis</strong></span> <span class='ocrx_word' id='word_1_107' title='bbox 2165 1550 2368 1602; x_wconf 84' lang='lat' dir='ltr'><strong>vicarius</strong></span> <span class='ocrx_word' id='word_1_108' title='bbox 2405 1554 2463 1600; x_wconf 91' lang='lat' dir='ltr'><strong>de</strong></span> 
     </span>
     <span class='ocr_line' id='line_1_11' title="bbox 521 1638 2464 1704; baseline 0.001 -14"><span class='ocrx_word' id='word_1_109' title='bbox 521 1643 732 1691; x_wconf 89' lang='lat' dir='ltr'><strong>Lethnot</strong></span> <span class='ocrx_word' id='word_1_110' title='bbox 771 1642 864 1690; x_wconf 87' lang='lat' dir='ltr'><strong>feci</strong></span> <span class='ocrx_word' id='word_1_111' title='bbox 906 1641 1239 1690; x_wconf 80' lang='lat' dir='ltr'><strong>executionem</strong></span> <span class='ocrx_word' id='word_1_112' title='bbox 1278 1667 1288 1679; x_wconf 92' lang='lat'><strong>·</strong></span> <span class='ocrx_word' id='word_1_113' title='bbox 1328 1668 1338 1678; x_wconf 91' lang='lat'><strong>·</strong></span> <span class='ocrx_word' id='word_1_114' title='bbox 1379 1667 1389 1677; x_wconf 89' lang='lat'><strong>·</strong></span> <span class='ocrx_word' id='word_1_115' title='bbox 1426 1639 1615 1704; x_wconf 91' lang='lat' dir='ltr'><strong>publice</strong></span> <span class='ocrx_word' id='word_1_116' title='bbox 1657 1639 1707 1686; x_wconf 91' lang='lat' dir='ltr'><strong>in</strong></span> <span class='ocrx_word' id='word_1_117' title='bbox 1749 1638 1954 1687; x_wconf 88' lang='lat' dir='ltr'><strong>ecclesia</strong></span> <span class='ocrx_word' id='word_1_118' title='bbox 1994 1640 2053 1687; x_wconf 92' lang='lat' dir='ltr'><strong>de</strong></span> <span class='ocrx_word' id='word_1_119' title='bbox 2095 1639 2305 1690; x_wconf 89' lang='lat' dir='ltr'><strong>Lethnot</strong></span> <span class='ocrx_word' id='word_1_120' title='bbox 2346 1642 2464 1692; x_wconf 86' lang='lat' dir='ltr'><strong>hora</strong></span> 
     </span>
     <span class='ocr_line' id='line_1_12' title="bbox 519 1728 2466 1796; baseline 0.002 -17"><span class='ocrx_word' id='word_1_121' title='bbox 519 1731 662 1781; x_wconf 89' lang='lat' dir='ltr'><strong>misse</strong></span> <span class='ocrx_word' id='word_1_122' title='bbox 686 1730 1103 1796; x_wconf 89' lang='lat' dir='ltr'><strong>parrochianorum</strong></span> <span class='ocrx_word' id='word_1_123' title='bbox 1129 1729 1176 1776; x_wconf 92' lang='lat' dir='ltr'><strong>in</strong></span> <span class='ocrx_word' id='word_1_124' title='bbox 1203 1729 1279 1777; x_wconf 90' lang='lat' dir='ltr'><strong>die</strong></span> <span class='ocrx_word' id='word_1_125' title='bbox 1314 1728 1658 1793; x_wconf 89' lang='lat' dir='ltr'><strong>purificationis</strong></span> <span class='ocrx_word' id='word_1_126' title='bbox 1691 1732 1853 1778; x_wconf 89' lang='lat' dir='ltr'><strong>nostre</strong></span> <span class='ocrx_word' id='word_1_127' title='bbox 1890 1729 2078 1776; x_wconf 90' lang='lat' dir='ltr'><strong>domine</strong></span> <span class='ocrx_word' id='word_1_128' title='bbox 2116 1757 2126 1767; x_wconf 87' lang='lat'><strong>·</strong></span> <span class='ocrx_word' id='word_1_129' title='bbox 2166 1759 2175 1768; x_wconf 93' lang='lat'>-</span> <span class='ocrx_word' id='word_1_130' title='bbox 2215 1759 2225 1768; x_wconf 90' lang='lat'><strong>·</strong></span> <span class='ocrx_word' id='word_1_131' title='bbox 2261 1733 2466 1782; x_wconf 89' lang='lat' dir='ltr'><strong>testibus</strong></span> 
     </span>
     <span class='ocr_line' id='line_1_13' title="bbox 521 1817 2464 1886; baseline 0.001 -18"><span class='ocrx_word' id='word_1_132' title='bbox 521 1820 773 1886; x_wconf 87' lang='lat' dir='ltr'><strong>parrochia</strong></span> <span class='ocrx_word' id='word_1_133' title='bbox 807 1824 857 1868; x_wconf 92' lang='lat' dir='ltr'><strong>et</strong></span> <span class='ocrx_word' id='word_1_134' title='bbox 895 1818 1177 1868; x_wconf 87' lang='lat' dir='ltr'><strong>Alexandro</strong></span> <span class='ocrx_word' id='word_1_135' title='bbox 1214 1817 1439 1881; x_wconf 84' lang='lat' dir='ltr'><strong>Stirlyng‚</strong></span> <span class='ocrx_word' id='word_1_136' title='bbox 1474 1818 1575 1866; x_wconf 89' lang='lat' dir='ltr'><strong>Jak</strong></span> <span class='ocrx_word' id='word_1_137' title='bbox 1611 1818 1664 1865; x_wconf 86' lang='lat' dir='ltr'><strong>of</strong></span> <span class='ocrx_word' id='word_1_138' title='bbox 1696 1818 1896 1873; x_wconf 80' lang='lat' dir='ltr'><strong>Mames&#39;,</strong></span> <span class='ocrx_word' id='word_1_139' title='bbox 1930 1818 2153 1867; x_wconf 87' lang='lat' dir='ltr'><strong>Johanne</strong></span> <span class='ocrx_word' id='word_1_140' title='bbox 2190 1821 2464 1878; x_wconf 90' lang='lat' dir='ltr'><strong>Archibald,</strong></span> 
     </span>
     <span class='ocr_line' id='line_1_14' title="bbox 525 1908 2465 1973; baseline 0.001 -14"><span class='ocrx_word' id='word_1_141' title='bbox 525 1917 574 1960; x_wconf 89' lang='lat' dir='ltr'><strong>et</strong></span> <span class='ocrx_word' id='word_1_142' title='bbox 597 1912 630 1959; x_wconf 81' lang='lat' dir='ltr'><strong>,J</strong></span> <span class='ocrx_word' id='word_1_143' title='bbox 635 1911 818 1959; x_wconf 87' lang='lat' dir='ltr'><strong>ohanne</strong></span> <span class='ocrx_word' id='word_1_144' title='bbox 845 1909 1065 1973; x_wconf 90' lang='lat' dir='ltr'><strong>Hugonis</strong></span> <span class='ocrx_word' id='word_1_145' title='bbox 1088 1925 1193 1957; x_wconf 92' lang='lat' dir='ltr'><strong>cum</strong></span> <span class='ocrx_word' id='word_1_146' title='bbox 1220 1908 1383 1957; x_wconf 89' lang='lat' dir='ltr'><strong>multis</strong></span> <span class='ocrx_word' id='word_1_147' title='bbox 1407 1908 1515 1957; x_wconf 89' lang='lat' dir='ltr'><strong>aliis</strong></span> <span class='ocrx_word' id='word_1_148' title='bbox 1553 1936 1562 1946; x_wconf 92' lang='lat'><strong>·</strong></span> <span class='ocrx_word' id='word_1_149' title='bbox 1601 1909 1660 1956; x_wconf 93' lang='lat' dir='ltr'><strong>In</strong></span> <span class='ocrx_word' id='word_1_150' title='bbox 1685 1908 1869 1971; x_wconf 90' lang='lat' dir='ltr'><strong>signum</strong></span> <span class='ocrx_word' id='word_1_151' title='bbox 1894 1908 2028 1957; x_wconf 91' lang='lat' dir='ltr'><strong>cuius</strong></span> <span class='ocrx_word' id='word_1_152' title='bbox 2050 1909 2285 1972; x_wconf 89' lang='lat' dir='ltr'><strong>signetum</strong></span> <span class='ocrx_word' id='word_1_153' title='bbox 2308 1927 2465 1960; x_wconf 89' lang='lat' dir='ltr'><strong>meum</strong></span> 
     </span>
     <span class='ocr_line' id='line_1_15' title="bbox 526 1997 2466 2064; baseline 0 -15"><span class='ocrx_word' id='word_1_154' title='bbox 526 2006 599 2050; x_wconf 89' lang='lat' dir='ltr'><strong>est</strong></span> <span class='ocrx_word' id='word_1_155' title='bbox 622 2002 815 2049; x_wconf 87' lang='lat' dir='ltr'><strong>affixum</strong></span> <span class='ocrx_word' id='word_1_156' title='bbox 839 2000 964 2063; x_wconf 88' lang='lat' dir='ltr'><strong>apud</strong></span> <span class='ocrx_word' id='word_1_157' title='bbox 992 1999 1202 2047; x_wconf 89' lang='lat' dir='ltr'><strong>Lethnot</strong></span> <span class='ocrx_word' id='word_1_158' title='bbox 1226 1998 1374 2047; x_wconf 86' lang='lat' dir='ltr'><strong>tertia</strong></span> <span class='ocrx_word' id='word_1_159' title='bbox 1409 1998 1485 2046; x_wconf 90' lang='lat' dir='ltr'><strong>die</strong></span> <span class='ocrx_word' id='word_1_160' title='bbox 1524 1997 1773 2045; x_wconf 88' lang='lat' dir='ltr'><strong>Februarii</strong></span> <span class='ocrx_word' id='word_1_161' title='bbox 1811 2025 1821 2035; x_wconf 92' lang='lat'><strong>·</strong></span> <span class='ocrx_word' id='word_1_162' title='bbox 1861 2025 1870 2035; x_wconf 92' lang='lat'><strong>·</strong></span> <span class='ocrx_word' id='word_1_163' title='bbox 1910 2026 1920 2035; x_wconf 84' lang='lat'>-</span> <span class='ocrx_word' id='word_1_164' title='bbox 1958 1998 2024 2046; x_wconf 91' lang='lat' dir='ltr'><strong>Et</strong></span> <span class='ocrx_word' id='word_1_165' title='bbox 2062 1999 2131 2047; x_wconf 93' lang='lat' dir='ltr'><strong>sic</strong></span> <span class='ocrx_word' id='word_1_166' title='bbox 2169 1999 2335 2064; x_wconf 89' lang='lat' dir='ltr'><strong>incipit</strong></span> <span class='ocrx_word' id='word_1_167' title='bbox 2372 2001 2466 2049; x_wconf 89' lang='lat' dir='ltr'><strong>alia</strong></span> 
     </span>
     <span class='ocr_line' id='line_1_16' title="bbox 526 2086 2468 2154; baseline -0.001 -14"><span class='ocrx_word' id='word_1_168' title='bbox 526 2091 746 2141; x_wconf 84' lang='lat' dir='ltr'><strong>executio</strong></span> <span class='ocrx_word' id='word_1_169' title='bbox 770 2091 817 2138; x_wconf 89' lang='lat' dir='ltr'><strong>in</strong></span> <span class='ocrx_word' id='word_1_170' title='bbox 843 2090 994 2138; x_wconf 89' lang='lat' dir='ltr'><strong>latere</strong></span> <span class='ocrx_word' id='word_1_171' title='bbox 1018 2089 1254 2152; x_wconf 87' lang='lat' dir='ltr'><strong>marginis,</strong></span> <span class='ocrx_word' id='word_1_172' title='bbox 1282 2089 1347 2137; x_wconf 94' lang='lat' dir='ltr'><strong>Et</strong></span> <span class='ocrx_word' id='word_1_173' title='bbox 1372 2104 1459 2151; x_wconf 88' lang='lat' dir='ltr'><strong>ego</strong></span> <span class='ocrx_word' id='word_1_174' title='bbox 1485 2087 1726 2136; x_wconf 90' lang='lat' dir='ltr'><strong>Robertus</strong></span> <span class='ocrx_word' id='word_1_175' title='bbox 1750 2087 1808 2134; x_wconf 90' lang='lat' dir='ltr'><strong>de</strong></span> <span class='ocrx_word' id='word_1_176' title='bbox 1835 2086 2032 2150; x_wconf 89' lang='lat' dir='ltr'><strong>Mernys</strong></span> <span class='ocrx_word' id='word_1_177' title='bbox 2056 2088 2328 2152; x_wconf 89' lang='lat' dir='ltr'><strong>capellanus</strong></span> <span class='ocrx_word' id='word_1_178' title='bbox 2361 2107 2468 2154; x_wconf 91' lang='lat' dir='ltr'><strong>par-</strong></span> 
     </span>
     <span class='ocr_line' id='line_1_17' title="bbox 525 2179 2465 2243; baseline -0.001 -10"><span class='ocrx_word' id='word_1_179' title='bbox 525 2183 748 2234; x_wconf 88' lang='lat' dir='ltr'><strong>rochialis</strong></span> <span class='ocrx_word' id='word_1_180' title='bbox 795 2185 853 2231; x_wconf 94' lang='lat' dir='ltr'><strong>de</strong></span> <span class='ocrx_word' id='word_1_181' title='bbox 900 2182 1108 2230; x_wconf 91' lang='lat' dir='ltr'><strong>Brechin</strong></span> <span class='ocrx_word' id='word_1_182' title='bbox 1155 2181 1248 2229; x_wconf 91' lang='lat' dir='ltr'><strong>feci</strong></span> <span class='ocrx_word' id='word_1_183' title='bbox 1295 2181 1626 2229; x_wconf 87' lang='lat' dir='ltr'><strong>executionem</strong></span> <span class='ocrx_word' id='word_1_184' title='bbox 1666 2208 1675 2218; x_wconf 89' lang='lat'><strong>·</strong></span> <span class='ocrx_word' id='word_1_185' title='bbox 1715 2208 1726 2218; x_wconf 88' lang='lat'><strong>·</strong></span> <span class='ocrx_word' id='word_1_186' title='bbox 1765 2208 1776 2218; x_wconf 91' lang='lat'><strong>·</strong></span> <span class='ocrx_word' id='word_1_187' title='bbox 1812 2179 2001 2243; x_wconf 93' lang='lat' dir='ltr'><strong>publice</strong></span> <span class='ocrx_word' id='word_1_188' title='bbox 2048 2181 2096 2228; x_wconf 93' lang='lat' dir='ltr'><strong>in</strong></span> <span class='ocrx_word' id='word_1_189' title='bbox 2144 2182 2347 2232; x_wconf 91' lang='lat' dir='ltr'><strong>ecclesia</strong></span> <span class='ocrx_word' id='word_1_190' title='bbox 2408 2186 2465 2232; x_wconf 90' lang='lat' dir='ltr'><strong>de</strong></span> 
     </span>
     <span class='ocr_line' id='line_1_18' title="bbox 527 2269 2468 2335; baseline 0 -13"><span class='ocrx_word' id='word_1_191' title='bbox 527 2274 732 2322; x_wconf 90' lang='lat' dir='ltr'><strong>Brechin</strong></span> <span class='ocrx_word' id='word_1_192' title='bbox 762 2274 879 2320; x_wconf 89' lang='lat' dir='ltr'><strong>hora</strong></span> <span class='ocrx_word' id='word_1_193' title='bbox 915 2272 1056 2320; x_wconf 90' lang='lat' dir='ltr'><strong>misse</strong></span> <span class='ocrx_word' id='word_1_194' title='bbox 1091 2270 1508 2335; x_wconf 88' lang='lat' dir='ltr'><strong>parrochianorum</strong></span> <span class='ocrx_word' id='word_1_195' title='bbox 1534 2274 1584 2318; x_wconf 92' lang='lat' dir='ltr'><strong>et</strong></span> <span class='ocrx_word' id='word_1_196' title='bbox 1609 2269 1656 2316; x_wconf 94' lang='lat' dir='ltr'><strong>in</strong></span> <span class='ocrx_word' id='word_1_197' title='bbox 1680 2269 1922 2333; x_wconf 88' lang='lat' dir='ltr'><strong>presentia</strong></span> <span class='ocrx_word' id='word_1_198' title='bbox 1945 2286 2106 2318; x_wconf 88' lang='lat' dir='ltr'><strong>eorum</strong></span> <span class='ocrx_word' id='word_1_199' title='bbox 2144 2271 2192 2319; x_wconf 91' lang='lat' dir='ltr'><strong>in</strong></span> <span class='ocrx_word' id='word_1_200' title='bbox 2233 2274 2468 2323; x_wconf 86' lang='lat' dir='ltr'><strong>dominico</strong></span> 
     </span>
     <span class='ocr_line' id='line_1_19' title="bbox 527 2359 2466 2427; baseline 0 -16"><span class='ocrx_word' id='word_1_201' title='bbox 527 2365 604 2411; x_wconf 89' lang='lat' dir='ltr'><strong>die</strong></span> <span class='ocrx_word' id='word_1_202' title='bbox 639 2366 748 2427; x_wconf 91' lang='lat' dir='ltr'><strong>post</strong></span> <span class='ocrx_word' id='word_1_203' title='bbox 784 2363 947 2410; x_wconf 91' lang='lat' dir='ltr'><strong>datum</strong></span> <span class='ocrx_word' id='word_1_204' title='bbox 983 2359 1274 2424; x_wconf 87' lang='lat' dir='ltr'><strong>presentium</strong></span> <span class='ocrx_word' id='word_1_205' title='bbox 1312 2388 1322 2398; x_wconf 87' lang='lat'><strong>·</strong></span> <span class='ocrx_word' id='word_1_206' title='bbox 1362 2387 1372 2397; x_wconf 90' lang='lat'><strong>·</strong></span> <span class='ocrx_word' id='word_1_207' title='bbox 1412 2387 1422 2397; x_wconf 92' lang='lat'><strong>·</strong></span> <span class='ocrx_word' id='word_1_208' title='bbox 1459 2359 1767 2408; x_wconf 87' lang='lat' dir='ltr'><strong>Presentibus</strong></span> <span class='ocrx_word' id='word_1_209' title='bbox 1806 2359 2037 2408; x_wconf 87' lang='lat' dir='ltr'><strong>Nicholao</strong></span> <span class='ocrx_word' id='word_1_210' title='bbox 2079 2360 2207 2424; x_wconf 85' lang='lat' dir='ltr'><strong>Kyd,</strong></span> <span class='ocrx_word' id='word_1_211' title='bbox 2244 2362 2278 2408; x_wconf 80' lang='lat' dir='ltr'><strong>J</strong></span> <span class='ocrx_word' id='word_1_212' title='bbox 2283 2363 2466 2411; x_wconf 90' lang='lat' dir='ltr'><strong>ohanne</strong></span> 
     </span>
     <span class='ocr_line' id='line_1_20' title="bbox 529 2447 2466 2515; baseline 0.001 -15"><span class='ocrx_word' id='word_1_213' title='bbox 529 2453 696 2515; x_wconf 85' lang='lat' dir='ltr'><strong>Mudy,</strong></span> <span class='ocrx_word' id='word_1_214' title='bbox 731 2451 764 2498; x_wconf 90' lang='lat' dir='ltr'><strong>J</strong></span> <span class='ocrx_word' id='word_1_215' title='bbox 769 2451 953 2499; x_wconf 89' lang='lat' dir='ltr'><strong>ohanne</strong></span> <span class='ocrx_word' id='word_1_216' title='bbox 990 2449 1222 2512; x_wconf 90' lang='lat' dir='ltr'><strong>Stephani</strong></span> <span class='ocrx_word' id='word_1_217' title='bbox 1257 2453 1306 2497; x_wconf 91' lang='lat' dir='ltr'><strong>et</strong></span> <span class='ocrx_word' id='word_1_218' title='bbox 1343 2448 1506 2496; x_wconf 90' lang='lat' dir='ltr'><strong>Dauid</strong></span> <span class='ocrx_word' id='word_1_219' title='bbox 1543 2448 1723 2496; x_wconf 88' lang='lat' dir='ltr'><strong>Thome</strong></span> <span class='ocrx_word' id='word_1_220' title='bbox 1759 2463 1865 2496; x_wconf 91' lang='lat' dir='ltr'><strong>cum</strong></span> <span class='ocrx_word' id='word_1_221' title='bbox 1900 2447 2114 2512; x_wconf 90' lang='lat' dir='ltr'><strong>pluribus</strong></span> <span class='ocrx_word' id='word_1_222' title='bbox 2151 2449 2258 2499; x_wconf 90' lang='lat' dir='ltr'><strong>aliis</strong></span> <span class='ocrx_word' id='word_1_223' title='bbox 2295 2479 2305 2489; x_wconf 87' lang='lat'><strong>·</strong></span> <span class='ocrx_word' id='word_1_224' title='bbox 2341 2456 2466 2501; x_wconf 87' lang='lat' dir='ltr'><strong>teste</strong></span> 
     </span>
     <span class='ocr_line' id='line_1_21' title="bbox 528 2536 2467 2605; baseline 0 -15"><span class='ocrx_word' id='word_1_225' title='bbox 528 2558 670 2591; x_wconf 89' lang='lat' dir='ltr'><strong>manu</strong></span> <span class='ocrx_word' id='word_1_226' title='bbox 694 2540 886 2605; x_wconf 89' lang='lat' dir='ltr'><strong>propria</strong></span> <span class='ocrx_word' id='word_1_227' title='bbox 920 2555 1025 2587; x_wconf 91' lang='lat' dir='ltr'><strong>cum</strong></span> <span class='ocrx_word' id='word_1_228' title='bbox 1062 2537 1216 2601; x_wconf 88' lang='lat' dir='ltr'><strong>sigillo</strong></span> <span class='ocrx_word' id='word_1_229' title='bbox 1250 2538 1442 2602; x_wconf 90' lang='lat' dir='ltr'><strong>proprio</strong></span> <span class='ocrx_word' id='word_1_230' title='bbox 1476 2538 1602 2601; x_wconf 91' lang='lat' dir='ltr'><strong>apud</strong></span> <span class='ocrx_word' id='word_1_231' title='bbox 1641 2536 1848 2584; x_wconf 88' lang='lat' dir='ltr'><strong>Brechin</strong></span> <span class='ocrx_word' id='word_1_232' title='bbox 1886 2537 2089 2600; x_wconf 88' lang='lat' dir='ltr'><strong>septimo</strong></span> <span class='ocrx_word' id='word_1_233' title='bbox 2130 2539 2207 2586; x_wconf 86' lang='lat' dir='ltr'><strong>die</strong></span> <span class='ocrx_word' id='word_1_234' title='bbox 2245 2539 2467 2591; x_wconf 81' lang='lat' dir='ltr'><strong>instantis</strong></span> 
     </span>
     <span class='ocr_line' id='line_1_22' title="bbox 528 2625 2467 2690; baseline -0.001 -10"><span class='ocrx_word' id='word_1_235' title='bbox 528 2631 703 2680; x_wconf 86' lang='lat' dir='ltr'><strong>mensis</strong></span> <span class='ocrx_word' id='word_1_236' title='bbox 727 2628 975 2677; x_wconf 88' lang='lat' dir='ltr'><strong>Februarii</strong></span> <span class='ocrx_word' id='word_1_237' title='bbox 998 2628 1047 2674; x_wconf 93' lang='lat' dir='ltr'><strong>in</strong></span> <span class='ocrx_word' id='word_1_238' title='bbox 1070 2626 1286 2690; x_wconf 89' lang='lat' dir='ltr'><strong>predicto</strong></span> <span class='ocrx_word' id='word_1_239' title='bbox 1310 2642 1435 2673; x_wconf 91' lang='lat' dir='ltr'><strong>anno</strong></span> <span class='ocrx_word' id='word_1_240' title='bbox 1473 2653 1483 2663; x_wconf 91' lang='lat'><strong>·</strong></span> <span class='ocrx_word' id='word_1_241' title='bbox 1523 2654 1533 2663; x_wconf 89' lang='lat'><strong>·</strong></span> <span class='ocrx_word' id='word_1_242' title='bbox 1572 2628 1598 2663; x_wconf 76' lang='lat'><strong>·&#39;</strong></span> <span class='ocrx_word' id='word_1_243' title='bbox 1722 2626 1829 2680; x_wconf 81' lang='lat' dir='ltr'><strong>Qua</strong></span> <span class='ocrx_word' id='word_1_244' title='bbox 1865 2625 2089 2689; x_wconf 91' lang='lat' dir='ltr'><strong>perlecta,</strong></span> <span class='ocrx_word' id='word_1_245' title='bbox 2115 2627 2260 2675; x_wconf 87' lang='lat' dir='ltr'><strong>iudex</strong></span> <span class='ocrx_word' id='word_1_246' title='bbox 2299 2631 2358 2677; x_wconf 87' lang='lat' dir='ltr'><strong>ad</strong></span> <span class='ocrx_word' id='word_1_247' title='bbox 2398 2632 2467 2679; x_wconf 93' lang='lat' dir='ltr'><strong>in-</strong></span> 
     </span>
     <span class='ocr_line' id='line_1_23' title="bbox 527 2714 2465 2780; baseline -0.002 -10"><span class='ocrx_word' id='word_1_248' title='bbox 527 2720 754 2770; x_wconf 89' lang='lat' dir='ltr'><strong>stantiam</strong></span> <span class='ocrx_word' id='word_1_249' title='bbox 780 2717 896 2765; x_wconf 91' lang='lat' dir='ltr'><strong>dicti</strong></span> <span class='ocrx_word' id='word_1_250' title='bbox 919 2714 1255 2780; x_wconf 88' lang='lat' dir='ltr'><strong>procuratoris,</strong></span> <span class='ocrx_word' id='word_1_251' title='bbox 1280 2718 1532 2763; x_wconf 89' lang='lat' dir='ltr'><strong>contentos</strong></span> <span class='ocrx_word' id='word_1_252' title='bbox 1569 2714 1617 2761; x_wconf 91' lang='lat' dir='ltr'><strong>in</strong></span> <span class='ocrx_word' id='word_1_253' title='bbox 1657 2714 1787 2762; x_wconf 90' lang='lat' dir='ltr'><strong>dicta</strong></span> <span class='ocrx_word' id='word_1_254' title='bbox 1826 2714 2069 2764; x_wconf 87' lang='lat' dir='ltr'><strong>citationis</strong></span> <span class='ocrx_word' id='word_1_255' title='bbox 2106 2717 2274 2764; x_wconf 91' lang='lat' dir='ltr'><strong>cedula</strong></span> <span class='ocrx_word' id='word_1_256' title='bbox 2308 2721 2465 2767; x_wconf 87' lang='lat' dir='ltr'><strong>vocari</strong></span> 
     </span>
     <span class='ocr_line' id='line_1_24' title="bbox 527 2801 2464 2866; baseline -0.001 -8"><span class='ocrx_word' id='word_1_257' title='bbox 527 2810 643 2859; x_wconf 87' lang='lat' dir='ltr'><strong>fecit</strong></span> <span class='ocrx_word' id='word_1_258' title='bbox 681 2837 691 2846; x_wconf 92' lang='lat'><strong>·</strong></span> <span class='ocrx_word' id='word_1_259' title='bbox 731 2807 914 2863; x_wconf 86' lang='lat' dir='ltr'><strong>Quibus</strong></span> <span class='ocrx_word' id='word_1_260' title='bbox 948 2805 1129 2853; x_wconf 83' lang='lat' dir='ltr'><strong>vocatis</strong></span> <span class='ocrx_word' id='word_1_261' title='bbox 1166 2803 1430 2866; x_wconf 89' lang='lat' dir='ltr'><strong>comparuit</strong></span> <span class='ocrx_word' id='word_1_262' title='bbox 1467 2801 1750 2851; x_wconf 83' lang='lat' dir='ltr'><strong>venerabilis</strong></span> <span class='ocrx_word' id='word_1_263' title='bbox 1783 2802 1855 2850; x_wconf 84' lang='lat' dir='ltr'><strong>vir</strong></span> <span class='ocrx_word' id='word_1_264' title='bbox 1882 2803 2115 2866; x_wconf 88' lang='lat' dir='ltr'><strong>Magister</strong></span> <span class='ocrx_word' id='word_1_265' title='bbox 2158 2805 2371 2856; x_wconf 88' lang='lat' dir='ltr'><strong>Jacobus</strong></span> <span class='ocrx_word' id='word_1_266' title='bbox 2406 2810 2464 2857; x_wconf 92' lang='lat' dir='ltr'><strong>de</strong></span> 
     </span>
     <span class='ocr_line' id='line_1_25' title="bbox 531 2890 2463 2962; baseline -0.002 -15"><span class='ocrx_word' id='word_1_267' title='bbox 531 2899 785 2962; x_wconf 85' lang='lat' dir='ltr'><strong>Lyndesay</strong></span> <span class='ocrx_word' id='word_1_268' title='bbox 830 2898 988 2943; x_wconf 89' lang='lat' dir='ltr'><strong>rector</strong></span> <span class='ocrx_word' id='word_1_269' title='bbox 1028 2891 1228 2940; x_wconf 88' lang='lat' dir='ltr'><strong>ecclesie</strong></span> <span class='ocrx_word' id='word_1_270' title='bbox 1269 2890 1581 2954; x_wconf 87' lang='lat' dir='ltr'><strong>parrochialis</strong></span> <span class='ocrx_word' id='word_1_271' title='bbox 1618 2891 1677 2938; x_wconf 91' lang='lat' dir='ltr'><strong>de</strong></span> <span class='ocrx_word' id='word_1_272' title='bbox 1717 2891 2000 2940; x_wconf 90' lang='lat' dir='ltr'><strong>Inchebrioc</strong></span> <span class='ocrx_word' id='word_1_273' title='bbox 2038 2899 2318 2956; x_wconf 89' lang='lat' dir='ltr'><strong>procurator</strong></span> <span class='ocrx_word' id='word_1_274' title='bbox 2355 2925 2364 2934; x_wconf 91' lang='lat'><strong>·</strong></span> <span class='ocrx_word' id='word_1_275' title='bbox 2405 2926 2414 2935; x_wconf 88' lang='lat'><strong>·</strong></span> <span class='ocrx_word' id='word_1_276' title='bbox 2455 2927 2463 2935; x_wconf 93' lang='lat'><em>-</em></span> 
     </span>
     <span class='ocr_line' id='line_1_26' title="bbox 532 2979 2466 3051; baseline -0.001 -15"><span class='ocrx_word' id='word_1_277' title='bbox 532 2986 754 3051; x_wconf 83' lang='lat' dir='ltr'><strong>Magistri</strong></span> <span class='ocrx_word' id='word_1_278' title='bbox 778 2983 936 3033; x_wconf 88' lang='lat' dir='ltr'><strong>Dauid</strong></span> <span class='ocrx_word' id='word_1_279' title='bbox 963 2983 1021 3030; x_wconf 92' lang='lat' dir='ltr'><strong>de</strong></span> <span class='ocrx_word' id='word_1_280' title='bbox 1046 2980 1215 3046; x_wconf 83' lang='lat' dir='ltr'><strong>Ogilvy</strong></span> <span class='ocrx_word' id='word_1_281' title='bbox 1238 2979 1438 3028; x_wconf 89' lang='lat' dir='ltr'><strong>rectoris</strong></span> <span class='ocrx_word' id='word_1_282' title='bbox 1462 2979 1588 3027; x_wconf 90' lang='lat' dir='ltr'><strong>dicte</strong></span> <span class='ocrx_word' id='word_1_283' title='bbox 1613 2979 1812 3028; x_wconf 89' lang='lat' dir='ltr'><strong>ecclesie</strong></span> <span class='ocrx_word' id='word_1_284' title='bbox 1850 2982 1909 3028; x_wconf 90' lang='lat' dir='ltr'><strong>de</strong></span> <span class='ocrx_word' id='word_1_285' title='bbox 1949 2982 2159 3031; x_wconf 91' lang='lat' dir='ltr'><strong>Lethnot</strong></span> <span class='ocrx_word' id='word_1_286' title='bbox 2194 2985 2466 3050; x_wconf 90' lang='lat' dir='ltr'><strong>principali-</strong></span> 
     </span>
     <span class='ocr_line' id='line_1_27' title="bbox 531 3068 2465 3132; baseline -0.002 -6"><span class='ocrx_word' id='word_1_287' title='bbox 531 3083 607 3126; x_wconf 83' lang='lat' dir='ltr'><strong>ter</strong></span> <span class='ocrx_word' id='word_1_288' title='bbox 628 3077 676 3123; x_wconf 89' lang='lat' dir='ltr'><strong>in</strong></span> <span class='ocrx_word' id='word_1_289' title='bbox 702 3075 832 3123; x_wconf 89' lang='lat' dir='ltr'><strong>dicta</strong></span> <span class='ocrx_word' id='word_1_290' title='bbox 854 3071 1083 3120; x_wconf 90' lang='lat' dir='ltr'><strong>citatione</strong></span> <span class='ocrx_word' id='word_1_291' title='bbox 1107 3069 1337 3118; x_wconf 90' lang='lat' dir='ltr'><strong>nominati</strong></span> <span class='ocrx_word' id='word_1_292' title='bbox 1376 3096 1386 3106; x_wconf 91' lang='lat'><strong>·</strong></span> <span class='ocrx_word' id='word_1_293' title='bbox 1423 3068 1500 3116; x_wconf 92' lang='lat' dir='ltr'><strong>De</strong></span> <span class='ocrx_word' id='word_1_294' title='bbox 1525 3068 1658 3117; x_wconf 89' lang='lat' dir='ltr'><strong>cuius</strong></span> <span class='ocrx_word' id='word_1_295' title='bbox 1681 3069 2028 3132; x_wconf 90' lang='lat' dir='ltr'><strong>procurationis</strong></span> <span class='ocrx_word' id='word_1_296' title='bbox 2061 3073 2287 3121; x_wconf 90' lang='lat' dir='ltr'><strong>mandato</strong></span> <span class='ocrx_word' id='word_1_297' title='bbox 2322 3075 2465 3124; x_wconf 90' lang='lat' dir='ltr'><strong>iudici</strong></span> 
     </span>
     <span class='ocr_line' id='line_1_28' title="bbox 533 3157 2466 3226; baseline -0.001 -12"><span class='ocrx_word' id='word_1_298' title='bbox 533 3164 784 3214; x_wconf 90' lang='lat' dir='ltr'><strong>constabat</strong></span> <span class='ocrx_word' id='word_1_299' title='bbox 817 3178 903 3226; x_wconf 88' lang='lat' dir='ltr'><strong>per</strong></span> <span class='ocrx_word' id='word_1_300' title='bbox 935 3159 1173 3225; x_wconf 89' lang='lat' dir='ltr'><strong>publicum</strong></span> <span class='ocrx_word' id='word_1_301' title='bbox 1209 3158 1574 3206; x_wconf 89' lang='lat' dir='ltr'><strong>instrumentum</strong></span> <span class='ocrx_word' id='word_1_302' title='bbox 1610 3157 1784 3204; x_wconf 88' lang='lat' dir='ltr'><strong>exinde</strong></span> <span class='ocrx_word' id='word_1_303' title='bbox 1809 3158 2075 3207; x_wconf 90' lang='lat' dir='ltr'><strong>confectum</strong></span> <span class='ocrx_word' id='word_1_304' title='bbox 2112 3176 2171 3208; x_wconf 88' lang='lat' dir='ltr'><strong>ac</strong></span> <span class='ocrx_word' id='word_1_305' title='bbox 2207 3162 2255 3209; x_wconf 90' lang='lat' dir='ltr'><strong>in</strong></span> <span class='ocrx_word' id='word_1_306' title='bbox 2291 3163 2466 3213; x_wconf 87' lang='lat' dir='ltr'><strong>iudicio</strong></span> 
     </span>
     <span class='ocr_line' id='line_1_29' title="bbox 532 3246 2466 3318; baseline -0.001 -16"><span class='ocrx_word' id='word_1_307' title='bbox 532 3253 808 3318; x_wconf 24' lang='lat' dir='ltr'><strong>perlectum„</strong></span> <span class='ocrx_word' id='word_1_308' title='bbox 831 3278 843 3288; x_wconf 92' lang='lat'><strong>·</strong></span> <span class='ocrx_word' id='word_1_309' title='bbox 878 3266 907 3297; x_wconf 92' lang='lat' dir='ltr'><strong>a</strong></span> <span class='ocrx_word' id='word_1_310' title='bbox 942 3248 1225 3313; x_wconf 88' lang='lat' dir='ltr'><strong>quoquidem</strong></span> <span class='ocrx_word' id='word_1_311' title='bbox 1261 3250 1566 3309; x_wconf 89' lang='lat' dir='ltr'><strong>procuratore</strong></span> <span class='ocrx_word' id='word_1_312' title='bbox 1604 3246 1778 3295; x_wconf 89' lang='lat' dir='ltr'><strong>Dictus</strong></span> <span class='ocrx_word' id='word_1_313' title='bbox 1815 3247 2047 3310; x_wconf 90' lang='lat' dir='ltr'><strong>Magister</strong></span> <span class='ocrx_word' id='word_1_314' title='bbox 2083 3248 2324 3301; x_wconf 89' lang='lat' dir='ltr'><strong>Robertus</strong></span> <span class='ocrx_word' id='word_1_315' title='bbox 2359 3289 2369 3299; x_wconf 92' lang='lat'><strong>.</strong></span> <span class='ocrx_word' id='word_1_316' title='bbox 2407 3289 2417 3299; x_wconf 91' lang='lat'><em>.</em></span> <span class='ocrx_word' id='word_1_317' title='bbox 2457 3291 2466 3300; x_wconf 91' lang='lat'>.</span> 
     </span>
     <span class='ocr_line' id='line_1_30' title="bbox 534 3335 2464 3409; baseline -0.001 -19"><span class='ocrx_word' id='word_1_318' title='bbox 534 3346 811 3409; x_wconf 85' lang='lat' dir='ltr'><strong>procurator</strong></span> <span class='ocrx_word' id='word_1_319' title='bbox 860 3367 871 3377; x_wconf 89' lang='lat'><strong>·</strong></span> <span class='ocrx_word' id='word_1_320' title='bbox 924 3367 934 3376; x_wconf 93' lang='lat'><em>-</em></span> <span class='ocrx_word' id='word_1_321' title='bbox 987 3366 996 3375; x_wconf 92' lang='lat'>·</span> <span class='ocrx_word' id='word_1_322' title='bbox 1056 3336 1232 3400; x_wconf 81' lang='lat' dir='ltr'><strong>dictam</strong></span> <span class='ocrx_word' id='word_1_323' title='bbox 1280 3351 1483 3382; x_wconf 86' lang='lat' dir='ltr'><strong>annuam</strong></span> <span class='ocrx_word' id='word_1_324' title='bbox 1520 3335 1792 3398; x_wconf 87' lang='lat' dir='ltr'><strong>pensionem</strong></span> <span class='ocrx_word' id='word_1_325' title='bbox 1841 3335 2006 3399; x_wconf 86' lang='lat' dir='ltr'><strong>viginti</strong></span> <span class='ocrx_word' id='word_1_326' title='bbox 2053 3341 2163 3386; x_wconf 91' lang='lat' dir='ltr'><strong>octo</strong></span> <span class='ocrx_word' id='word_1_327' title='bbox 2204 3355 2464 3389; x_wconf 88' lang='lat' dir='ltr'><strong>marcarum</strong></span> 
     </span>
    </p>
   </div>
  </div>
 </body>
</html>
