3016 3958
180 897 498 942 CCCXLIII.

185 1776 497 1820 CCCXLIV.

152 3142 490 3203 chCXLV.

1004 635 1321 691 OARTAE
1360 635 1697 693 MISCELL
1706 636 1989 695 ANEAE.
2353 643 2464 697 349

524 882 570 936 P
573 899 795 952 receptum
816 899 935 938 carte
963 896 1309 940 confirmationis
1340 911 1471 953 super
1500 901 1620 939 carta
1647 897 1888 940 feudifirme
1918 898 2036 941 facta
2063 913 2144 955 per
2172 899 2469 942 Alexandrum

522 975 872 1031 Brechynensem
906 976 1156 1032 episcopum
1187 991 1285 1018 cum
1313 991 1530 1019 consensu
1561 1008 1571 1019 .
1604 1008 1614 1019 .
1647 1009 1656 1019 .
1689 977 1868 1033 capituli
1898 981 1943 1021 et
1963 979 2268 1022 canonicorum
2289 979 2468 1022 ecclesie

521 1054 784 1097 cathedralis
805 1055 1123 1111 Brechynensis
1144 1055 1173 1098 J
1175 1055 1338 1098 ohanni
1361 1055 1623 1099 Stevinsoun
1654 1056 1699 1098 in
1730 1055 1954 1100 Drummis
1976 1058 2152 1114 suisque
2173 1059 2403 1102 heredibus
2426 1068 2470 1102 et

521 1134 758 1190 assignatis
789 1135 841 1176 de
871 1165 882 1176 .
919 1166 928 1176 .
962 1165 973 1175 .
1003 1134 1082 1176 illa
1110 1135 1247 1178 tercia
1276 1139 1401 1191 parte
1436 1134 1690 1193 [terrarum]
1722 1136 1775 1178 de
1806 1136 1954 1179 Eister
1983 1135 2208 1180 Drummis
2228 1152 2307 1194 per
2325 1138 2467 1195 ipsum

521 1228 599 1270 pro
621 1218 815 1270 tempore
845 1217 1056 1270 occupata
1075 1227 1126 1256 ac
1147 1214 1283 1257 tercia
1302 1218 1427 1270 parte
1447 1229 1566 1257 more
1598 1215 1729 1272 vulgo
1759 1215 1816 1257 lie
1847 1215 1974 1258 Firth
1996 1220 2147 1259 vocate
2175 1222 2219 1260 et
2249 1249 2260 1260 .
2292 1250 2302 1260 .
2336 1249 2345 1258 .
2378 1219 2469 1260 suis

520 1293 795 1350 pertinentiis
820 1292 1060 1348 jacentium
1090 1293 1136 1335 in
1166 1293 1356 1336 dominio
1377 1293 1673 1350 Brechynensi
1702 1294 1817 1337 infra
1836 1295 2183 1338 vicecomitatum
2204 1297 2257 1339 de
2278 1297 2435 1340 Forfar
2456 1314 2467 1347 3

518 1373 718 1416 tenendis
739 1373 791 1414 de
811 1373 981 1429 prefato
1003 1372 1203 1429 episcopo
1227 1373 1403 1429 suisque
1426 1374 1748 1417 successoribus
1768 1374 1813 1416 in
1833 1374 2078 1418 feudifirma
2109 1405 2120 1417 .
2152 1408 2162 1418 .
2194 1406 2203 1418 .
2236 1379 2282 1419 et
2300 1377 2468 1420 heredi-

518 1462 610 1500 tate
649 1457 968 1513 imperpetuum
1008 1460 1090 1499 etc.
1136 1457 1266 1513 Apud
1304 1457 1616 1501 Sanctandrois
1652 1462 1808 1514 quarto
1839 1458 1907 1501 die
1934 1459 2097 1502 mensis
2128 1460 2319 1517 Augusti
2350 1476 2463 1505 anno

520 1537 697 1580 Domini
719 1549 754 1580 M
775 1542 820 1579 v⁰
841 1537 1138 1594 octuagesimo
1161 1537 1312 1593 quinto
1344 1568 1355 1580 .

522 1769 792 1838 Preceptum
827 1784 947 1824 carte
977 1780 1321 1824 confirmationis
1351 1795 1483 1837 super
1512 1781 1680 1823 duabus
1711 1780 1845 1823 cartis
1875 1780 2151 1824 alienationis
2181 1782 2463 1838 subscriptis:

519 1875 608 1904 una.
628 1861 863 1903 earundem
884 1860 1001 1903 facta
1021 1875 1100 1916 per
1130 1860 1159 1902 J
1162 1861 1375 1902 ohannem
1407 1860 1594 1902 Erskine
1622 1860 1675 1902 de
1706 1859 1820 1903 van
1851 1860 1880 1902 J
1882 1861 2043 1903 ohanni
2066 1861 2252 1904 Erskine
2275 1876 2352 1905 suo
2373 1862 2463 1904 filio

514 1941 677 1997 juniori
696 1940 929 1983 heredibus
951 1940 1042 1982 suis
1062 1943 1107 1982 et
1127 1940 1364 1996 assignatis
1394 1940 1721 1996 quibuscunque
1742 1941 1795 1982 de
1829 1972 1839 1983 .
1870 1973 1880 1983 .
1913 1972 1922 1984 .
1954 1941 2083 1984 terris
2104 1942 2205 1983 ville
2235 1942 2288 1984 de
2318 1942 2463 1999 Eglis-

517 2022 645 2064 home
666 2034 763 2062 cum
783 2019 1059 2076 pertinentiis
1074 2019 1323 2074 jacentibus
1343 2019 1388 2060 in
1409 2020 1638 2075 parrochia
1656 2019 1709 2061 de
1730 2020 1880 2062 eodem
1900 2020 2014 2063 infra
2041 2021 2388 2064 vicecomitatum
2409 2023 2461 2064 de

518 2101 729 2149 Forfare3
765 2099 966 2142 tenendis
996 2099 1049 2141 de
1080 2098 1330 2140 Alexandro
1361 2098 1562 2154 episcopo
1594 2098 1876 2140 Brechinensi
1897 2103 1940 2142 et
1963 2100 2053 2142 suis
2075 2101 2395 2143 successoribus
2416 2102 2460 2143 in

512 2181 758 2224 feudifirma
778 2183 823 2222 et
842 2179 1085 2221 hereditate
1115 2178 1432 2234 imperpetuum
1463 2181 1572 2227 etc.;
1605 2178 1746 2220 altera
1775 2178 1987 2220 dictarum
2008 2182 2226 2221 cartarum
2246 2180 2364 2223 facta
2383 2195 2461 2237 per

511 2261 539 2304 J
543 2261 757 2304 ohannem
779 2257 1194 2301 commendatarium
1215 2257 1469 2300 monasterii
1499 2257 1552 2299 de
1583 2257 1880 2300 Abirbrothok
1911 2261 1954 2300 et
1985 2263 2246 2301 conuentum
2267 2260 2458 2303 eiusdem

507 2341 622 2384 dicto
644 2340 672 2382 J
675 2340 835 2383 ohanni
857 2338 1043 2380 Erskine
1060 2337 1150 2379 filio
1176 2336 1341 2392 juniori
1372 2336 1401 2378 J
1404 2336 1588 2379 ohannis
1610 2336 1796 2378 Erskine
1818 2336 1870 2378 de
1900 2336 2027 2379 Dune
2048 2338 2279 2380 heredibus
2301 2340 2391 2382 suis
2413 2346 2457 2383 et

507 2420 746 2477 assignatis
765 2419 1092 2475 quibuscunque
1112 2416 1164 2458 de
1197 2448 1207 2459 .
1239 2447 1250 2458 .
1283 2448 1293 2458 .
1325 2415 1509 2458 umbrali
1531 2415 1798 2458 dimidietate
1829 2447 1838 2458 .
1872 2448 1882 2458 .
1915 2447 1924 2459 .
1956 2420 2171 2459 terrarum
2192 2418 2244 2460 de
2267 2418 2456 2462 Heddir-

505 2502 592 2544 wik
624 2532 634 2542 .
666 2533 677 2542 .
709 2531 720 2543 .
751 2504 796 2542 et
810 2497 997 2540 umbi-ali
1012 2495 1279 2539 dimidietate
1310 2527 1320 2538 .
1353 2527 1362 2537 .
1398 2526 1408 2537 .
1437 2498 1654 2538 terrarum
1674 2494 1726 2536 de
1749 2494 1929 2551 Olaylek
1944 2509 2040 2537 cum
2063 2496 2155 2538 suis
2186 2527 2196 2539 .
2231 2529 2240 2538 .
2274 2528 2286 2539 .
2316 2499 2449 2554 perti-

505 2581 665 2624 nentiis
681 2579 921 2635 jacentium
941 2577 1055 2619 infra
1075 2576 1350 2633 regalitatem
1371 2575 1424 2617 de
1452 2574 1750 2617 Abirbrothok
1771 2579 1816 2617 et
1835 2575 2181 2619 vicecomitatum
2202 2577 2255 2619 de
2277 2577 2446 2627 Forfar,

504 2662 622 2704 facta
652 2674 730 2716 per
759 2657 1097 2714 resignationem
1118 2656 1310 2698 eiusdem
1331 2655 1375 2697 in
1406 2654 1607 2697 manibus
1627 2654 1730 2697 dieti
1751 2656 2105 2698 commendatarii
2136 2659 2181 2699 et
2211 2663 2451 2701 conuentus

509 2755 587 2798 per
606 2740 770 2782 dictum
791 2738 819 2780 J
823 2738 1038 2780 ohannem
1061 2735 1247 2778 Erskine
1269 2734 1322 2776 de
1344 2733 1445 2775 Dun
1468 2734 1514 2775 in
1534 2734 1728 2776 fauorem
1750 2733 1854 2776 dicti
1884 2734 1913 2776 J
1916 2735 2100 2778 ohannis
2130 2735 2224 2779 eius
2245 2737 2323 2778 filii
2355 2769 2367 2779 .
2399 2770 2408 2780 .
2443 2769 2454 2779 .

507 2821 639 2879 Apud
679 2818 919 2874 Striueling
951 2817 1114 2858 decimo
1147 2818 1302 2857 octauo
1339 2813 1407 2855 die
1444 2813 1606 2856 mensis
1641 2813 1829 2869 Augusti
1862 2827 1976 2856 anno
2012 2813 2187 2857 Domini
2222 2816 2451 2860 millesimo

509 2886 859 2958 quingentesimo
882 2895 1175 2952 octuagesimo
1197 2894 1349 2951 quinto
1381 2924 1392 2935 .

515 3129 560 3183 P
564 3143 787 3196 receptum
807 3142 926 3181 carte
946 3135 1287 3179 confirmationis
1319 3148 1450 3191 super
1479 3137 1601 3177 carta
1629 3132 1869 3175 feudifirme
1900 3133 2017 3175 facta
2035 3148 2113 3189 per
2133 3134 2349 3190 quondam
2380 3135 2456 3177 Jo-

513 3222 702 3262 hannem
733 3250 743 3261 .
776 3249 786 3261 .
820 3249 830 3260 .
862 3217 1202 3259 Brechinensem
1243 3215 1490 3271 episcopum
1531 3227 1627 3255 cum
1668 3225 1882 3254 consensu
1916 3243 1924 3253 .
1958 3244 1967 3255 .
2001 3243 2011 3254 .
2043 3213 2221 3269 capituli
2262 3214 2451 3255 eiusdem

510 3299 763 3342 Alexandro
787 3298 952 3353 Irwing
978 3296 1069 3338 filio
1102 3299 1147 3338 et
1181 3294 1409 3351 apparenti
1438 3293 1586 3335 heredi
1618 3291 1857 3334 Alexandri
1890 3290 2055 3349 Irwing
2086 3292 2138 3334 de
2172 3291 2309 3334 Drum
2331 3293 2454 3335 here-

509 3380 636 3422 dibus
669 3378 759 3421 suis
791 3381 837 3420 et
868 3375 1105 3432 assignatis
1136 3374 1188 3417 de
1219 3405 1230 3416 .
1265 3404 1275 3415 .
1308 3406 1317 3416 .
1349 3373 1477 3416 terris
1508 3372 1560 3414 de
1592 3371 1858 3414 Kirkdawch
1889 3370 2066 3415 ecclesie
2098 3371 2380 3428 parrochialis
2400 3372 2452 3414 de
