3016 3958
990 606 1309 664 CARTAE
1348 604 1977 662 MISOELLANEAE.
2342 606 2453 664 367

511 869 646 912 Carta
664 871 881 911 terrarum
901 867 956 910 de
978 866 1217 911 Muretoun
1237 867 1435 910 Arthuro
1458 866 1669 909 Stratoun
1700 897 1711 908 .

150 1028 479 1071 CCCLXXXI.
507 1017 710 1072 Jacobus
741 1060 749 1071 .
789 1060 799 1070 .
831 1059 841 1070 .
873 1041 955 1070 nos
993 1059 1003 1069 .
1044 1058 1053 1068 .
1091 1057 1103 1068 .
1140 1007 1435 1069 concessimus
1471 1057 1480 1069 .
1521 1055 1532 1067 .
1570 1058 1580 1068 .
1619 1024 1815 1068 Arthuro
1857 1023 2068 1067 Stratoun
2107 1023 2198 1067 filio
2238 1023 2452 1080 legittimo

507 1108 695 1151 secundo
716 1107 865 1165 genito
886 1106 1072 1150 Arthuri
1096 1105 1306 1149 Stratoun
1336 1106 1388 1148 de
1420 1104 1641 1161 Kirksyde
1673 1103 1848 1160 suisque
1877 1103 2110 1147 heredibus
2140 1107 2186 1147 et
2214 1103 2453 1160 assignatis

505 1189 831 1245 quibuscunque
866 1219 875 1229 .
907 1220 917 1230 .
950 1219 960 1230 .
993 1190 1136 1230 terras
1162 1186 1215 1228 de
1244 1185 1483 1228 Muretoun
1515 1215 1526 1226 .
1560 1215 1570 1226 .
1602 1217 1611 1227 .
1643 1184 1836 1227 iacentes
1865 1184 1912 1226 in
1942 1184 2124 1227 baronia
2159 1183 2254 1242 [de]
2286 1184 2453 1227 Kethik

504 1269 618 1310 infra
637 1267 986 1310 vicecomitatum
1007 1269 1205 1309 nostrum
1237 1265 1290 1307 de
1321 1264 1479 1307 Forfar
1510 1297 1519 1306 .
1554 1295 1563 1305 .
1597 1297 1606 1307 .
1638 1263 1897 1321 quequidem
1931 1293 1942 1304 .
1974 1296 1983 1306 .
2020 1295 2029 1305 .
2060 1263 2261 1320 perprius
2281 1264 2451 1319 prefato

506 1349 701 1391 Arthuro
741 1348 951 1391 Stratoun
985 1347 1040 1388 de
1076 1345 1296 1402 Kirksyde
1328 1378 1338 1388 .
1374 1377 1383 1387 .
1416 1377 1425 1388 .
1457 1345 1718 1387 hereditarie
1753 1345 2059 1401 pertinuerunt
2098 1358 2177 1401 per
2215 1345 2359 1401 ipsum
2399 1344 2452 1385 de

505 1429 706 1485 episcopo
744 1426 1018 1469 Brichinensi
1056 1457 1066 1467 .
1102 1457 1113 1468 .
1151 1455 1163 1467 .
1202 1428 1325 1469 tente
1366 1428 1410 1468 et
1446 1439 1556 1481 quas
1590 1425 1684 1481 ipse
1758 1457 1768 1467 .
1803 1453 1815 1465 .
1845 1424 1891 1466 in
1925 1425 2126 1468 manibus
2161 1425 2325 1468 nostris
2356 1456 2366 1467 .
2400 1456 2408 1466 .
2442 1457 2451 1466 .

504 1509 667 1551 virtute
701 1539 711 1549 .
743 1539 753 1550 .
786 1538 798 1549 .
828 1507 916 1550 acti
944 1504 1247 1549 annexationis
1278 1537 1287 1548 .
1323 1535 1333 1546 .
1366 1535 1377 1547 .
1406 1508 1625 1548 terrarum
1656 1504 2049 1547 ecclesiasticarum
2082 1534 2093 1546 .
2128 1537 2136 1547 .
2169 1534 2181 1546 .
2212 1504 2454 1561 resignauit

507 1618 518 1630 .
552 1619 562 1629 .
598 1620 606 1629 .
636 1601 715 1644 pro
747 1587 860 1630 bono
891 1619 901 1629 .
937 1618 946 1627 .
979 1615 991 1627 .
1022 1585 1207 1628 seruicio
1240 1618 1250 1627 .
1284 1615 1295 1626 .
1329 1614 1340 1626 .
1370 1584 1497 1628 nobis
1527 1599 1606 1641 per
1640 1585 1803 1628 dictum
1833 1585 2078 1627 Arthurum
2111 1617 2120 1627 .
2152 1617 2162 1627 .
2195 1615 2206 1625 .
2235 1584 2453 1639 juniorem

505 1669 690 1725 prestito
725 1697 737 1708 .
773 1699 782 1708 .
816 1697 826 1707 .
863 1665 1100 1708 Reddendo
1139 1664 1240 1707 inde
1280 1664 1509 1707 annuatim
1542 1697 1553 1707 .
1588 1696 1598 1707 .
1634 1696 1644 1706 .
1681 1677 1895 1706 summam
1935 1663 2068 1707 trium
2109 1663 2318 1706 librarum
2353 1695 2363 1706 .
2400 1696 2410 1707 .
2443 1697 2453 1706 .

505 1752 677 1791 monete
713 1746 837 1804 regni
869 1745 1011 1789 nostri
1043 1748 1255 1801 tanquam
1287 1744 1512 1800 antiquam
1543 1744 1714 1786 firmam
1749 1776 1759 1788 .
1797 1776 1806 1787 .
1839 1772 1853 1785 .
1884 1756 2070 1786 vnacum
2107 1756 2183 1785 sex
2218 1744 2453 1800 caponibus

506 1829 664 1872 saltem
685 1842 765 1885 pro
786 1826 983 1883 qualibet
1002 1825 1123 1882 petia
1153 1823 1388 1867 earundem
1420 1827 1518 1867 octo
1549 1823 1766 1874 denarios,
1799 1823 1946 1865 decem
1966 1822 2160 1879 -pultreis
2189 1823 2344 1866 saltem
2374 1838 2453 1879 pro

505 1909 701 1966 qualibet
720 1907 840 1964 petia.
860 1906 1094 1949 earundem
1117 1909 1305 1961 quatuor
1325 1903 1542 1954 denarios,
1565 1903 1706 1946 tribus
1727 1903 1956 1946 anseribus
1983 1903 2139 1946 saltem
2161 1917 2239 1959 pro
2261 1903 2454 1958 qualibet

504 1990 624 2045 petia
645 1988 880 2031 earundem
909 1985 1146 2030 octodecim
1176 1985 1379 2027 denarios
1412 2016 1420 2027 .
1456 2014 1466 2025 .
1498 2015 1508 2026 .
1540 1997 1591 2025 ac
1612 1997 1742 2025 vnam
1762 1982 1924 2026 bollam
1944 1997 2181 2039 granorum
2203 1986 2453 2026 vocatorum

506 2069 610 2111 hors
635 2082 763 2111 corne
796 2067 951 2110 saltem
974 2081 1052 2122 pro
1073 2065 1225 2108 eadem
1249 2069 1341 2107 tres
1373 2063 1533 2106 solidos
1561 2067 1606 2106 et
1636 2068 1825 2119 quatuor
1844 2063 2059 2113 denarios,
2093 2077 2260 2106 necnon
2291 2077 2455 2106 annua-

506 2149 586 2191 tim
621 2149 667 2190 in
697 2146 1098 2205 augmentationem
1129 2145 1269 2188 nostri
1300 2143 1486 2187 rentalis
1518 2157 1731 2186 summam
1761 2143 1895 2185 trium
1927 2142 2163 2185 solidorum
2194 2147 2239 2186 et
2269 2148 2456 2199 quatuor

507 2228 782 2271 denariorum
822 2230 995 2269 monete
1034 2224 1242 2282 predicte,
1287 2223 1558 2267 extendendo
1599 2223 1644 2264 in
1685 2223 1858 2279 integro
1897 2236 1977 2279 pro
2017 2222 2224 2279 predictis
2263 2255 2272 2264 .
2305 2255 2315 2265 .
2354 2254 2364 2267 .
2398 2225 2453 2266 ad

509 2322 722 2352 summam
751 2307 885 2349 trium
915 2306 1125 2348 librarum
1152 2304 1390 2348 octodecim
1422 2302 1658 2346 solidorum
1689 2306 1734 2345 et
1764 2309 1860 2345 octo
1892 2302 2168 2345 denariorum
2200 2302 2453 2346 soluendam

553 2418 563 2430 .
596 2420 606 2430 .
637 2387 693 2430 ad
724 2419 734 2429 .
768 2419 777 2429 .
812 2417 823 2428 .
852 2386 967 2428 festa
997 2418 1006 2427 .
1040 2416 1049 2427 .
1083 2418 1092 2427 .
1126 2384 1407 2427 Pentecostes
1444 2386 1490 2426 et
1532 2382 1681 2425 Sancti
1718 2382 1902 2424 Martini
1936 2414 1946 2424 .
1981 2414 1990 2425 .
2023 2415 2032 2424 .
2063 2396 2248 2425 vnacum
2286 2397 2454 2426 summa

508 2467 640 2510 trium
675 2465 911 2509 solidorum
942 2479 1021 2521 pro
1055 2463 1232 2520 ariagiis
1268 2463 1470 2519 cariagiis
1503 2476 1554 2505 ac
1585 2462 1684 2505 aliis
1715 2494 1725 2505 .
1758 2494 1768 2504 .
1804 2494 1813 2503 .
1845 2462 2041 2505 seruiciis
2071 2493 2080 2504 .
2115 2495 2124 2504 .
2155 2496 2164 2505 .
2195 2463 2241 2505 in
2281 2464 2455 2519 optione

511 2546 738 2597 soluentis,
778 2559 946 2587 necnon
987 2544 1073 2587 erit
1111 2544 1156 2585 in
1208 2543 1382 2600 optione
1420 2576 1429 2586 .
1469 2574 1479 2585 .
1519 2573 1530 2586 .
1563 2542 1880 2586 antedictorum
1899 2599 1904 2602 ἢ
1921 2542 2091 2588 soluere
2127 2574 2136 2584 .
2174 2575 2183 2585 .
2221 2576 2231 2586 .
2268 2557 2456 2599 capones

509 2626 705 2683 pultreas
725 2638 903 2668 anseres
923 2627 969 2667 et
988 2624 1149 2667 bollam
1169 2637 1405 2680 granorum
1426 2622 1497 2665 vel
1517 2622 1659 2678 pretia
1689 2654 1699 2665 .
1731 2654 1742 2665 .
1775 2654 1784 2664 .
1817 2623 2113 2679 suprascripta
2143 2654 2153 2664 .
2186 2655 2194 2664 .
2229 2655 2239 2665 .
2272 2636 2454 2665 vnacum

510 2705 703 2749 astrictis
738 2703 942 2746 multuris
976 2702 1222 2746 molendino
1262 2702 1316 2745 de
1357 2701 1537 2758 Mylden
1578 2702 1752 2745 vsitatis
1783 2735 1793 2745 .
1826 2734 1837 2744 .
1870 2734 1880 2744 .
1910 2702 2095 2745 acetiam
2136 2717 2235 2746 cum
2276 2703 2455 2746 seruitio

510 2785 684 2829 balliuis
719 2783 899 2828 dominii
934 2782 1231 2826 Brichinensis
1262 2815 1272 2826 .
1304 2815 1314 2824 .
1347 2813 1357 2824 .
1388 2782 1434 2824 in
1463 2782 1634 2838 guerris
1664 2795 1743 2824 seu
1773 2781 2034 2825 exercitibus
2064 2781 2227 2826 nostris
2250 2784 2458 2839 tempori-

511 2867 593 2908 bus
629 2864 855 2922 oportunis
887 2897 897 2907 .
930 2896 939 2906 .
974 2895 985 2905 .
1014 2863 1273 2920 duplicando
1306 2862 1522 2918 prefatam
1554 2875 1767 2920 summam
1798 2893 1809 2904 .
1844 2894 1853 2904 .
1886 2892 1897 2903 .
1927 2862 1973 2903 in
2008 2861 2190 2905 introitu
2225 2862 2456 2906 cuiuslibet

511 2946 684 2990 heredis
705 2945 879 2988 nomine
909 2944 1146 2987 feodifirme
1176 2945 1350 2986 tantum
1381 2974 1391 2985 .
1423 2941 1481 2985 Et
1504 2942 1541 2984 si
1566 2941 1800 2998 contigerit
1830 2972 1840 2985 .
1874 2973 1885 2983 .
1918 2973 1927 2984 .
1959 2941 2177 2997 predictos
2207 2941 2390 2986 deficere
2411 2943 2456 2985 in

515 3027 730 3070 solutione
761 3058 772 3068 .
808 3058 817 3067 .
851 3057 860 3067 .
892 3038 970 3081 per
996 3024 1106 3066 duos
1135 3023 1347 3066 terminos
1379 3021 1508 3065 simul
1527 3022 1573 3063 in
1602 3021 1782 3064 tertium
1812 3025 2118 3065 concurrentes
2149 3054 2158 3064 .
2193 3054 2202 3064 .
2236 3054 2246 3064 .
2277 3036 2457 3078 presens

515 3107 674 3150 locatio
708 3137 718 3148 .
754 3136 763 3146 .
795 3138 804 3147 .
836 3103 1052 3161 expirabit
1082 3136 1092 3146 .
1123 3103 1254 3159 Apud
1279 3101 1509 3158 Striuiling
1537 3100 1702 3143 decimo
1722 3101 1854 3144 tertio
1884 3101 1952 3142 die
1983 3101 2146 3144 mensis
2167 3100 2325 3144 Marcii
2343 3116 2458 3145 anno

518 3186 695 3230 Domini
740 3185 972 3228 millesimo
1013 3183 1362 3241 quingentesimo
1403 3181 1685 3239 nonagesimo
1719 3180 1849 3224 tertio
1897 3184 1943 3224 et
1986 3181 2111 3238 regni
2157 3181 2297 3224 nostri
2344 3196 2458 3225 anno

516 3267 721 3310 vicesimo
743 3264 925 3322 septimo
957 3296 968 3308 .
