3016 3958
563 633 675 692 272
1091 633 1410 688 CARTAE
1462 633 1564 686 DE
1616 631 2019 687 ECCLESIIS

565 814 698 855 robur
733 813 956 869 optineat3
997 813 1188 868 presenti
1226 812 1386 867 scripto
1423 810 1614 868 sigillum
1650 825 1794 853 meum
1829 811 2026 867 apposui,
2066 825 2233 853 necnon
2269 814 2314 852 et
2349 814 2514 853 cartam

566 893 728 936 domini
749 893 867 948 regis
888 906 1017 948 quam
1038 895 1164 948 pater
1193 906 1315 933 meus
1345 890 1511 941 habuit,
1548 891 1601 933 de
1638 890 1811 948 prefata
1831 894 1951 933 terra
1985 891 2030 932 in
2065 891 2266 933 manibus
2287 890 2515 933 memorati

567 972 729 1014 domini
762 971 966 1029 episcopi,
1002 975 1127 1028 patre
1160 986 1255 1014 meo
1291 976 1493 1028 presente
1531 975 1575 1014 et
1604 971 1869 1028 precipiente
1902 970 2062 1013 tradidi
2091 974 2137 1013 et
2167 969 2389 1026 resignaui
2419 984 2517 1026 per-

567 1056 699 1109 petuo
732 1091 739 1095 .
773 1052 842 1094 Ad
878 1053 1082 1095 maiorem
1118 1066 1222 1094 vero
1252 1051 1530 1094 securitatem
1560 1063 1606 1094 et
1634 1051 1763 1093 fidem
1795 1051 2014 1107 sepedicto
2044 1050 2220 1093 domino
2249 1049 2451 1106 episcopo
2472 1054 2518 1092 et

570 1133 662 1175 suis
693 1132 929 1188 assignatis
957 1132 1227 1181 faciendam3
1260 1145 1341 1187 ego
1373 1135 1418 1174 et
1448 1137 1574 1187 pater
1599 1145 1724 1185 ,meus
1755 1131 1799 1173 in
1829 1145 1964 1174 manu
1993 1131 2097 1173 dicti
2127 1130 2289 1173 domini
2326 1130 2517 1186 episcopi

570 1212 842 1255 affidauimus
862 1213 907 1254 in
928 1212 1110 1254 ecclesia
1130 1211 1425 1268 Brechynensi
1444 1226 1522 1267 pro
1545 1212 1669 1253 nobis
1690 1215 1735 1254 et
1755 1211 1956 1254 omnibus
1987 1210 2310 1254 successoribus
2331 1213 2376 1251 et
2395 1210 2519 1251 here-

573 1292 700 1334 dibus
721 1292 896 1342 nostris,
931 1305 1011 1333 nos
1047 1291 1361 1334 continenciam
1393 1291 1524 1333 huius
1557 1295 1675 1334 carte
1697 1291 1885 1333 fideliter
1920 1295 1965 1333 et
1997 1290 2091 1333 sine
2112 1289 2227 1332 malo
2248 1289 2424 1345 ingenio
2444 1289 2520 1331 ob-

574 1375 823 1414 servaturos
855 1402 866 1412 .
898 1371 956 1413 Et
986 1371 1222 1413 notandum
1254 1370 1367 1425 quod
1397 1371 1537 1426 prima
1566 1371 1635 1413 die
1666 1370 1949 1414 confectionis
1978 1371 2108 1412 huius
2138 1373 2256 1412 carte
2277 1369 2419 1425 recepi
2441 1383 2518 1424 pre

573 1452 780 1495 manibus·
792 1451 844 1493 de
865 1455 992 1507 pacto
1013 1450 1126 1506 quod
1148 1451 1350 1493 conuenit
1369 1450 1485 1493 inter
1504 1450 1725 1492 dominum
1747 1451 1997 1507 episcopum
2018 1454 2063 1493 et
2082 1463 2179 1500 me;
2208 1454 2301 1492 tres
2331 1462 2515 1499 marcas,

572 1534 617 1574 et
636 1531 690 1572 de
709 1531 883 1573 residuo
905 1530 1145 1572 satisfaciet
1164 1529 1268 1571 mihi
1290 1544 1368 1586 per
1389 1531 1523 1572 bonos
1544 1530 1711 1586 plegios
1742 1545 1851 1585 quos
1871 1529 2027 1572 admisi
2060 1560 2070 1571 .
2103 1529 2322 1577 Testibus,
2344 1527 2518 1570 domino

573 1610 780 1661 Roberto,
801 1611 974 1653 domino
1003 1611 1058 1652 A.
1090 1610 1378 1659 thesaurario,
1408 1610 1581 1652 domino
1616 1610 1799 1660 Thoma,
1832 1610 2006 1652 domino
2040 1608 2243 1651 Waltero
2263 1607 2515 1664 capellanis,

571 1691 746 1734 domino
776 1691 966 1733 Hervico
997 1690 1050 1732 de
1083 1688 1294 1740 Malevill,
1326 1689 1499 1731 domino
1532 1689 1718 1745 Symone
1749 1690 1910 1732 vicario
1943 1689 1996 1731 de
2029 1688 2220 1737 Fnrdvn,
2243 1686 2444 1729 Waltero
2465 1687 2518 1728 de

574 1770 803 1826 Lunkyrr'‚
830 1769 1030 1812 Waltero
1061 1768 1336 1819 Marescallo,
1360 1769 1551 1811 Henrico
1572 1769 1662 1811 filio
1684 1769 1712 1811 J
1715 1769 1869 1812 urdani
1891 1773 1936 1812 et
1956 1768 2054 1811 aliis
2084 1801 2095 1811 .
2130 1767 2267 1825 (A.D.
2295 1768 2515 1821 1218-22.)
