3016 3958
1062 635 1356 726 0waAE
1401 671 1901 727 ORIGINALES.
2351 680 2461 734 215
2525 678 2531 684 ·

510 862 713 927 praefati
754 861 963 911 Walteri
1001 861 1204 926 palatini
1242 877 1426 910 necnon
1465 862 1730 910 Alexandri
1770 863 2108 912 Brechinensis
2148 865 2356 930 episcopi
2394 885 2449 915 ac

511 952 679 1001 decani
698 956 748 1001 et
768 952 1102 1001 canonicorum
1123 950 1322 1015 capituli
1347 951 1556 1013 ejusdem
1585 950 1782 1000 Ballivis
1801 951 2014 1000 Concilio
2038 957 2087 1001 et
2113 953 2304 1003 Civibus
2322 955 2455 1020 prae-

510 1042 668 1091 dictae
710 1042 932 1091 Civitatis
979 1041 1316 1090 Brechinensis
1364 1041 1555 1105 suisque
1603 1040 1955 1089 successoribus
1991 1043 2262 1098 antedictae
2304 1046 2453 1107 partis

509 1132 715 1194 praefati
756 1131 943 1195 collegii
986 1131 1263 1194 designatae
1306 1146 1392 1194 pro
1434 1130 1733 1178 habitatione
1770 1130 1886 1197 dicti
1928 1130 2152 1179 Gulielmi
2198 1133 2457 1197 Stirueling

501 1221 712 1283 jacentis
748 1222 796 1269 in
837 1222 965 1269 dicto
989 1220 1190 1284 collegio
1229 1237 1292 1268 ex
1331 1219 1557 1269 orientali
1599 1223 1736 1283 parte
1774 1220 1983 1281 ejusdem
2023 1222 2244 1285 contigue
2282 1225 2457 1285 Januae

512 1309 739 1359 introitus
763 1311 974 1373 ejusdem
1001 1326 1062 1358 ex
1086 1309 1267 1359 boreali
1291 1314 1428 1374 parte
1454 1310 1612 1357 dictae
1635 1310 1812 1372 januae
1837 1311 2142 1360 extendentis
2176 1311 2224 1359 in
2259 1312 2459 1376 longitu-

511 1400 620 1448 dine
668 1401 729 1447 ad
772 1399 1024 1463 sexaginta
1060 1400 1207 1463 pedes
1243 1398 1422 1462 legales
1461 1403 1511 1447 et
1548 1398 1598 1445 in
1638 1398 1892 1447 latitudine
1934 1400 1994 1446 ad
2036 1401 2276 1448 sexdecim
2315 1405 2459 1466 pedes

507 1488 716 1551 legales3
751 1489 988 1536 tenendae
1014 1488 1062 1536 in
1085 1489 1350 1536 feodifirma
1374 1488 1658 1552 emphiteosi
1683 1492 1732 1536 et
1756 1488 2053 1538 haereditate
2078 1491 2420 1555 imperpetuum
2449 1523 2484 1559 -0

511 1578 775 1625 Reddendo
823 1578 932 1625 inde
987 1577 1233 1626 annuatim
1273 1593 1504 1625 summam
1547 1594 1634 1626 sex
1675 1577 1931 1626 solidorum
1974 1584 2192 1628 monetae
2237 1582 2456 1631 Scotiae:

442 1653 448 1657 ’
508 1681 691 1714 necnon
717 1666 833 1714 dicti
854 1665 1028 1714 Ballivi
1053 1666 1319 1715 Concilium
1347 1671 1396 1714 et
1422 1666 1563 1715 Cives
1589 1667 1935 1716 Brechinenses
1955 1668 2131 1717 dictam
2157 1675 2339 1733 partem
2365 1672 2459 1727 col-

238 2652 480 2706 CXLIII.

507 1756 619 1819 legii
653 1756 752 1805 suis
786 1756 1057 1821 sumptibus
1094 1756 1384 1805 sufficienter
1419 1756 1738 1804 aedificabunt
1775 1757 2063 1820 reparabunt
2100 1763 2149 1806 et
2185 1765 2457 1809 construent

508 1846 902 1910 aedificatamque
928 1850 1197 1910 reparatam
1235 1849 1284 1894 et
1321 1849 1643 1894 constructam
1668 1846 1717 1893 in
1742 1846 1938 1909 singulis
1972 1847 2250 1897 necessariis
2275 1852 2457 1900 cunctis

507 1935 802 1999 temporibus
826 1935 1000 1984 futuris
1024 1936 1356 1992 sustinebunt3
1381 1935 1572 1984 nomine
1590 1936 1883 1984 feodifirmae
1923 1964 1933 1974 ·
1971 1937 2102 1985 Data
2122 1939 2206 1986 sub
2226 1939 2389 2001 sigillis
2407 1946 2454 1988 et

506 2024 932 2088 subscriptionibus
979 2011 1278 2074 manualibus
1320 2025 1558 2073 dictorum
1602 2025 1827 2074 Gulielmi
1866 2026 2138 2091 Stirueling‚
2180 2029 2330 2091 patris
2368 2030 2454 2085 sui,

507 2115 696 2163 comitis
731 2115 790 2162 de
829 2115 950 2171 Mar,
986 2114 1212 2179 episcopi,
1237 2115 1407 2163 decani
1442 2118 1492 2162 et
1529 2115 1862 2163 canonicorum
1905 2116 2100 2179 capituli
2125 2118 2250 2181 apud
2276 2118 2454 2166 Stirue-

504 2203 681 2267 lingum
718 2208 768 2252 et
805 2203 1062 2269 Civitatem
1088 2204 1460 2253 Brechinensem
1485 2220 1645 2252 coram
1683 2205 1757 2253 his
1791 2205 1997 2254 testibus
2030 2207 2216 2255 Jacobo
2244 2208 2451 2256 Graham

506 2293 731 2342 Villelmo
767 2294 978 2342 Graham
999 2294 1202 2343 ..Iacobo
1239 2294 1441 2342 Hutoun
1479 2294 1758 2343 Alexandro
1795 2295 1928 2359 Nor-y
1963 2297 2148 2344 Jacobo
2173 2297 2368 2361 Thayne
2404 2303 2451 2346 et

505 2383 540 2430 J
544 2383 730 2431 ohanne
758 2383 916 2432 Leslie
955 2411 966 2422 ·
1005 2384 1068 2432 15
1094 2388 1144 2432 et
1169 2384 1235 2432 20
1261 2384 1558 2448 Septembris
1584 2384 1680 2453 157
1684 2385 1714 2432 9
1753 2411 1763 2421 ·

519 2617 704 2699 Carta
738 2650 1047 2714 emphiteosis
1081 2665 1307 2698 concessa
1341 2665 1427 2713 per
1460 2649 1737 2712 magistrum
1776 2649 2027 2712 Georgium
2059 2650 2315 2714 He'pburne
2341 2667 2448 2699 can-

506 2739 748 2788 cellarium
786 2739 1155 2789 Brechinensem
1192 2755 1299 2788 cum
1337 2755 1568 2788 consensu
1595 2739 1858 2787 Alexandri
1884 2739 2090 2802 episcopi
2116 2741 2446 2790 Brechinensis

505 2833 554 2877 et
592 2829 925 2878 canonicorum
964 2829 1195 2878 ecclesiae
1235 2829 1524 2878 cathedralis
1560 2829 1770 2891 ejusdem
1795 2829 2051 2879 venerabili
2090 2830 2187 2878 viro
2222 2831 2446 2893 magistro

419 2962 422 2966 .
506 2918 656 2967 Paulo
681 2919 855 2967 Fraser
878 2918 1177 2983 praecentori
1214 2919 1523 2982 Brechinensi
1549 2919 1647 2967 suis
1670 2918 1952 2966 haeredibus
1976 2923 2024 2966 et
2048 2919 2298 2983 assignatis
2322 2920 2446 2969 illius

508 3008 662 3070 petiae
686 3012 844 3057 terrae
869 3012 1032 3057 vastae
1069 3008 1117 3055 in
1153 3024 1247 3072 qua
1277 3007 1391 3056 olim
1426 3008 1607 3057 situata
1640 3008 1796 3055 fuerat
1830 3008 2012 3056 mansio
2036 3008 2305 3057 cancellarii
2332 3011 2447 3057 Bre-

505 3080 742 3146 chinensis
780 3113 887 3145 cum
926 3098 1066 3146 horto
1104 3097 1316 3161 ejusdem
1357 3097 1690 3161 (quaequidem
1729 3097 1910 3144 mansio
1933 3113 2058 3144 nunc
2094 3097 2253 3145 diruta
2287 3102 2361 3146 est
2396 3103 2444 3146 et

503 3186 604 3235 solo
639 3187 863 3250 aequata)
889 3203 995 3235 cum
1030 3188 1129 3236 suis
1163 3183 1466 3251 pertinentiis
1493 3186 1701 3249 jacentis
1724 3184 1850 3232 intra
1874 3184 2130 3234 Civitatem
2155 3184 2443 3235 Brechinen-

503 3292 602 3324 sem
626 3276 752 3325 inter
775 3276 1066 3325 mansionem
1091 3276 1418 3344 praecentoris
1452 3274 1785 3323 Brechinensis
1819 3274 1880 3322 ad
1915 3275 2136 3323 occidens
2170 3279 2219 3323 et
2257 3276 2442 3323 boream

503 3365 842 3414 coemeterium
870 3365 1101 3415 ecclesiae
1137 3364 1425 3414 cathedralis
1450 3362 1782 3412 Brechinensis
1817 3366 1867 3410 et
1901 3363 2087 3411 hortum
2123 3364 2439 3412 archidiaconi
