3016 3958
1079 639 1374 695 OARTAE
1422 638 1925 695 ORIGINALES.
2364 635 2475 693 247

526 826 651 876 inter
685 831 1012 877 tenementum
1050 831 1286 893 quondam
1323 830 1356 876 J
1362 830 1561 878 ohannis
1598 828 1797 877 Leitche
1833 829 1893 875 ad
1930 827 2100 883 oriens,
2126 825 2259 874 illum
2283 825 2471 873 hortum

524 933 585 964 ex
609 917 807 982 antiquo
837 920 1087 981 Myrtoues
1110 920 1239 967 zaird
1274 923 1596 983 nuncupatum
1633 923 1682 966 et
1717 933 1840 965 nunc
1875 918 1935 964 ad
1970 917 2004 963 J
2008 916 2208 964 acobum
2235 914 2466 962 Watsone

524 1011 822 1070 spectantem
847 1009 908 1056 ad
933 1009 1138 1065 boream,
1164 1013 1489 1058 tenementum
1525 1008 1758 1072 quondam
1796 1006 1970 1054 Jacobi
2008 1006 2150 1053 Watt
2192 1007 2241 1051 et
2266 1018 2390 1050 nunc
2414 1004 2473 1050 ad

523 1095 753 1146 haeredes
795 1098 1032 1161 quondam
1077 1097 1310 1146 Willelmi
1351 1097 1504 1146 Bellie
1546 1101 1769 1161 spectans
1809 1097 1870 1144 ad
1913 1094 2147 1149 occidens,
2195 1097 2245 1141 et
2293 1093 2468 1140 dictam

523 1185 757 1234 venellam
784 1187 1158 1235 ecclesiasticam
1194 1192 1243 1235 et
1281 1203 1580 1235 communem
1604 1185 1813 1248 plateam
1839 1184 1955 1233 dicti
1990 1183 2125 1246 burgi
2160 1183 2221 1231 ad
2256 1186 2467 1230 austrum

526 1290 631 1322 cum
658 1275 788 1323 dicta
813 1276 1033 1324 clausura
1055 1276 1187 1324 fonte
1224 1277 1364 1324 domo
1400 1275 1590 1323 brueria
1625 1279 1674 1322 et
1711 1290 1875 1322 eorum
1900 1273 2117 1321 omnibus
2140 1272 2472 1336 pertinentiis3

524 1365 743 1413 tenendis
762 1365 905 1413 dictis
928 1369 1204 1413 tenemento
1229 1369 1278 1413 et
1302 1368 1439 1428 parte
1464 1363 1728 1413 tenementi
1751 1362 1981 1426 praefatis
2007 1361 2284 1409 Alexandro
2311 1361 2471 1409 Bisset

524 1454 718 1517 ejusque
744 1453 931 1516 conjugi
967 1453 1017 1501 in
1053 1455 1308 1516 conjuncta
1332 1453 1655 1501 infeodatione
1691 1456 1740 1500 et
1776 1451 1918 1500 dictis
1942 1451 2228 1515 pauperibus
2262 1451 2310 1497 in
2348 1451 2476 1498 dicto

524 1543 732 1606 hospitio
759 1543 807 1589 in
831 1539 971 1590 feodo
996 1546 1045 1590 et
1069 1542 1368 1590 haereditate
1395 1543 1743 1605 imperpetuum
1771 1569 1781 1579 ·
1808 1541 2072 1589 Reddendo
2098 1540 2206 1588 inde
2232 1540 2475 1588 annuatim

524 1631 752 1695 praefatis
788 1631 1069 1695 Praeposito
1098 1631 1296 1680 Ballivis
1332 1630 1617 1680 Consulibus
1652 1634 1702 1678 et
1728 1630 1962 1692 Magistro
1997 1629 2211 1693 Hospitii
2246 1645 2474 1678 summam

524 1726 706 1784 septem
732 1720 987 1769 solidorum
1012 1725 1061 1769 et
1086 1737 1174 1769 sex
1199 1721 1498 1768 denariorum
1534 1724 1754 1768 monetae
1781 1698 1971 1768 Scotiae
2012 1748 2021 1757 ·
2059 1719 2244 1767 Ballivo
2269 1719 2316 1766 in
2340 1735 2474 1782 prae-

527 1815 667 1875 cepto
707 1811 950 1859 nominato
995 1811 1209 1858 Roberto
1253 1811 1373 1858 Wat
1414 1809 1588 1858 ballivo
1629 1809 1937 1857 Brechinensi
1975 1837 1985 1848 ·
2023 1809 2154 1856 Data
2200 1824 2358 1856 coram
2401 1808 2473 1856 his

526 1899 730 1948 testibus
768 1901 803 1947 J
806 1901 955 1948 acobo
997 1900 1283 1948 Inueraritie
1326 1903 1590 1947 mercatore
1618 1898 1833 1946 Roberto
1859 1898 1999 1946 Skair
2022 1896 2225 1961 pellione
2250 1897 2284 1943 J
2288 1898 2472 1944 ohanne

530 1989 800 2037 Adamsone
841 1994 1002 2038 sutore
1044 1989 1355 2052 burgensibus
1402 1987 1804 2036 Brechinensibus
1844 1991 1893 2035 et
1934 1987 1968 2034 J
1973 1987 2157 2035 ohanne
2200 1985 2475 2034 Alexander

530 2094 664 2126 servo
687 2078 924 2127 ‚Iohannis
950 2079 1203 2141 Lyndesay
1226 2078 1400 2127 notarii
1426 2077 1602 2141 publici
1641 2113 1650 2122 .
1688 2077 1753 2124 29
1783 2076 1950 2124 Martii
1982 2076 2105 2123 1643
2147 2103 2156 2112 -

172 2356 504 2402 CLXXXIX.
541 2315 938 2398 Instrumentum
963 2348 1167 2397 saisinae
1193 2348 1240 2395 in
1265 2348 1472 2395 favorem
1497 2347 1530 2393 J
1534 2346 1671 2393 acobi
1706 2344 1976 2393 Wisehartt
2000 2344 2083 2390 filii
2108 2343 2305 2405 legitimi
2331 2359 2476 2406 quon-

532 2439 640 2485 dam
677 2437 889 2500 magistri
926 2438 959 2484 J
963 2437 1101 2485 acobi
1128 2437 1411 2499 Wysehartt
1437 2435 1679 2497 burgensis
1704 2434 1837 2496 burgi
1863 2435 1922 2481 de
1950 2434 2196 2481 Montrose
2235 2436 2284 2480 et
2323 2448 2473 2495 quon-

534 2528 641 2575 dam
667 2528 883 2590 Agnetae
910 2527 1121 2588 Ramsay
1145 2525 1246 2587 ejus
1269 2525 1481 2587 conjugis
1517 2528 1566 2571 et
1601 2523 1819 2571 haeredis
1853 2521 2200 2586 propinquioris
2237 2521 2468 2584 quondam

535 2617 744 2665 Thomae
770 2617 983 2678 Ramsay
1005 2615 1179 2663 notarii
1203 2613 1383 2677 publici
1419 2611 1753 2661 Brechinensis
1778 2611 1924 2674 ipsius
1947 2609 2164 2658 avunculi
2188 2609 2315 2658 illius
2338 2613 2472 2657 tene-

536 2705 683 2753 menti
701 2705 907 2766 jacentis
931 2720 993 2751 ex
1019 2707 1154 2766 parte
1179 2701 1463 2750 occidentali
1499 2701 1614 2748 dicti
1649 2700 1783 2762 burgi
1819 2700 1865 2746 in
1898 2699 2001 2746 vico
2036 2697 2173 2761 vulgo
2197 2702 2366 2746 vocato
2389 2698 2471 2745 the

539 2794 742 2842 Chaurie
769 2794 933 2856 Wynd
957 2792 1213 2855 aliquando
1237 2807 1321 2854 per
1347 2789 1606 2837 Patricium
1632 2789 1820 2836 Brokus
1845 2789 2086 2835 doctorem
2111 2786 2300 2835 scholae
2324 2803 2474 2849 gram-

539 2883 775 2931 maticalis
822 2880 1155 2929 Brechinensis
1201 2883 1250 2927 et
1298 2882 1466 2942 postea
1513 2893 1597 2940 per
1642 2877 1676 2923 J
1679 2876 1879 2924 acobum
1929 2875 2073 2924 Guild
2121 2874 2471 2923 calcifactorcm

540 2973 816 3035 burgensem
856 2970 971 3018 dicti
1007 2969 1142 3031 burgi
1180 2967 1400 3031 occupati
1435 2970 1484 3014 et
1519 2966 1647 3014 horti
1681 2981 1838 3013 coram
1864 2966 1986 3013 ostio
2010 2964 2283 3027 praedictae
2308 2964 2473 3011 domus

534 3061 743 3124 jacentis
767 3076 828 3108 ex
853 3058 1071 3107 orientali
1105 3061 1241 3121 parte
1277 3057 1485 3119 ejusdem
1518 3054 1720 3102 acetiam
1747 3052 1990 3101 orientalis
2014 3052 2325 3100 dimidietatis
2347 3049 2474 3099 horti

542 3149 765 3198 australis
788 3148 1055 3212 incipiendo
1093 3163 1123 3194 a
1158 3146 1249 3193 fine
1284 3144 1480 3192 alterius
1514 3142 1640 3190 horti
1674 3141 1906 3206 praedicti
1930 3157 2076 3204 usque
2115 3142 2176 3189 ad
2214 3144 2473 3188 torrentem

543 3239 680 3302 vulgo
704 3242 922 3286 vocatum
957 3237 1039 3284 the
1065 3234 1287 3297 Colledge
1313 3234 1472 3281 Burne
1497 3231 1887 3295 quemadmodum
1912 3230 2055 3278 iidem
2092 3229 2152 3277 ab
2188 3228 2471 3278 occidentali

544 3327 841 3375 dimidietate
881 3324 1114 3389 praedicti
1155 3323 1282 3371 horti
1322 3320 1544 3370 australis
1590 3319 1823 3383 lapidibus
1863 3318 2104 3367 infossatis
2144 3323 2193 3367 et
2233 3318 2371 3366 metis
2413 3333 2473 3364 ex
