3016 3958
513 654 585 708 66
1079 657 1371 712 CARTAE
1414 658 1914 714 ORIGINALES.

515 934 891 986 Instrumentum
919 938 976 985 de
1005 938 1306 987 Maisondieu
1343 967 1354 976 ·

518 1022 566 1071 A
593 1023 872 1088 disposition
910 1027 968 1074 be
1009 1027 1140 1090 King
1161 1027 1329 1076 James
1365 1031 1418 1076 to
1458 1029 1573 1076 Geo.
1601 1028 1802 1076 Scheres
1825 1026 1893 1075 off
1922 1026 2004 1075 the
2030 1025 2255 1090 Hospital
2290 1026 2343 1074 of
2371 1026 2454 1074 the

519 1111 716 1162 Blessed
742 1114 909 1178 Virgin
937 1116 1090 1164 Marie
1130 1145 1140 1154 ·

246 1287 492 1334 XXXVI·
526 1258 606 1340 In
635 1293 734 1342 Dei
757 1295 946 1343 nomine
974 1297 1126 1343 Amen
1166 1323 1175 1333 ·
1213 1298 1353 1344 Anno
1390 1295 1743 1344 Incarnationis
1779 1294 2030 1343 Dominice
2065 1293 2317 1342 millesimo
2353 1308 2467 1356 qua-

517 1384 886 1447 dringentesimo
925 1384 1284 1448 quadragesimo
1324 1385 1543 1449 septimo,
1581 1383 1756 1434 mensis
1792 1383 2015 1432 Octobris
2039 1383 2116 1432 die
2141 1383 2464 1437 decimanona,

518 1473 790 1522 Indictione
838 1473 1026 1521 decima
1073 1473 1387 1522 Pontificatus
1425 1502 1435 1511 ·
1474 1502 1484 1511 ·
1524 1502 1534 1512 ·
1573 1473 1792 1522 Nicholai
1831 1502 1841 1511 ·
1880 1500 1890 1511 ·
1930 1501 1940 1511 ·
1976 1488 2098 1536 pape
2141 1472 2296 1536 quinti
2338 1487 2464 1519 anno

518 1563 670 1626 primo
707 1591 718 1601 ·
757 1591 767 1600 ·
807 1590 817 1601 ·
853 1562 1168 1626 personaliter
1208 1563 1498 1611 constitutus
1540 1563 1774 1612 discretus
1821 1563 1891 1610 vir
1939 1562 2179 1610 Robertus
2219 1562 2279 1609 de
2322 1561 2462 1608 Seres

510 1652 672 1714 junior
694 1651 920 1714 magister
943 1651 1192 1715 hospitalis
1229 1653 1370 1701 beate
1410 1652 1565 1700 Marie
1596 1652 1789 1716 virginis
1815 1652 1935 1699 infra
1958 1651 2208 1700 ciuitatem
2235 1650 2463 1698 Brechin-

519 1759 676 1792 ensem
703 1744 868 1792 situati
907 1771 917 1782 ·
958 1773 968 1782 ·
1009 1773 1018 1782 ·
1055 1746 1290 1809 prefatum
1327 1761 1463 1795 suum
1502 1746 1739 1810 hospitale
1777 1761 1884 1794 cum
1922 1745 2020 1794 suis
2048 1745 2234 1807 juribus
2270 1749 2320 1792 et
2355 1760 2461 1807 per-

518 1833 737 1882 tinentiis
761 1833 995 1882 uniuersis
1017 1834 1065 1881 in
1089 1835 1306 1883 manibus
1329 1836 1577 1883 reuerendi
1601 1836 1650 1883 in
1676 1835 1868 1884 Christo
1890 1837 2042 1898 patris
2078 1863 2090 1874 ·
2128 1862 2138 1872 ·
2178 1862 2187 1871 ·
2222 1834 2257 1880 J
2261 1833 2461 1882 ohannis

520 1950 530 1959 ·
571 1950 580 1959 ·
620 1950 630 1960 -
670 1922 897 1986 Episcopi
934 1922 1270 1972 Brechinensis
1303 1940 1420 1988 pure
1455 1923 1697 1988 libereque
1732 1923 2013 1988 simpliciter
2047 1924 2147 1972 sine
2189 1922 2461 1971 conditione

518 2028 813 2076 quacumque
838 2027 1020 2061 sursum
1045 2013 1253 2062 reddidit
1291 2018 1340 2061 et
1378 2013 1651 2078 resignauit,
1677 2029 1770 2078 qua
1809 2013 1999 2077 quidem
2039 2013 2355 2076 resignatione
2392 2012 2461 2059 sie

518 2107 572 2150 ut
595 2102 891 2166 premittitur
911 2103 1055 2158 facta,
1094 2107 1143 2151 et
1181 2119 1266 2166 per
1303 2103 1485 2151 dictum
1523 2104 1832 2151 reuerendum
1870 2106 2055 2166 patrem
2080 2104 2286 2165 recepta,
2313 2101 2462 2149 Geor-

517 2193 621 2254 gius
646 2193 704 2240 de
729 2192 870 2240 Seres
894 2191 1094 2240 clericus
1119 2192 1454 2240 Brechinensis
1478 2192 1695 2241 dioecesis
1731 2195 1846 2239 tunc
1869 2191 2181 2239 incontinenti
2206 2190 2458 2254 quamdam

518 2281 919 2345 presentationem
958 2281 1073 2329 dicti
1110 2281 1361 2344 hospitalis
1399 2298 1485 2345 per
1531 2281 1770 2329 dominum
1817 2285 2028 2336 nostrum
2078 2281 2258 2344 Regem
2306 2279 2459 2326 eidem

522 2370 727 2433 Georgio
762 2371 939 2419 factam
976 2374 1026 2418 et
1065 2386 1352 2426 concessam,
1391 2371 1695 2434 eiusdemque
1733 2370 1910 2417 domini
1948 2369 2099 2418 nostri
2138 2368 2284 2428 Regis
2307 2366 2461 2430 sigillo

521 2464 704 2508 secreto
742 2460 1012 2508 roboratam
1051 2460 1099 2507 111
1137 2461 1293 2508 medio
1330 2460 1574 2524 produxit,
1612 2460 1836 2523 dictoque
1861 2459 2121 2507 reuerendo
2158 2457 2283 2521 patri
2323 2456 2462 2521 Epis-

521 2565 640 2612 copo
678 2549 987 2597 Brechinensi
1024 2549 1223 2597 tradidit
1262 2553 1312 2596 et
1351 2548 1647 2604 deliberauit,
1684 2564 1824 2612 quam
1861 2547 1986 2595 idem
2015 2547 2301 2594 reuerendus
2324 2549 2463 2609 pater

520 2643 764 2701 gratanter
801 2642 850 2687 et
889 2636 1082 2686 realiter
1120 2638 1302 2702 recepit
1339 2654 1397 2686 ac
1435 2639 1494 2686 de
1527 2638 1671 2685 verbo
1706 2637 1757 2684 111
1792 2637 1985 2685 verbum
2026 2635 2227 2700 perlegit
2265 2663 2275 2672 ·
2312 2634 2462 2684 Cuius

522 2743 632 2775 vero
670 2727 1039 2791 presentationis
1079 2731 1219 2775 tenor
1262 2727 1477 2791 sequitur
1514 2731 1564 2775 et
1601 2731 1675 2776 est
1711 2726 1825 2775 talis
1862 2754 1873 2764 ·
1908 2726 2123 2774 Jacobus
2169 2725 2263 2772 Dei
2306 2724 2461 2788 gratia

526 2817 636 2864 Rex
661 2817 908 2864 Scotorum
934 2817 1193 2863 reuerendo
1230 2815 1279 2863 in
1317 2815 1510 2865 Christo
1546 2816 1673 2880 patri
1708 2815 1920 2864 Johanni
1958 2814 2265 2879 permissione
2300 2813 2461 2861 diuina

525 2906 762 2968 Episcopo
805 2905 1114 2952 Brechinensi
1158 2903 1372 2953 Salutem
1410 2933 1420 2943 ·
1459 2905 1542 2953 Ad
1583 2904 1819 2968 hospitale
1861 2904 2003 2952 beate
2051 2903 2207 2950 Marie
2250 2902 2460 2964 Virginis

523 2995 645 3042 infra
669 2995 927 3042 Ciuitatem
969 2993 1337 3042 Brechinensem
1361 2993 1606 3049 situatum,
1632 3009 1739 3040 cum
1770 2991 1888 3040 illud
1925 3007 2068 3040 causa
2101 2990 2463 3054 permutationis

524 3083 855 3146 resignationis
877 3082 950 3130 vel
975 3083 1261 3130 dimissionis
1294 3098 1378 3131 seu
1412 3081 1532 3130 alias
1556 3081 1866 3146 quouismodo
1889 3096 1975 3144 per
1997 3078 2223 3127 dilectum
2247 3083 2458 3127 nostrum

527 3173 791 3219 Robertum
815 3172 874 3218 de
899 3171 1039 3218 Seres
1063 3171 1143 3234 qui
1168 3171 1348 3219 dictum
1383 3170 1619 3235 hospitale
1645 3169 1830 3218 obtinet
1855 3170 1913 3217 de
1938 3169 2147 3233 presenti
2171 3169 2219 3215 in
2244 3167 2459 3216 manibus

524 3261 693 3309 vestris
729 3275 896 3307 vacare
935 3259 1199 3322 contigerit,
1238 3260 1557 3323 quodquidem
1596 3258 1832 3323 hospitale
1866 3259 1927 3306 ad
1962 3262 2173 3306 nostram
2219 3261 2459 3321 presenta-

523 3351 714 3400 tionem,
753 3352 1050 3410 vestramque
1089 3347 1391 3396 collationem
1431 3353 1647 3411 spectare
1686 3347 1959 3403 dinoscitur,
1997 3346 2222 3395 dilectum
2246 3350 2457 3395 nostrum
