3016 3958
247 1854 432 1903 CXIV.

440 663 550 718 180
989 664 1283 721 GARTAE
1327 665 1832 721 ORIGINALES.

443 854 787 903 ordinationem
812 856 913 904 siue
938 856 1226 905 sententiam
1251 855 1527 904 arbitralem
1553 856 1600 904 in
1620 872 1672 905 se
1691 856 1994 906 continentes
2017 857 2118 906 siue
2143 858 2394 906 continens

443 944 616 991 exinde
639 945 741 992 fieri
766 949 815 993 et
841 962 926 1009 per
949 945 1182 993 notarium
1211 944 1451 1009 publicum
1476 949 1785 1010 nostrumque
1811 946 1858 994 in
1882 947 2150 996 huiusmodi
2185 946 2396 995 declara-

442 1033 573 1081 tione
597 1037 689 1081 etc.
717 1050 876 1082 coram
899 1034 1037 1082 nobis
1061 1034 1264 1082 scribam
1290 1033 1643 1098 infrascriptum
1667 1035 1902 1083 subscribi
1926 1040 1976 1084 et
1999 1032 2234 1100 publicari
2265 1052 2397 1084 man-

446 1122 662 1172 dauimus
696 1123 941 1187 nostrique
981 1122 1122 1186 sigilli
1153 1123 1382 1186 jussimus
1419 1127 1469 1171 et
1506 1123 1706 1172 fecimus
1739 1125 2030 1189 appensione
2066 1124 2347 1174 communiri
2385 1152 2396 1162 ·

447 1212 580 1260 Data
617 1216 667 1260 et
705 1216 816 1260 acta
854 1212 903 1259 in
941 1213 1081 1260 domo
1117 1211 1371 1275 capitulari
1409 1212 1721 1261 Brechinensi
1744 1229 1869 1262 anno
1893 1213 2145 1263 millesimo
2170 1213 2399 1278 quingen-

445 1302 618 1350 tesimo
656 1302 878 1350 vicesimo
917 1305 1087 1365 quarto
1125 1330 1136 1339 -
1176 1329 1186 1339 ·
1226 1330 1236 1339 ·
1273 1301 1350 1348 die
1389 1317 1502 1349 vero
1542 1301 1771 1350 Mercurii
1811 1302 1994 1351 decimo
2034 1303 2182 1351 tertio
2224 1302 2400 1351 mensis

450 1391 638 1455 Aprilis
671 1419 680 1429 ·
721 1419 732 1429 ·
770 1418 780 1430 ·

518 1481 584 1529 Et
609 1497 695 1544 ego
720 1480 958 1529 Patricius
983 1481 1198 1543 Carnegy
1223 1479 1421 1528 clericus
1447 1480 1791 1528 Sanctiandree
1816 1480 1914 1528 (ἱίοο
1936 1485 2248 1530 ,sacrosancte
2272 1481 2402 1530 sedis

451 1570 713 1635 apostolice
737 1570 1027 1619 auctoritate
1051 1569 1266 1619 notarius
1304 1597 1314 1607 ·
1355 1598 1364 1607 ·
1405 1597 1415 1607 ·

463 1813 858 1891 Instrumentum
883 1840 1086 1889 saisinae
1111 1856 1253 1904 super
1287 1839 1605 1903 resignatione
1633 1839 1667 1886 J
1671 1839 1872 1887 ohannis
1898 1840 2102 1888 Annand
2139 1841 2256 1889 civis
2291 1842 2409 1889 Bre-

455 1931 696 1979 chinensis
721 1930 946 1978 Civitatis
971 1930 1019 1976 in
1051 1929 1271 1977 manibus
1305 1929 1340 1975 J
1344 1928 1544 1977 ohannis
1581 1929 1758 1976 Brown
1783 1928 1922 1977 unius
1946 1928 2223 1977 ballivorum
2249 1930 2406 1978 dictae

457 2020 684 2069 Civitatis
707 2019 846 2067 unius
869 2019 1013 2066 annui
1047 2018 1262 2066 redditus
1298 2017 1551 2066 tresdecim
1591 2016 1848 2066 solidorum
1884 2021 1933 2066 et
1967 2022 2173 2081 quatuor
2196 2019 2411 2067 denario-

457 2127 560 2158 rum
584 2113 806 2158 monetae
832 2107 1024 2156 Scotiae
1048 2106 1236 2155 levandi
1273 2107 1332 2154 de
1367 2122 1453 2154 suo
1475 2109 1751 2154 tenemento
1779 2106 1974 2168 jacente
2005 2107 2128 2155 infra
2153 2107 2409 2156 Civitatem

460 2199 830 2247 Brechinensem
867 2213 929 2244 ex
963 2179 1101 2260 parte
1137 2194 1358 2243 orientali
1388 2195 1600 2257 ejusdem
1637 2194 1776 2254 inter·
1798 2198 1952 2243 terras
1986 2197 2242 2244 haeredum
2267 2213 2413 2259 quon-

461 2290 569 2337 dam
614 2286 847 2334 Willelmi
888 2285 1120 2333 Wobster
1160 2300 1222 2332 ex
1264 2287 1402 2348 parte
1442 2282 1622 2331 boreali
1664 2287 1714 2331 et
1754 2287 1910 2332 terras
1949 2284 2153 2333 arabiles
2199 2286 2411 2348 magistri

462 2377 670 2443 Walteri
713 2375 842 2424 Scall
882 2373 1118 2438 capellani
1160 2390 1222 2421 ex
1256 2377 1394 2436 parte
1430 2371 1652 2420 orientali
1687 2376 1842 2420 terras
1876 2372 2132 2420 haeredum
2171 2376 2408 2437 quondam

462 2469 494 2515 J
499 2466 698 2516 ohannis
722 2464 877 2513 Awell
902 2469 951 2512 et
975 2479 1099 2511 nunc
1126 2463 1326 2510 Roberti
1352 2454 1590 2509 Matheris
1624 2461 1911 2524 carpentarii
1945 2477 2008 2509 ex
2042 2467 2179 2525 parte
2213 2463 2411 2512 australi

463 2562 513 2606 et
538 2570 836 2604 communem
861 2554 984 2600 viam
1009 2552 1185 2615 regiam
1222 2567 1284 2598 ex
1318 2554 1456 2614 parte
1491 2549 1778 2597 occidentali
1814 2550 1863 2597 in
1897 2550 2105 2599 favorem
2134 2552 2412 2602 venerabilis

463 2647 552 2693 viri
575 2644 753 2693 domini
779 2642 976 2691 Patricii
1002 2642 1157 2704 Boyss
1190 2639 1477 2688 thesaurarii
1509 2638 1741 2686 ecclesiae
1766 2638 2055 2688 cathedralis
2079 2640 2414 2690 Brechinensis

464 2734 720 2783 haeredum
745 2747 935 2781 suorum
961 2734 1011 2778 et
1040 2730 1386 2792 assignatorum
1424 2755 1435 2766 ·
1473 2727 1700 2776 Testibus
1734 2728 2082 2777 venerabilibus
2115 2730 2328 2779 honestis
2363 2735 2412 2779 et

468 2822 686 2872 discretis
710 2821 822 2868 viris
856 2819 1078 2867 videlicet
1102 2818 1342 2882 magistris
1366 2817 1524 2865 David
1551 2817 1788 2865 Petcarne
1811 2817 2148 2866 archidiacono
2184 2819 2414 2867 Brechin-

470 2913 571 2960 ensi
619 2910 900 2959 Alexandro
952 2907 1184 2974 [Setoun]
1233 2907 1534 2971 pensionario
1575 2906 1817 2955 canonicis
1857 2906 2086 2955 ecclesiae
2123 2908 2411 2958 cathedralis

474 2999 808 3049 Brechinensis
832 2998 1036 3046 dominis
1060 2995 1306 3044 Willelmo
1332 2994 1505 3043 Murra
1523 2996 1719 3042 Andrea
1743 2995 1977 3059 Fyndelai
2001 2995 2261 3059 capellanis
2289 2997 2413 3045 Wil-

471 3090 615 3139 lelmo
651 3089 862 3136 Bettoun
887 3088 945 3134 de
987 3085 1231 3134 Wosthall
1267 3085 1490 3132 Johanne
1530 3084 1765 3132 Petcarne
1793 3083 2039 3132 Willelmo
2070 3084 2170 3132 Cob
2206 3089 2255 3133 et
2293 3086 2415 3133 Wil-

474 3179 618 3227 lelmo
654 3177 841 3239 Howye
879 3175 1139 3238 sergeando
1175 3189 1282 3221 cum
1319 3172 1516 3220 diversis
1539 3171 1646 3220 aliis
1683 3199 1694 3210 ·
1729 3172 1763 3219 J
1767 3172 1951 3220 ohanne
1989 3171 2143 3220 Ettell
2177 3175 2428 3244 presbitro⁸

477 3267 846 3318 Sanctiandreae
871 3265 979 3312 dioe⁰
1009 3264 1296 3312 auctoritate
1320 3260 1585 3325 apostolica
1608 3261 1796 3310 notario
1834 3289 1844 3299 ·
1883 3262 1947 3308 12
1970 3261 2004 3309 J
2009 3261 2107 3309 unii
2134 3262 2264 3311 1526
2302 3291 2313 3301 ·
