3016 3958
569 635 680 690 424
1055 631 1430 688 ROTULI
1495 629 2037 687 REDITUUM.

570 812 704 869 priori
733 812 786 855 de
817 810 1022 854 Rostinet
1050 810 1103 852 de
1132 796 1273 852 terris
1291 808 1344 850 de
1375 808 1664 851 Balnabreich
1696 808 1987 865 [percipienti]
2021 810 2261 862 annuatim,
2295 810 2508 861 videlicet,

571 890 860 947 qnadraginta
882 903 961 932 sex
982 888 1142 932 solidos
1173 891 1218 930 et
1247 889 1344 930 octo
1375 886 1589 937 denarios,
1613 890 1662 930 vt
1682 888 1841 931 asserit
1869 892 2137 945 compotans,
2179 889 2318 934 xlvis.
2350 891 2426 934 viii
2439 892 2509 941 d.;

574 975 618 1013 et
648 970 795 1013 abbati
824 970 878 1012 de
910 969 1069 1025 cupro,
1101 966 1355 1023 percipienti
1374 966 1599 1029 annuatim
1627 981 1705 1009 sex
1736 967 1898 1010 solidos
1928 971 2024 1011 octo
2055 969 2256 1012 denarios
2286 970 2339 1012 de
2368 970 2514 1015 fabrili

576 1050 628 1091 de
661 1049 858 1105 Brechin,
880 1051 927 1090 vt
946 1046 1104 1090 asserit
1133 1046 1246 1088 idem
1277 1049 1545 1102 compotens,
1577 1046 1669 1089 vis.
1701 1047 1860 1096 viiid.;
1892 1051 1937 1090 et
1967 1048 2219 1092 Alexandro
2249 1049 2303 1092 de
2336 1049 2513 1100 Setoun,

575 1127 828 1184 percipienti
846 1126 1071 1170 annuatim
1091 1124 1382 1182 quadraginta
1405 1124 1565 1168 solidos
1585 1126 1721 1167 annui
1749 1126 1945 1170 redditus
1975 1127 2027 1170 de
2059 1128 2257 1185 Kincrag
2278 1129 2358 1172 sibi
2380 1129 2516 1171 eciam

576 1207 760 1258 debitoss
797 1207 849 1249 de
880 1206 1048 1249 duobus
1077 1204 1275 1248 terminis
1309 1204 1440 1247 huius
1470 1205 1672 1261 compoti,
1705 1205 1830 1256 xls.;
1865 1210 1910 1250 et
1942 1206 2077 1263 priori
2106 1207 2160 1250 de
2190 1206 2407 1259 Restinot‚
2441 1222 2518 1264 pro

577 1286 774 1328 secundis
803 1285 980 1327 decimis
1011 1285 1094 1327 sibi
1120 1284 1280 1327 debitis
1309 1284 1362 1326 de
1392 1284 1520 1327 dictis
1544 1285 1675 1327 terris
1704 1273 1774 1328 de'
1793 1286 1981 1329 Brechin
2000 1290 2045 1330 et
2066 1286 2230 1338 Nevar,
2253 1287 2364 1344 Regi
2385 1287 2519 1344 perti-

576 1365 778 1413 nentibus
798 1378 875 1420 per
894 1363 1215 1407 forisfacturam
1235 1364 1451 1419 quondam
1473 1364 1644 1407 comitis
1664 1365 1855 1416 Atbolie,
1879 1366 1931 1409 de
1958 1366 2087 1409 dictis
2107 1367 2276 1409 duobus
2306 1367 2518 1418 terminis,

578 1528 634 1570 ad
662 1527 869 1585 fabricam
895 1525 1067 1582 collegii
1098 1525 1248 1570 Sancti
1280 1525 1525 1569 Saluatoris
1554 1540 1634 1581 per
1654 1539 1808 1568 manus
1829 1525 1992 1569 domini
2014 1526 2196 1568 Hem-ici
2224 1527 2278 1569 de
2300 1527 2516 1583 Kingorn,

578 1608 631 1649 de
662 1607 818 1662 quibus
846 1606 961 1648 idem
989 1605 1213 1648 Johannes
1243 1605 1429 1647 reddidit
1453 1608 1714 1661 compotum,
1737 1605 1784 1646 lii
1801 1605 1875 1647 lib.
1907 1606 1981 1648 xvi
1996 1619 2029 1648 s.
2060 1606 2177 1655 xd.;
2210 1610 2255 1648 et
2284 1606 2422 1648 eidem
2443 1620 2522 1662 per

582 1686 843 1729 solucionem
881 1685 1042 1727 factam
1083 1684 1197 1727 dicto
1237 1683 1267 1726 J
1269 1683 1430 1726 ohanni
1472 1683 1778 1728 Haukirstoun
1818 1685 1875 1727 ad
1918 1685 2079 1728 dictam
2118 1685 2341 1737 fabricam,
2385 1689 2430 1728 et
2468 1686 2520 1728 de

582 1766 737 1821 quibus
771 1766 884 1808 idem
917 1765 1140 1808 Johannes
1174 1765 1363 1807 reddidit
1397 1768 1658 1821 compotum,
1694 1764 1865 1806 lxxxvii
1878 1764 1949 1808 lib.
1987 1765 2094 1807 viis.
2130 1765 2259 1815 vid.;
2300 1769 2345 1808 et
2384 1765 2521 1808 eidem

578 1830 940 1901 per⁸solucionem
961 1844 1122 1887 factam
1141 1844 1357 1886 Edwardo
1382 1844 1542 1887 Boncle
1563 1845 1618 1886 ad
1638 1843 1798 1887 dictam
1818 1843 2041 1894 fabricam,
2059 1847 2107 1887 vt
2126 1847 2248 1900 patet
2266 1858 2345 1901 per
2365 1844 2522 1887 librum

581 1925 684 1968 dicti
705 1924 908 1967 Edwardi
939 1937 1019 1967 sua
1046 1923 1223 1981 propria
1251 1938 1384 1966 manu
1413 1924 1635 1980 scriptum,
1665 1926 1890 1966 ostensum
1921 1937 2052 1979 super
2081 1926 2341 1980 compotum,
2371 1923 2419 1965 lx
2434 1923 2520 1974 lib.,

582 2020 660 2061 pro
680 2005 838 2061 quibus
857 2004 972 2046 idem
1000 2003 1279 2060 respondebit
1296 2018 1307 2053 3
1339 2007 1385 2046 et
1414 1999 1552 2046 eidem
1571 2017 1650 2060 per
1671 2001 1934 2046 solucionem
1954 2002 2114 2045 factam
2135 2003 2308 2046 domino
2333 2003 2523 2046 Henrico

583 2085 635 2126 de
667 2084 885 2140 Kingorn,
916 2083 1154 2126 senescallo
1190 2082 1372 2139 Regiae,
1405 2083 1460 2125 ad
1488 2095 1705 2140 expensas
1736 2082 1942 2133 eiusdem,
1971 2082 2067 2138 ipso
2101 2082 2267 2125 fatente
2302 2086 2522 2140 receptum

584 2243 861 2299 reparacione
891 2242 1126 2285 molendini
1146 2242 1199 2284 de
1220 2242 1385 2292 Nevar‚
1418 2257 1470 2285 ex
1500 2243 1719 2293 mandato,
1752 2242 1797 2284 xl
1812 2256 1844 2285 s.
1862 2256 1873 2292 3
1907 2244 1952 2285 et
1981 2242 2120 2284 eidem
2139 2257 2219 2299 pro
2239 2242 2281 2285 le
2302 2243 2416 2286 inlac
2437 2244 2523 2285 vic-

584 2322 768 2366 tualium
788 2322 1076 2373 venditorum,
1097 2336 1194 2364 cum
1215 2322 1371 2377 quibus
1393 2325 1644 2378 compotans
1666 2322 1864 2378 superius
1886 2325 2104 2372 oneratur,
2127 2337 2212 2365 xxv
2227 2336 2261 2366 s.
2279 2338 2291 2372 3
2322 2326 2367 2365 et
2386 2323 2524 2366 eidem

584 2403 629 2443 in
651 2402 754 2443 xviii
774 2401 927 2443 martis
947 2415 1045 2442 cum
1065 2400 1207 2450 coriis,
1236 2400 1393 2456 emptis
1413 2415 1492 2456 per
1513 2400 1697 2442 eundem
1718 2403 1764 2442 et
1791 2399 1988 2443 liberatis
2019 2400 2074 2443 ad
2105 2415 2318 2456 expensas
2339 2401 2524 2446 Domine

588 2481 770 2537 Regine,
803 2493 987 2536 quarum
1006 2482 1178 2522 restant
1206 2482 1297 2522 tres
1326 2479 1372 2521 in
1401 2479 1640 2522 lardinaria
1660 2479 1713 2521 de
1743 2478 2087 2536 Ravynniscrag,
2109 2483 2154 2523 et
2174 2480 2258 2523 alie
2280 2481 2523 2537 quindecim

586 2560 784 2602 locantur
802 2559 848 2601 in
867 2558 1089 2616 herbagio,
1111 2558 1324 2609 videlicet,
1349 2561 1536 2615 quatuor
1555 2573 1652 2600 cum
1682 2544 1904 2602 Herbarto
1935 2559 1988 2601 de
2019 2559 2222 2603 Morauia
2240 2561 2287 2603 in
2307 2560 2347 2603 le
2369 2561 2522 2611 Pullis,

587 2643 631 2682 et
661 2653 737 2682 sex
765 2639 811 2680 in
840 2641 1050 2681 armento·
1067 2637 1250 2680 Domine
1271 2637 1438 2693 Regine
1467 2638 1514 2680 in
1544 2638 1832 2690 Lossintrule‚
1855 2641 1899 2682 et
1918 2638 2083 2695 relique
2114 2640 2303 2697 quinque
2324 2640 2523 2684 locantur

586 2733 665 2775 per
694 2717 979 2761 senescallum
1009 2717 1225 2774 Kingorn‚
1257 2731 1336 2773 pro
1367 2718 1522 2773 quibus
1551 2718 1843 2775 respondebit,
1875 2719 2068 2775 precium
2101 2719 2221 2776 pecie
2251 2734 2306 2762 xv
2324 2734 2357 2762 s.
2389 2720 2451 2762 iiii
2466 2721 2522 2771 d.‚

591 2811 758 2840 summa
786 2797 864 2839 xiii
878 2797 952 2840 lib.
981 2797 1056 2840 xvi
1073 2811 1108 2840 s.
1126 2812 1137 2847 3
1168 2800 1214 2840 et
1242 2797 1380 2839 eidem
1401 2812 1480 2853 pro
1502 2798 1701 2841 secundis
1721 2798 1898 2841 decimis
1918 2798 2076 2842 debitis
2096 2799 2230 2856 priori
2248 2799 2302 2842 de
2323 2800 2525 2843 Rostinet

592 2877 644 2918 de
662 2868 705 2918 le
726 2876 885 2926 Halch,
901 2876 1010 2918 alias
1029 2876 1074 2918 in
1096 2876 1295 2919 manibus
1310 2876 1493 2919 Domine
1515 2877 1694 2935 Regiae,
1711 2891 1799 2920 non
1815 2878 1988 2935 scriptis
2003 2879 2049 2920 in
2064 2878 2236 2930 rentali,
2254 2879 2372 2921 xiiis.
2393 2879 2522 2930 iiiid.;

594 2961 638 2998 et
660 2956 797 2999 eidem
816 2970 895 3012 pro
915 2956 1040 2999 feodo
1071 2970 1163 3007 suc,
1196 2971 1250 2999 ex
1279 2957 1628 3000 consideracione
1648 2958 1909 3009 auditorum,
1942 2969 1970 3000 L
1986 2971 2019 3001 s.
2038 2973 2049 3008 3
2086 2962 2132 3001 et
2151 2973 2230 3014 per
2259 2958 2521 3002 solucionem

596 3035 760 3078 factam
791 3034 1028 3080 senescallo
1066 3035 1292 3092 Kingorne
1327 3037 1382 3079 ad
1416 3050 1630 3093 expensas
1664 3037 1849 3080 Domine
1888 3037 2069 3094 Regiae,
2104 3038 2199 3094 ipso
2234 3037 2399 3081 fatente
2442 3039 2525 3095 [re-

598 3113 783 3170 ceptum]
809 3127 937 3170 super
957 3117 1214 3170 compotum,
1236 3118 1280 3158 et
1299 3130 1377 3171 pro
1398 3115 1554 3172 quibus
1572 3117 1864 3173 respondebit,
1885 3116 1932 3158 iii
1947 3116 2019 3159 lib.
2040 3116 2115 3159 viii
2132 3130 2165 3159 s.
2187 3117 2218 3158 ii
2233 3117 2273 3159 d‘.

886 3193 1063 3235 Summa
1081 3191 1366 3250 expensarum
1386 3195 1435 3237 ii⁰
1455 3195 1562 3238 lxvii
1577 3196 1650 3239 lib.
1681 3196 1772 3239 xvii
1785 3209 1850 3239 ΒΛ
1880 3198 1926 3239 et
1950 3195 2012 3238 sic
2039 3198 2206 3238 restant
2235 3195 2282 3237 ix
2294 3195 2366 3238 lib.
2398 3197 2472 3239 xvi
2490 3210 2524 3239 s.

884 3271 983 3313 xd.:
1023 3272 1075 3313 de
1110 3273 1266 3327 quibus
1300 3273 1487 3317 allocata
1520 3275 1772 3332 compotori,
1807 3289 1886 3330 pro
1922 3274 2121 3318 secundis
2156 3274 2333 3317 decimis
2371 3276 2528 3318 debitis

885 3350 1019 3406 priori
1047 3350 1100 3393 de
1131 3351 1334 3396 Rostinet
1361 3353 1415 3397 de
1444 3354 1681 3410 gressumis
1705 3353 1882 3396 dominii
1910 3353 1963 3396 de
1997 3353 2198 3405 Brechin,
2219 3354 2278 3398 vii
2292 3354 2366 3398 lib.
2397 3355 2475 3397 xix
2491 3369 2525 3398 s.

886 3427 1014 3476 viiid.
1036 3430 1187 3473 obolus
1203 3446 1216 3482 3
1247 3435 1291 3475 et
1312 3432 1373 3475 sic
1392 3436 1562 3478 restant
1580 3433 1733 3477 xxxvii
1748 3447 1782 3477 s.
1812 3433 1885 3475 id.
1916 3432 2067 3476 obolus
2100 3463 2110 3475 .
