3022 3964
1057 624 1351 680 CARTAE
1394 625 1891 682 ORIGINALES.
2373 630 2443 683 15

491 829 649 860 errore
673 811 847 876 lapsus,
873 814 954 862 sed
981 830 1112 863 mera
1135 818 1185 863 et
1209 819 1471 879 spontanea
1493 814 1738 864 voluntate
1761 830 1848 863 sua
1872 815 1920 862 in
1955 815 2196 878 presentia
2230 815 2431 878 plurium

491 901 718 949 nobilium
746 902 899 965 Regni
926 918 1173 967 procerum
1198 907 1248 952 et
1272 904 1514 960 baronum,
1538 919 1596 952 ac
1619 903 1814 952 testium
1844 903 2215 967 subscriptorum
2254 932 2264 942 ·
2300 905 2436 953 nobis

492 1006 577 1054 per
597 991 771 1039 fustem
796 995 845 1039 et
870 990 1090 1039 baculum
1114 1007 1172 1040 ac
1195 1008 1282 1056 per
1304 1007 1415 1041 suas
1438 991 1605 1041 literas
1628 995 1864 1056 patentes,
1901 993 2025 1056 apud
2066 993 2212 1041 Perth
2249 1008 2432 1042 sursum

492 1079 699 1127 reddidit
723 1058 839 1143 pure
863 1085 914 1128 et
937 1080 1216 1144 simpliciter
1239 1081 1498 1144 resignauit
1536 1109 1547 1119 ·
1583 1080 1660 1128 Ac
1683 1085 1838 1129 totum
1871 1081 1951 1143 jus
1989 1085 2038 1129 et
2076 1081 2306 1129 clameum
2346 1099 2436 1146 que

492 1169 540 1216 in
566 1169 708 1217 dictis
729 1170 871 1219 terris
893 1173 943 1218 et
966 1170 1283 1218 aduocatione
1302 1169 1503 1219 ecclesie
1529 1169 1695 1218 habuit
1722 1169 1798 1218 vel
1820 1170 1995 1218 habere
2019 1170 2178 1234 potuit
2201 1186 2287 1233 pro
2311 1186 2362 1219 se
2386 1175 2435 1218 et

492 1257 746 1306 heredibus
780 1258 878 1306 suis
912 1258 1103 1306 omnino
1127 1257 1518 1322 quieteclamauit
1542 1259 1888 1322 imperpetuum
1929 1287 1938 1297 ·
1976 1259 2227 1308 Tenendas
2265 1263 2314 1308 et
2351 1260 2435 1308 ha-

490 1346 670 1394 bendas
694 1346 848 1395 dictas
881 1350 1036 1394 terras
1060 1350 1109 1394 et
1134 1346 1494 1395 aduocationem
1521 1346 1723 1395 ecclesie
1749 1348 1807 1394 de
1832 1347 2123 1411 Cortoqwhy
2147 1365 2253 1396 cum
2288 1351 2435 1412 perti-

489 1434 670 1482 nenciis
705 1435 891 1498 prefato
929 1434 1149 1482 Waltero
1183 1435 1321 1483 fratri
1355 1439 1534 1491 nostro,
1569 1435 1826 1484 heredibus
1861 1437 1960 1485 suis
1996 1442 2046 1485 et
2083 1438 2348 1501 assignatis,
2376 1439 2434 1485 de

491 1524 680 1572 domino
703 1528 868 1572 nostro
897 1525 1044 1587 Rege,
1080 1528 1130 1572 et
1166 1524 1419 1574 heredibus
1454 1525 1570 1581 suis,
1606 1525 1655 1572 in
1689 1526 1829 1574 feodo
1868 1531 1917 1574 et
1953 1527 2240 1575 hereditarie
2266 1529 2437 1591 imper-

464 1616 695 1676 ‘petuum‚
735 1628 820 1676 per
860 1627 1022 1660 omnes
1063 1616 1221 1661 rectas
1262 1617 1416 1662 metas
1457 1618 1506 1662 et
1548 1614 1726 1663 diuisas
1763 1631 1874 1663 suas
1911 1616 2145 1679 antiquas,
2197 1617 2244 1663 in
2292 1633 2431 1664 unam

490 1703 720 1764 integram
745 1705 794 1749 et
811 1701 1009 1749 liberam
1032 1701 1292 1758 baroniam,
1316 1717 1424 1750 cum
1449 1703 1583 1751 furca
1607 1707 1655 1751 et
1678 1704 1820 1759 fossa,
1845 1704 1945 1760 sok‚
1970 1704 2071 1759 sak,
2096 1703 2230 1759 tholl,
2255 1705 2428 1760 theme,

488 1791 874 1854 infangandthefe
897 1794 947 1838 et
978 1790 1416 1854 outfangandthefe,
1452 1807 1559 1838 cum
1594 1792 1857 1840 tenandriis
1895 1796 1944 1839 et
1982 1791 2129 1840 libere
2165 1794 2426 1841 tenentium

486 1881 713 1936 seruiciis,
750 1895 856 1927 cum
892 1879 1049 1936 curiis,
1085 1879 1322 1928 eschaetis
1357 1883 1406 1928 et
1446 1880 1681 1928 curiarum
1718 1880 1940 1937 exitibus,
1977 1881 2146 1930 bondis
2181 1882 2428 1945 bondagiis

486 1969 665 2018 natiuis
701 1972 751 2016 et
789 1984 950 2017 eorum
989 1967 1209 2031 sequelis,
1243 1967 1294 2016 in
1331 1968 1489 2018 boscis
1522 1969 1677 2032 planis
1712 1969 1857 2018 moris
1880 1970 2096 2018 maresiis
2121 1971 2208 2019 viis
2242 1972 2425 2020 semitis

486 2058 621 2122 aquis
643 2057 823 2120 stagnis
857 2057 1009 2121 pratis
1042 2056 1233 2121 pascuis
1267 2061 1318 2105 et
1352 2056 1577 2120 pasturis,
1603 2057 1886 2106 molendinis
1922 2058 2142 2107 multuris
2178 2064 2226 2107 et
2264 2076 2425 2107 eorum

486 2147 704 2211 sequelis,
742 2146 1143 2211 aucupacionibus
1178 2146 1518 2196 venacionibus
1560 2151 1609 2194 et
1645 2147 1993 2210 piscacionibus
2031 2176 2040 2185 -
2078 2163 2183 2195 cum
2227 2148 2428 2197 brasinis

485 2237 697 2301 pistrinis
715 2240 765 2285 et
783 2236 980 2285 fabrinis
997 2251 1103 2284 cum
1127 2235 1286 2299 lapide
1305 2239 1354 2283 et
1373 2235 1504 2283 calce
1542 2263 1553 2273 ·
1589 2251 1646 2283 ac
1666 2251 1775 2283 cum
1799 2235 2017 2284 omnibus
2035 2235 2142 2284 aliis
2161 2242 2209 2284 et
2229 2237 2424 2300 singulis

484 2325 786 2374 libertatibus
807 2324 1101 2373 aisiamentis
1125 2327 1174 2371 et
1198 2323 1336 2372 iustis
1359 2324 1666 2387 pertinenciis
1683 2324 2041 2387 quibuscunque
2059 2328 2159 2371 tam
2184 2325 2270 2373 sub
2291 2330 2422 2374 terra

484 2431 626 2478 quam
650 2430 792 2478 supra
815 2418 1007 2467 terram,
1030 2416 1130 2460 tam
1155 2428 1250 2460 non
1273 2411 1530 2460 nominatis
1553 2427 1692 2474 quam
1717 2412 1986 2467 nominatis,
2004 2412 2168 2475 procul
2192 2417 2240 2460 et
2264 2430 2421 2477 prope,

484 2505 546 2551 ad
572 2503 725 2552 dictas
746 2506 900 2550 terras
924 2505 973 2549 et
996 2501 1359 2549 aduocationem
1383 2500 1582 2549 ecclesie
1606 2500 1934 2564 spectantibus
1965 2516 2047 2548 seu
2071 2516 2257 2564 quoquo
2282 2504 2422 2550 modo

486 2597 702 2656 spectare
726 2590 993 2640 valentibus
1027 2590 1076 2636 in
1110 2590 1273 2638 futuro
1311 2617 1323 2628 ·
1359 2589 1502 2638 Adeo
1536 2588 1683 2636 libere
1719 2592 1769 2636 et
1805 2588 1964 2651 quiete
1998 2587 2207 2651 plenarie
2242 2590 2423 2653 integre

486 2681 739 2730 honorifice
762 2681 882 2728 bene
906 2682 956 2726 et
979 2678 1029 2726 in
1051 2693 1168 2741 pace
1193 2678 1241 2725 in
1265 2677 1482 2726 omnibus
1506 2680 1555 2724 et
1578 2691 1664 2740 per
1685 2676 1858 2731 omnia,
1895 2675 2018 2724 sicut
2053 2676 2210 2725 dictus
2244 2678 2423 2725 Arche-

485 2770 654 2819 baldus
696 2773 780 2817 aut
817 2768 1177 2832 predecessores
1218 2765 1304 2822 sui,
1343 2765 1498 2814 dictas
1533 2769 1687 2813 terras
1723 2768 1774 2812 et
1811 2764 2174 2814 aduocationem
2222 2765 2420 2815 ecclesie

486 2876 591 2907 cum
631 2855 950 2922 pertinenciis,
992 2855 1051 2903 de
1094 2853 1284 2903 domino
1324 2857 1488 2902 nostro
1525 2853 1656 2915 Rege
1691 2856 1803 2900 ante
1840 2852 2013 2900 dictam
2052 2854 2418 2916 resignacionem

484 2948 622 2996 nobis
660 2947 837 2994 factam
876 2943 1070 2992 liberius
1107 2942 1319 3006 quiecius
1359 2940 1543 3005 plenius
1582 2944 1666 2988 aut
1707 2941 2097 2990 honorificencius
2137 2943 2292 2991 tenuit
2333 2960 2417 2993 seu

487 3035 697 3101 possedit
720 3037 974 3083 tenuerunt
1009 3048 1092 3082 seu
1126 3031 1436 3095 possederunt
1474 3056 1485 3067 ·
1521 3029 1763 3076 Faciendo
1787 3029 1975 3076 domino
2009 3034 2173 3078 nostro
2209 3031 2328 3094 Regi
2365 3038 2414 3080 et

486 3125 738 3174 heredibus
761 3123 870 3178 suis,
895 3122 1050 3170 dictus
1080 3119 1326 3168 Walterus
1348 3119 1548 3166 heredes
1583 3117 1655 3165 sui
1691 3121 1741 3165 et
1776 3117 2002 3180 assignati
2028 3119 2086 3165 de
2111 3118 2252 3167 dictis
2277 3121 2418 3170 terris

487 3219 537 3263 et
560 3212 872 3262 aduocatione
897 3209 1095 3259 ecclesie
1119 3208 1332 3272 predicte
1356 3222 1464 3255 cum
1489 3205 1794 3270 pertinenciis
1826 3205 2027 3253 seruicia
2051 3205 2212 3254 debita
2236 3211 2285 3255 et
2311 3223 2419 3256 con-

484 3308 624 3352 sueta
662 3330 671 3341 ·
709 3302 768 3350 In
793 3300 929 3349 cuius
954 3299 1046 3347 Rei
1068 3296 1393 3347 testimonium
1421 3294 1628 3358 presenti
1653 3297 1785 3340 carte
1819 3296 1994 3349 nostre,
2031 3293 2243 3355 Sigillum
2280 3296 2418 3343 officii
