3016 3958
1072 653 1364 710 CARTAE
1410 654 1909 710 ORIGINALES.
2402 659 2472 712 89

519 933 827 983 Confirmatio
853 934 1102 982 Cart-arum
1138 935 1196 983 de
1231 934 1454 983 libertate
1479 935 1537 982 de
1565 934 1784 998 Brechyn
1808 934 1856 982 in
1880 933 2098 983 omnibus
2122 951 2206 998 per
2228 936 2262 982 J
2266 936 2463 984 acobum

517 1024 776 1072 secundum
803 1024 985 1086 Regem
1010 1024 1283 1072 Scottorum
1310 1024 1368 1071 de
1392 1023 1610 1072 omnibus
1634 1022 1793 1071 Cartis
1831 1050 1841 1060 ·

275 1196 490 1247 XLVII.
524 1170 764 1251 Jacobus
803 1202 896 1250 Dei
933 1203 1090 1265 gratia
1130 1203 1240 1250 Rex
1282 1202 1534 1249 Scotorum
1573 1229 1582 1239 ·
1623 1229 1632 1239 ·
1671 1229 1682 1240 ·
1721 1201 1897 1250 Sciatis
1932 1218 2019 1251 nos
2049 1202 2312 1266 inspexisse
2351 1232 2361 1239 -
2403 1231 2412 1240 ·
2454 1232 2462 1240 -

515 1293 743 1356 quasdam
779 1294 938 1340 cartas
971 1290 1302 1338 nonnullorum
1339 1291 1723 1354 predecessorum
1758 1295 2026 1340 nostrorum
2064 1292 2248 1355 Regum
2285 1293 2459 1347 Scotie,

514 1382 764 1446 quamdam
803 1380 947 1428 etiam
987 1380 1301 1443 cognitionem
1335 1380 1511 1427 factam
1551 1396 1613 1427 ex
1651 1380 1877 1428 mandato
1915 1380 2107 1428 domini·
2130 1380 2277 1444 Regis
2302 1381 2462 1429 Dauid

515 1499 524 1508 ·
565 1499 574 1509 ·
614 1499 623 1509 ·
659 1487 744 1534 per
779 1486 910 1519 suum
948 1470 1259 1517 camerarium
1287 1467 1558 1516 Walterum
1584 1469 1758 1531 Bigare
1795 1497 1806 1507 ·
1846 1468 2042 1517 Necnon
2066 1468 2210 1517 aliam
2234 1470 2461 1533 cognitio-

510 1576 617 1608 nem
642 1577 704 1608 ex
728 1560 952 1607 mandato
977 1562 1141 1606 nostro
1164 1558 1341 1605 factam
1366 1573 1451 1621 per
1473 1556 1507 1603 J
1511 1557 1745 1605 ohannem
1780 1558 1839 1605 de
1875 1557 2044 1621 Ogilvy
2081 1559 2139 1606 de
2174 1559 2459 1608 Luntrethin

510 1651 568 1698 de
591 1649 894 1697 libertatibus
929 1650 978 1695 et
1014 1646 1275 1711 priuilegiis
1299 1645 1499 1695 ecclesie
1527 1646 1863 1695 Brechinensis
1900 1675 1911 1685 ·
1947 1646 2107 1695 Aliam
2132 1647 2277 1696 etiam
2302 1650 2459 1711 cogni-

507 1740 685 1788 tionem
722 1754 784 1786 ex
818 1738 1044 1785 mandato
1079 1740 1242 1785 nostro
1277 1736 1455 1783 factam
1492 1750 1652 1783 coram
1688 1735 1818 1784 dicto
1843 1736 2034 1784 domino
2058 1736 2092 1784 J
2097 1737 2281 1785 ohanne
2304 1738 2456 1786 milite

509 1830 567 1876 de
592 1828 773 1877 Itinere
800 1826 1072 1874 Camerarie
1107 1841 1193 1889 pro
1231 1825 1361 1872 dicto
1386 1824 1576 1872 domino
1602 1824 1842 1888 Episcopo
1880 1853 1890 1863 -
1928 1825 2330 1889 Quarumquidem
2355 1843 2457 1875 car-

506 1923 662 1967 tarum
704 1921 753 1965 et
795 1915 1114 1979 cognitionum
1154 1918 1346 1962 tenores
1381 1917 1643 1977 sequuntur
1679 1941 1689 1951 ·
1729 1942 1739 1952 ·
1779 1941 1789 1951 ·
1828 1913 2100 1963 Willelmus
2139 1915 2251 1963 Rex
2293 1916 2453 1965 Scotie

508 2035 517 2044 ·
558 2035 569 2045 ·
608 2035 617 2044 ·
655 2006 830 2055 Sciatis
853 2021 927 2052 me
952 2003 1240 2052 concessisse
1276 2007 1324 2051 et
1361 2006 1496 2050 carta
1519 2018 1626 2050 mea
1649 2003 1950 2052 confirmasse
1975 2003 2210 2068 episcopis
2245 2009 2294 2053 et
2333 2006 2454 2069 Kyl-

424 2148 426 2150 .
506 2095 607 2143 deis
653 2096 711 2142 de
758 2093 959 2142 ecclesia
1007 2092 1315 2140 Brechinensi
1364 2092 1667 2140 donationem
1712 2090 1843 2139 illam
1881 2108 2021 2156 quam
2065 2094 2197 2141 dedit
2234 2094 2302 2142 eis
2343 2095 2451 2142 Rex

505 2185 664 2232 Dauid
702 2200 820 2231 auus
857 2198 989 2231 meus
1026 2198 1111 2245 per
1149 2185 1330 2229 cartam
1367 2197 1500 2229 suam
1537 2181 1596 2228 de
1631 2181 1735 2229 foro
1773 2180 2118 2245 imperpetuum
2144 2182 2367 2230 habituro
2403 2184 2450 2230 111

502 2273 615 2322 villa
638 2289 724 2337 per
749 2273 850 2321 dies
874 2271 1134 2319 dominicos
1159 2271 1295 2318 Adeo
1318 2270 1466 2318 libere
1492 2270 1616 2318 sicut
1642 2270 1908 2334 Episcopus
1931 2271 2272 2319 Sanctiandree
2296 2272 2447 2319 forum

502 2363 646 2411 habet
685 2390 694 2401 ι
733 2363 862 2410 Test.
912 2361 1104 2407 Andrea
1154 2359 1392 2422 Episcopo
1442 2359 1500 2406 de
1548 2358 1780 2407 Cateness
1827 2358 2058 2407 Nicholao
2101 2359 2398 2408 Cancellario
2436 2390 2446 2399 ·

504 2453 645 2517 Apud
684 2451 888 2499 Brechin
927 2479 937 2488 ·
975 2449 1191 2497 Alterius
1225 2464 1336 2496 vero
1372 2452 1503 2496 carte
1540 2447 1718 2494 domini
1756 2447 1958 2495 Roberti
1991 2448 2138 2511 Regis
2161 2453 2299 2496 tenor
2336 2477 2346 2486 ·
2387 2478 2396 2487 -
2436 2478 2445 2487 ·

503 2546 576 2590 est
601 2541 726 2596 talis,
755 2540 996 2587 Robertus
1022 2538 1115 2585 Dei
1138 2537 1293 2600 gratia
1321 2537 1428 2584 Rex
1454 2537 1703 2584 Scotorum
1731 2536 2017 2584 Vicecomiti
2054 2541 2103 2585 et
2139 2536 2327 2586 balliuis
2350 2539 2447 2587 suis

503 2632 561 2678 de
599 2630 795 2677 Forfare
833 2627 1046 2675 Salutem
1085 2626 1235 2674 Vobis
1271 2641 1354 2688 per
1389 2629 1635 2688 presentes
1665 2625 1864 2673 firmiter
1897 2625 2165 2674 inhibemus
2202 2643 2260 2674 ne
2296 2627 2447 2675 forum

503 2720 561 2766 de
587 2718 792 2766 Breehin
829 2717 877 2764 in
913 2716 1046 2764 cuius
1068 2714 1291 2762 libertate
1326 2717 1375 2761 et
1410 2714 1706 2776 possessione
1732 2713 1917 2761 diutina
1942 2730 2066 2762 nunc
2100 2719 2211 2764 sunt
2248 2715 2444 2779 Episco-

502 2824 590 2872 pus
631 2812 680 2856 et
721 2806 935 2855 canonici
978 2803 1174 2853 ecclesie
1223 2802 1558 2850 Brechinensis
1595 2805 1645 2850 et
1686 2802 1759 2850 sui
1799 2802 1989 2851 fuerunt
2024 2804 2382 2866 predecessores
2415 2821 2445 2852 a

500 2898 639 2962 longo
674 2900 814 2961 prout
850 2911 911 2943 ex
947 2893 1175 2941 relatione
1211 2891 1445 2953 fidedigna
1479 2890 1779 2953 concepimus
1813 2894 1897 2938 aut
1931 2890 2115 2954 aliquas
2150 2893 2444 2942 mercandias

501 2987 677 3034 ibidem
715 2984 1006 3033 exercendas
1044 2982 1092 3029 in
1129 2980 1290 3044 aliquo
1327 2979 1536 3042 grauetis
1572 2979 1862 3041 perturbetis
1897 2979 1970 3027 vel
2006 2980 2276 3044 impediatis
2305 2981 2445 3030 aliter

501 3091 642 3139 quam
681 3075 729 3121 in
765 3074 918 3121 forma
955 3069 1214 3119 communis
1245 3068 1434 3131 justitie
1473 3070 1667 3130 propter
1703 3083 2020 3131 quascumque
2057 3067 2224 3119 literas
2246 3086 2276 3118 3
2305 3072 2440 3119 nobis

501 3164 700 3212 forsitan
724 3163 1002 3226 impetratas
1025 3161 1265 3222 hucusque
1300 3156 1376 3204 vel
1410 3157 1468 3203 de
1504 3159 1665 3204 cetero
1689 3155 2012 3219 impetrandas
2050 3158 2096 3204 in
2130 3158 2440 3221 preiudicium

501 3253 758 3300 eorundem
796 3279 806 3288 ·
844 3251 903 3298 In
927 3249 1062 3297 cuius
1101 3247 1190 3294 Rei
1224 3245 1547 3294 testimonium
1583 3244 1670 3293 has
1705 3243 1871 3293 literas
1893 3250 2081 3294 nostras
2118 3247 2249 3296 vobis
2285 3252 2442 3296 osten-

503 3342 684 3389 dendas
707 3355 853 3404 penes
876 3339 1004 3402 ipsos
1027 3337 1296 3400 episcopum
1323 3339 1373 3382 et
1399 3333 1652 3382 canonicos
1688 3349 1986 3383 remansuras
2008 3334 2099 3383 sibi
2124 3335 2224 3382 fieri
2248 3336 2445 3385 fecimus

1479 3438 1519 3467 m
