3016 3958
283 1991 518 2038 LXXIV.

534 641 644 693 134
1110 635 1406 692 OARTAE
1451 633 1950 690 ORIGINALES.

534 844 637 876 cum
675 828 749 876 vel
784 827 972 892 publica
1008 827 1144 874 unius
1179 827 1359 874 tenoris
1394 825 1756 873 instrumentum
1795 822 1868 871 vel
1903 824 2220 895 instrumenta
2255 827 2381 875 Acta
2402 826 2473 873 fu-

535 922 675 966 erunt
710 919 798 966 hec
833 918 880 964 in
917 917 1132 981 predicto
1157 915 1331 979 oppido
1357 913 1720 977 Andwerpiensi
1755 913 1803 959 in
1838 913 2046 977 hospitio
2081 913 2260 977 speculi
2296 915 2475 964 situato

536 1009 584 1054 in
622 1008 725 1055 vico
763 1006 1071 1068 Anglicorum
1105 1018 1116 1051 l
1150 1006 1290 1052 Anno
1325 1003 1583 1051 indictione
1623 1030 1632 1040 ·
1673 1030 1682 1040 ·
1723 1030 1732 1039 ·
1769 1002 2010 1065 premissis
2047 1003 2353 1052 Presentibus
2389 1003 2476 1051 ibi-

537 1098 644 1144 dem
669 1095 879 1144 honestis
902 1095 1014 1143 viris
1039 1094 1284 1142 Bernardo
1312 1091 1498 1140 Rondel
1522 1095 1785 1139 mercatore
1823 1091 2169 1140 Mediolanensi
2205 1097 2251 1140 et
2287 1092 2321 1139 J
2325 1092 2477 1141 oroni-

540 1201 617 1233 mo
658 1183 868 1247 Perrigol
905 1199 966 1231 ex
1004 1183 1178 1246 oppido
1217 1183 1382 1230 Sancti
1423 1180 1638 1236 Quintini
1674 1179 1873 1227 oriundo
1913 1181 2117 1229 testibus
2152 1183 2213 1228 ad
2248 1181 2479 1245 premissa

541 1275 722 1322 vocatis
750 1273 1019 1337 specialiter
1042 1276 1090 1319 et
1116 1270 1293 1333 rogatis
1332 1298 1341 1307 ·

611 1365 713 1427 Ego
738 1362 1038 1411 Donatianus
1063 1361 1195 1408 Heer
1219 1359 1531 1407 Tornacensis
1556 1359 1772 1421 dyocesis
1797 1358 1985 1406 Artium
2005 1359 2228 1422 magister
2251 1363 2301 1407 et
2323 1358 2476 1422 legum

545 1451 882 1500 Baccbalarius
906 1450 1120 1514 publicus
1155 1464 1292 1496 sacra
1325 1447 1557 1511 imperiali
1586 1447 1874 1495 auctoritate
1898 1448 2112 1496 notarius
2136 1464 2317 1496 necnon
2342 1464 2480 1496 vene-

545 1542 706 1590 rabilis
729 1541 857 1588 curie
884 1538 1182 1603 Episcopalis
1208 1536 1519 1584 Tornacensis
1543 1535 1756 1583 notarius
1774 1535 1963 1596 juratus
2000 1565 2009 1574 ·
2049 1565 2058 1574 ·
2099 1565 2108 1574 ·

554 1954 634 2035 In
657 1988 845 2036 nomine
883 1986 1074 2034 Domini
1115 2013 1125 2022 ·
1214 1987 1426 2047 pateat
1450 1983 1696 2029 euidenter
1731 1983 1855 2044 quod
1891 1997 2014 2028 anno
2050 1981 2109 2028 ab
2146 1981 2482 2074 Incarpatione

1862 2049 1961 2080 quaint

549 2089 801 2137 Dominica
827 2086 1073 2134 millesimo
1109 2083 1570 2149 quadringentesimo
1606 2083 1908 2174 nonagAesimo
1943 2082 2118 2130 mensis
2145 2082 2369 2131 ees-ebus
2406 2083 2481 2130 die

547 2156 677 2181 vciiesmo
660 2162 729 2187 opn
708 2155 778 2179 rimo
1048 2153 1154 2178 deeim-
1139 2156 1264 2183 aquai-‘a
1766 2148 1891 2174 lexandr'i
2383 2150 2455 2175 sexti

550 2193 693 2237 sc÷1÷e
735 2188 991 2235 indictione
1032 2201 1157 2234 nesta
1204 2185 1515 2232 Pontificatus
1553 2211 1562 2221 ·
1606 2210 1612 2218 ·
1652 2211 1661 2220 ·
1703 2182 2022 2231 lmese-etii·
2111 2200 2278 2247 ·pape
2319 2184 2480 2232 cetae-i

545 2306 669 2337 anno
707 2289 913 2352 seps-⁹23
953 2316 961 2325 ·
1002 2315 1012 2324 ·
1051 2315 1060 2324 ·
1098 2284 1410 2349 personaliter
1441 2284 1742 2332 Constitutus
1771 2285 2055 2332 reuerendus
2089 2284 2135 2330 in
2167 2285 2235 2331 Χο
2257 2289 2394 2348 pater
2427 2299 2483 2332 ac

547 2379 762 2426 dominus
812 2376 1082 2423 Willelmus
1126 2403 1134 2412 ·
1176 2403 1185 2412 ·
1226 2403 1234 2411 ·
1279 2374 1546 2437 Episcopus
1593 2372 1928 2421 Brechinensis
1972 2402 1981 2410 ·
2028 2402 2038 2410 ·
2084 2401 2094 2411 ·
2134 2373 2250 2422 fecit
2289 2402 2298 2411 ·
2339 2402 2348 2411 ·
2388 2402 2398 2413 ·
2435 2379 2484 2422 et

547 2467 852 2530 solempniter
892 2464 1130 2513 ordinauit
1168 2492 1177 2500 ·
1217 2491 1227 2500 ·
1267 2491 1277 2500 ·
1314 2461 1607 2510 venerabiles
1647 2466 1697 2509 et
1738 2478 1906 2526 magne
1948 2463 2384 2527 circumspectionis
2421 2465 2487 2511 vi-

548 2577 624 2608 ros
661 2560 910 2622 magistros
933 2562 997 2605 ¹et
1039 2557 1253 2605 dominos
1290 2556 1554 2603 Robertum
1594 2555 1781 2618 Keytht
1817 2556 1864 2603 in
1905 2572 2041 2604 sacra
2073 2557 2312 2620 theologia
2345 2558 2489 2606 licen-

547 2650 717 2697 tiatum
760 2653 992 2696 rectorem
1028 2647 1085 2694 de
1122 2645 1289 2693 Disart
1329 2643 1598 2692 Walterum
1643 2644 1938 2693 Drummond
1980 2645 2312 2694 cancellarium
2355 2646 2488 2694 Dun-

547 2739 818 2786 keldensem
869 2737 1130 2783 Robertum
1180 2731 1428 2799 Bosu[all]
1468 2734 1526 2780 de
1562 2733 1887 2797 Ouchirderay
1923 2734 2096 2782 Daniel
2132 2735 2342 2783 Setoune
2388 2752 2488 2784 rec-

548 2832 698 2875 torem
738 2827 795 2873 de
833 2825 1124 2873 Feterkerne
1165 2822 1457 2869 Willelmum
1502 2823 1685 2870 Mowat
1720 2826 1952 2871 rectorem
1991 2825 2049 2870 de
2091 2824 2363 2872 Arbuthnat
2398 2826 2486 2873 Jo-

551 2918 751 2963 hannem
793 2915 946 2976 Barry
983 2913 1208 2960 vicarium
1249 2913 1305 2958 de
1347 2911 1519 2958 Dunde
1551 2915 1600 2958 et
1623 2912 1908 2960 sanctissimi
1945 2911 2171 2974 domini[

551 3007 700 3070 pa]pe
748 3002 1047 3050 collectorem
1097 3000 1389 3048 Willelmum
1447 2999 1637 3063 Couper
1691 3000 1957 3049 Gilbertum
2015 3001 2234 3051 Haldane
2291 3004 2484 3051 Petrum

555 3087 786 3141 Alessoun
824 3091 1075 3138 Matheum
1113 3091 1170 3136 de
1210 3089 1357 3136 Poldo
1386 3105 1496 3137 suos
1520 3105 1656 3138 veros
1692 3117 1703 3128 ·
1742 3118 1752 3126 -
1792 3095 2168 3153 ·procurat0res
2205 3121 2215 3130 ·
2254 3120 2264 3129 ·
2304 3093 2486 3142 ·Dans

605 3211 614 3220 -
653 3211 663 3219 -
705 3180 845 3227 dictis
887 3180 983 3227 suis
1029 3179 1413 3239 procuratoribus
1453 3193 1510 3225 ac
1551 3177 1793 3225 cuilibet·
1883 3183 2215 3243 ·potestatem
2255 3210 2264 3219 ·
2305 3210 2314 3219 ·
2354 3211 2363 3219 -
2399 3199 2484 3246 pro

498 3318 504 3323 -
552 3299 602 3331 se
642 3311 651 3319 -
691 3310 700 3318 -
739 3309 749 3318 ·
786 3296 942 3327 coram
990 3279 1286 3327 sanctissimo
1326 3278 1516 3326 domino
1555 3282 1718 3326 nostro
1764 3207 2046 3328 ffle
2091 3297 2214 3344 papa
2261 3284 2484 3331 moderno

555 3371 764 3433 Eiusque
789 3369 1046 3415 camerario
1071 3384 1153 3415 seu
1172 3367 1533 3415 vicecamerario
1558 3371 1606 3414 et
1631 3366 1815 3416 clericis
1838 3383 1895 3415 ac
1919 3369 2120 3418 dominis
2143 3386 2327 3418 camere
2350 3388 2486 3435 apos-
