3016 3958
315 2618 460 2666 LIII.

1056 648 1348 705 CARTAE
1400 648 1900 705 ORIGINALES.
2379 650 2449 710 97

495 839 693 903 placebo
718 843 767 888 et
793 839 940 902 dirige
977 855 1035 888 ac
1071 840 1215 889 missa
1253 841 1311 887 de
1347 839 1555 903 requiem
1582 856 1690 888 cum
1715 843 1831 888 nota
1854 839 2199 888 celebrabimus
2222 840 2438 889 habendo

495 929 677 977 animas
715 945 825 978 suas
862 957 872 967 ·
911 957 922 967 ·
961 957 970 967 ·
1007 929 1055 976 in
1096 930 1272 978 nostris
1309 958 1319 967 ·
1361 957 1371 966 ·
1411 958 1421 967 ·
1457 929 1700 978 memoriis
1733 932 1787 976 ut
1823 932 2099 977 consuetum
2141 932 2215 979 est
2252 957 2263 966 ·
2300 929 2438 978 Insu-

494 1034 579 1081 per
615 1034 701 1066 nos
739 1017 901 1066 vicarii
939 1045 949 1056 ·
989 1045 998 1055 ·
1037 1044 1048 1056 -
1085 1017 1348 1081 obligamus
1386 1034 1472 1066 nos
1496 1018 1627 1066 dicto
1654 1017 1872 1066 Roberto
1895 1018 1955 1065 ad
1996 1046 2006 1055 ·
2047 1046 2056 1055 ·
2097 1045 2106 1055 ·
2143 1017 2434 1081 implendum

493 1106 695 1156 seruicia
718 1107 879 1155 diuina
901 1123 987 1171 pro
1010 1107 1256 1156 animabus
1280 1107 1513 1156 dictorum
1554 1107 1756 1155 Roberti
1794 1111 1843 1155 et
1883 1106 2112 1154 Mariorie
2136 1121 2241 1154 cum
2268 1122 2350 1155 eos
2373 1107 2433 1154 ab

492 1196 583 1244 hac
605 1195 710 1244 luce
735 1196 934 1259 migrare
958 1196 1210 1259 contigerit
1235 1200 1375 1259 prout
1398 1201 1499 1244 tam
1534 1196 1582 1243 in
1617 1195 1712 1244 alia
1746 1200 1880 1244 carta
1904 1195 2020 1243 dicti
2047 1195 2250 1243 Roberti
2275 1200 2324 1244 et
2348 1197 2434 1245 sub

492 1284 646 1348 sigillo
686 1301 771 1334 suo
807 1285 944 1333 nobis
980 1284 1089 1332 inde
1128 1285 1346 1333 confecta
1382 1289 1432 1332 et
1469 1285 1650 1333 tradita
1683 1287 1867 1332 tactum
1892 1288 1966 1333 est
2004 1312 2015 1321 ·
2054 1311 2064 1321 ·
2103 1312 2113 1322 ·
2151 1284 2210 1331 In
2237 1301 2433 1349 quorum

493 1401 505 1412 ·
545 1402 555 1412 -
594 1402 604 1411 ·
639 1374 779 1421 fidem
818 1401 828 1411 -
867 1401 878 1411 ·
917 1401 928 1411 ·
964 1388 1050 1421 nos
1096 1373 1259 1421 vicarii
1298 1401 1308 1410 ·
1348 1401 1358 1411 ·
1397 1401 1407 1411 ·
1445 1374 1557 1437 quia
1610 1373 1764 1437 sigilla
1809 1373 2001 1437 propria
2046 1389 2140 1421 non
2186 1374 2435 1423 habuimus

489 1462 703 1525 Sigillum
730 1461 988 1510 Commune
1012 1461 1208 1525 capituli
1246 1489 1256 1499 ·
1296 1490 1305 1499 -
1345 1490 1355 1500 ·
1392 1462 1749 1526 procurauimus
1770 1462 1959 1511 nomine
1983 1462 2180 1526 capituli
2207 1463 2435 1511 Brechin-

488 1551 614 1600 ensis
651 1566 810 1599 coram
846 1551 1050 1599 testibus
1086 1550 1173 1598 viz.
1201 1550 1566 1600 Venerabilibus
1600 1552 1712 1600 viris
1747 1551 1987 1615 magistris
2024 1556 2072 1600 et
2110 1552 2311 1601 dominis
2338 1553 2435 1601 Ro-

488 1641 624 1688 berto
648 1641 707 1688 de
733 1639 980 1688 Crannoch
1017 1642 1211 1687 cantore
1237 1639 1482 1703 Stephano
1518 1641 1682 1703 Angus
1716 1640 2016 1688 thezaurario
2050 1640 2083 1687 J
2088 1641 2272 1689 ohanne
2310 1642 2430 1690 Steil

486 1729 798 1793 prebendario
836 1729 894 1776 de
934 1727 1137 1792 Kylmor
1172 1728 1206 1774 J
1211 1728 1395 1776 ohanne
1422 1729 1699 1792 Monypeny
1729 1729 2042 1792 prebendario
2078 1730 2135 1777 de
2174 1730 2429 1794 Buthirgill

486 1818 816 1867 concanonicis
838 1833 1022 1866 necnon
1047 1817 1236 1865 domino
1262 1816 1418 1866 Alano
1455 1817 1661 1866 Simonis
1696 1817 1941 1881 capellano
1965 1817 2138 1866 clerico
2170 1819 2428 1882 parochiali

486 1907 689 1956 dominis
731 1907 971 1956 Edwardo
1014 1905 1216 1954 Roberti
1259 1910 1308 1954 et
1353 1905 1598 1954 Willelmo
1640 1906 1827 1970 Smyith
1863 1907 1911 1954 in
1945 1907 2110 1955 ordine
2150 1907 2427 1956 diaconatus

486 1996 717 2046 ordinatis
739 1999 789 2044 et
813 1994 976 2044 multis
998 1994 1118 2050 aliis,
1142 2010 1200 2042 ac
1223 1994 1522 2058 presentibus
1545 1995 1750 2059 appendi
1774 2011 1972 2043 vnacum
1993 1994 2157 2058 Sigillo
2180 1997 2424 2045 autentico

484 2087 657 2151 prefati
681 2085 927 2134 reuerendi
951 2084 1101 2149 patris
1125 2083 1222 2132 xvii
1247 2084 1323 2132 die
1347 2084 1523 2133 mensis
1559 2084 1841 2133 Nouembris
1864 2100 1988 2132 anno
2014 2084 2208 2133 Domini
2232 2084 2424 2134 millesi-

483 2193 561 2225 mo
608 2173 1069 2240 quadringentesimo
1115 2172 1502 2236 quinquagesimo
1547 2173 1692 2220 tertio
1737 2173 1785 2220 in
1835 2173 2059 2237 Capitulo
2112 2174 2420 2223 Brechinensi

482 2269 591 2330 post
614 2264 812 2329 primam
838 2265 887 2310 in
909 2261 1232 2311 testimonium
1258 2262 1475 2310 veritatis
1498 2261 1703 2310 omnium
1729 2262 2059 2325 premissorum
2098 2291 2110 2301 ·

485 2466 860 2513 Instrumentum
886 2463 1069 2511 Saisine
1094 2463 1127 2509 J
1132 2462 1330 2510 ohannis
1355 2462 1516 2509 Smart
1555 2490 1563 2499 ·

493 2586 572 2667 In
617 2618 711 2666 Dei
752 2616 940 2665 nomine
979 2643 988 2653 ·
1029 2643 1038 2652 ·
1078 2642 1087 2652 ·
1123 2617 1288 2677 pateat
1331 2614 1578 2661 euidenter
1617 2616 1741 2677 quod
1777 2631 1901 2664 anno
1937 2617 2131 2666 Domini
2166 2619 2414 2669 millesimo

485 2705 944 2774 quadringentesimo
970 2701 1354 2766 quinquagesimo
1377 2705 1551 2749 octauo
1575 2703 1749 2751 mensis
1773 2719 1883 2752 vero
1908 2705 2026 2768 Maij
2066 2707 2141 2755 die
2177 2724 2300 2756 nono
2336 2709 2416 2756 In-

482 2799 689 2847 dictione
727 2798 868 2845 sexta
906 2792 1218 2841 Pontificatus
1255 2819 1264 2828 ·
1305 2819 1314 2828 ·
1354 2818 1364 2828 -
1402 2790 1571 2838 Calisti
1609 2819 1619 2828 ·
1659 2819 1669 2829 ·
1709 2820 1718 2829 ·
1754 2808 1876 2856 pape
1912 2795 2046 2842 tertii
2081 2811 2205 2844 anno
2246 2802 2415 2861 quarto

483 2916 494 2926 ·
535 2915 543 2926 ‚
583 2914 592 2924 ·
629 2882 941 2949 personaliter
978 2880 1266 2929 constitutus
1303 2878 1536 2927 discretus
1569 2879 1641 2926 vir
1678 2880 1896 2929 dominus
1922 2882 2194 2933 Willelmus
2219 2885 2288 2932 Pa
2310 2902 2418 2949 pro-

480 2979 673 3024 curator
698 2971 958 3021 communis
982 2966 1344 3033 capellanorum
1369 2966 1499 3014 chori
1526 2967 1861 3017 Brechinensis
1884 2985 1990 3018 cum
2015 2986 2244 3021 consensu
2267 2974 2417 3022 totius

480 3062 675 3127 capituli
714 3090 724 3099 ·
764 3089 773 3098 ·
813 3088 823 3098 ·
860 3059 1094 3123 quoddam
1131 3059 1453 3104 tenementum
1487 3054 1655 3115 jacens
1692 3056 1739 3103 in
1778 3057 1973 3106 civitate
2010 3059 2318 3110 Brechinensi
2354 3079 2414 3109 ex

481 3157 615 3216 parte
662 3147 944 3198 occidentali
991 3145 1253 3194 communis
1299 3143 1389 3190 vici
1436 3141 1646 3191 eiusdem
1693 3144 1818 3192 inter
1862 3151 2038 3193 terram
2078 3147 2109 3193 J
2117 3149 2314 3197 ohannis
2355 3151 2412 3196 de

482 3238 780 3302 Buthergask
812 3253 873 3284 ex
905 3239 1041 3299 parte
1073 3231 1269 3281 australi
1305 3248 1365 3278 ex
1401 3234 1536 3294 parte
1565 3247 1656 3279 una
1680 3236 1728 3280 et
1751 3237 1927 3281 terram
1952 3235 1986 3281 J
1990 3235 2188 3285 ohannis
2213 3237 2413 3286 Talzour

481 3347 540 3378 ex
566 3333 700 3393 parte
723 3324 903 3375 boreali
928 3340 986 3371 ex
1013 3327 1146 3385 parte
1171 3321 1323 3369 altera
1347 3335 1452 3367 cum
1478 3321 1777 3382 pertinentiis
1811 3338 1896 3385 per
1926 3323 2097 3372 fustem
2123 3330 2171 3373 et
2197 3326 2411 3374 baculum

1461 3424 1491 3453 n
