3016 3958
302 1794 487 1842 CLIII.

494 630 605 685 224
1057 632 1348 688 CARTAE
1393 629 1893 688 ORIGINALES.

498 837 602 869 cum
627 822 774 871 botha
797 822 1019 871 australis
1044 822 1355 871 dimidietatis
1380 837 1610 870 summam
1933 818 2186 867 solidorum
2212 824 2432 867 monetae

501 911 691 959 Scotiae
737 927 918 960 necnon
965 928 1050 975 pro
1096 912 1430 975 superioritate
1483 910 1729 974 praedicta
2001 909 2220 957 denarios
2266 909 2433 958 similis

500 1005 717 1049 monetae
741 1002 929 1049 nomine
962 1000 1251 1049 feodifirmae
1291 1029 1300 1038 ·
1339 1000 1471 1048 Data
1494 999 1582 1048 sub
1606 998 1759 1061 sigillo
1784 1002 1833 1045 et
1857 997 2202 1061 subscriptione
2226 998 2432 1046 manuali

504 1090 619 1138 dicti
657 1090 847 1151 Georgii
888 1089 1123 1138 Meldrum
1159 1090 1284 1153 apud
1322 1088 1527 1136 Brechin
1552 1103 1710 1136 coram
1736 1087 1812 1135 his
1834 1086 2039 1135 testibus
2072 1087 2106 1133 J
2111 1102 2263 1134 oanne
2289 1088 2436 1134 Ram-

504 1196 588 1242 say
625 1180 683 1227 de
720 1179 1060 1227 Inedamstoun
1095 1179 1129 1225 J
1133 1179 1281 1225 acobo
1307 1178 1503 1240 Thayne
1530 1174 1776 1224 Willelmo
1802 1176 1949 1222 Knox
1974 1174 2266 1223 Allexandro
2292 1175 2439 1223 Ram-

505 1284 590 1331 say
638 1267 850 1316 Roberto
899 1268 1117 1331 Kynneir
1162 1266 1342 1315 civibus
1390 1265 1790 1314 Brechinensibus
1846 1264 1879 1310 J
1884 1279 2035 1312 oanne
2094 1267 2143 1311 et
2192 1263 2439 1312 Willelmo

510 1358 720 1420 Ramsay
742 1357 940 1405 notariis
963 1356 1164 1420 publicis
1201 1384 1211 1393 ·
1250 1357 1279 1402 5
1308 1355 1427 1403 Maii
1454 1355 1583 1404 1587
1621 1382 1632 1392 ·

513 1558 817 1606 Confirmatio
859 1557 1176 1605 concessionis
1213 1556 1339 1619 regie
1377 1554 1619 1619 Hospitali
1658 1554 1965 1602 Brechinensi
2003 1558 2052 1601 et
2087 1569 2208 1601 nova
2245 1555 2439 1602 donatio

512 1647 665 1694 eidem
704 1675 714 1685 ·

519 1766 757 1851 Jacobus
793 1802 886 1849 Dei
921 1802 1074 1865 gratia
1100 1803 1208 1849 Rex
1234 1802 1482 1849 Scotorum
1509 1802 1728 1852 omnibus
1766 1832 1776 1841 ·
1817 1833 1827 1841 ·
1867 1832 1876 1842 ·
1915 1803 2128 1852 Salutem
2158 1805 2332 1854 Sciatis
2355 1822 2442 1855 nos

513 1908 636 1939 nunc
658 1895 766 1955 post
789 1895 997 1939 nostram
1022 1891 1280 1954 perfectam
1318 1894 1496 1938 etatem
1531 1891 1696 1954 viginti
1733 1892 1870 1941 unius
1905 1908 2132 1940 annorum
2158 1893 2439 1957 completam

515 1982 748 2045 quandam
784 1984 964 2027 cartam
1000 1979 1376 2028 mortificationis
1414 2008 1423 2017 ·
1463 2008 1473 2017 -
1514 2008 1523 2018 ·
1560 1980 1621 2027 ad
1660 1980 1851 2044 plenum
1891 1979 2184 2030 intellexisse
2220 1983 2306 2030 sub
2354 1984 2442 2031 hac

514 2071 666 2117 forma
714 2098 723 2108 ·
770 2070 803 2115 J
808 2070 983 2117 acobus
1029 2068 1123 2116 Dei
1168 2068 1323 2131 gratia
1363 2069 1471 2115 Rex
1515 2069 1765 2117 Scotorum
1801 2070 2017 2119 omnibus
2066 2099 2075 2108 ·
2123 2098 2133 2107 ·
2179 2099 2188 2108 ·
2232 2071 2444 2120 Salutem

518 2158 692 2207 Sciatis
716 2158 826 2222 quia
850 2173 954 2205 cum
979 2157 1274 2205 auisamento
1311 2160 1360 2204 et
1385 2172 1615 2206 consensu
1650 2158 1912 2207 charissimi
1935 2159 2086 2207 nostri
2110 2161 2444 2223 consanguinei

514 2248 716 2296 Joannis
750 2246 936 2295 comitis
971 2247 1030 2293 de
1067 2246 1177 2292 Mar
1212 2245 1387 2292 domini
1424 2246 1599 2293 Erskin
1635 2250 1722 2294 etc.
1750 2247 1901 2295 nostri
1938 2275 1948 2285 ·
1988 2275 1998 2285 ·
2039 2275 2050 2285 ·
2086 2249 2216 2311 regni
2241 2250 2446 2312 regentis

571 2366 580 2375 ·
620 2365 629 2374 ·
666 2335 1019 2384 considerantes
1056 2362 1066 2371 ·
1106 2362 1115 2371 -
1157 2362 1166 2371 ·
1202 2349 1288 2381 nos
1346 2350 1406 2381 ex
1465 2334 1618 2382 officio
1676 2335 1830 2382 teneri
1868 2363 1878 2373 ·
1917 2363 1927 2373 ·
1967 2364 1977 2373 ·
2014 2337 2262 2399 prouidere
2321 2341 2444 2403 quod

519 2424 771 2489 hospitalia
794 2423 1076 2487 pauperibus
1099 2422 1331 2471 mutilatis
1367 2427 1416 2470 et
1451 2423 1635 2472 miseris
1658 2424 1871 2487 personis
1899 2425 2120 2488 orphanis
2155 2431 2204 2474 et
2239 2428 2447 2490 parenti-

519 2517 605 2563 bus
629 2513 872 2561 destitutis
902 2511 1161 2560 infantibus
1183 2512 1601 2559 accommodentur
1624 2516 1673 2560 et
1698 2513 1825 2576 quod
1860 2513 2095 2577 hospitale
2119 2514 2242 2563 infra
2267 2515 2447 2565 Ciuita-

517 2610 615 2652 tem
657 2603 715 2649 de
758 2600 962 2649 Brechin
1000 2600 1289 2648 fundandum
1325 2604 1374 2648 et
1410 2602 1724 2648 extruendum
1749 2601 1797 2648 in
1832 2602 2116 2665 quoquidem
2154 2603 2448 2654 miserabiles

520 2707 716 2756 persone
752 2694 800 2738 et
835 2705 1065 2753 pauperes
1089 2688 1361 2737 collocande
1387 2694 1496 2738 sunt
1521 2706 1719 2753 quarum
1743 2694 1882 2738 tanta
1905 2706 2019 2738 cura
2043 2691 2298 2740 haberetur
2321 2695 2445 2757 quod

520 2784 723 2845 ipsarum
746 2780 1004 2828 necessitas
1038 2783 1087 2827 et
1121 2778 1401 2827 miserabilis
1430 2780 1639 2827 conditio
1663 2779 1900 2828 subleuari
1924 2780 2066 2828 debet
2102 2785 2151 2828 et
2187 2783 2312 2844 quod
2336 2787 2447 2831 sunt

523 2870 695 2918 diuersi
720 2868 862 2916 annui
888 2867 1100 2915 redditus
1135 2868 1258 2915 infra
1293 2868 1469 2915 dictam
1507 2868 1764 2917 Ciuitatem
1795 2868 1875 2931 qui
1900 2868 2061 2932 elapso
2084 2873 2297 2933 tempore
2322 2871 2449 2934 igno-

524 2959 676 3007 rantie
713 2957 985 3020 presbiteris
1020 2961 1068 3004 et
1105 2956 1362 3020 capellanis
1396 2972 1482 3020 pro
1518 2957 1673 3005 missis
1707 2961 1756 3005 et
1791 2957 2123 3005 anniuersariis
2157 2957 2449 3010 celebrandis

525 3049 677 3098 dotati
702 3049 836 3095 erant
874 3074 883 3082 ·
922 3074 932 3082 ·
971 3074 981 3083 ·
1018 3045 1320 3109 volentesque
1360 3073 1370 3083 ·
1409 3074 1419 3083 ·
1459 3073 1468 3083 ·
1506 3046 1694 3093 eosdem
1720 3073 1732 3084 ·
1771 3073 1780 3083 -
1819 3046 1903 3092 -in
1927 3044 2146 3094 meliores
2170 3050 2218 3094 et
2242 3048 2449 3110 potiores

525 3155 636 3188 usus
672 3165 682 3174 ·
722 3164 731 3173 ·
770 3163 779 3171 ·
817 3133 1043 3197 applicari
1082 3162 1091 3172 ·
1131 3163 1140 3172 ·
1181 3162 1190 3172 ·
1228 3134 1441 3182 dedimus
1478 3162 1488 3171 ·
1527 3161 1537 3171 ·
1577 3162 1587 3171 -
1624 3138 1674 3181 et
1712 3133 2046 3181 mortificamus
2087 3134 2256 3182 misere
2291 3138 2451 3184 condi-

524 3228 669 3279 tionis
691 3221 902 3289 personis
938 3227 987 3271 et
1024 3223 1244 3286 orphanis
1281 3223 1329 3270 in
1369 3222 1496 3270 dicto
1533 3221 1752 3285 hospitali
1791 3220 2003 3269 locandis
2036 3236 2218 3270 necnon
2254 3223 2450 3275 Ballivis

528 3314 810 3366 Consulibus
833 3321 882 3365 et
908 3312 1246 3362 Communitati
1272 3311 1398 3358 dicte
1423 3310 1647 3359 Ciuitatis
1682 3314 1819 3375 (quos
1855 3326 1939 3373 per
1975 3315 2218 3373 presentes
2253 3313 2451 3365 facimus
