<?xml version="1.0" encoding="UTF-8"?>
<!DOCTYPE html PUBLIC "-//W3C//DTD XHTML 1.0 Transitional//EN"
    "http://www.w3.org/TR/xhtml1/DTD/xhtml1-transitional.dtd">
<html xmlns="http://www.w3.org/1999/xhtml" xml:lang="en" lang="en">
 <head>
  <title>
</title>
<meta http-equiv="Content-Type" content="text/html;charset=utf-8" />
  <meta name='ocr-system' content='tesseract 3.04.00' />
  <meta name='ocr-capabilities' content='ocr_page ocr_carea ocr_par ocr_line ocrx_word'/>
</head>
<body>
  <div class='ocr_page' id='page_1' title='image "./registrumepiscop02brecuoft_0358.png"; bbox 0 0 3016 3958; ppageno 0'>
   <div class='ocr_carea' id='block_1_1' title="bbox 584 620 2046 679">
    <p class='ocr_par' dir='ltr' id='par_1_1' title="bbox 584 620 2046 679">
     <span class='ocr_line' id='line_1_1' title="bbox 584 620 2046 679; baseline 0.001 -2"><span class='ocrx_word' id='word_1_1' title='bbox 584 623 697 678; x_wconf 86' lang='lat'>344</span> <span class='ocrx_word' id='word_1_2' title='bbox 1061 621 1378 676; x_wconf 80' lang='lat' dir='ltr'><strong>OARTAE</strong></span> <span class='ocrx_word' id='word_1_3' title='bbox 1418 620 2046 679; x_wconf 85' lang='lat' dir='ltr'>MISCELLANEAE.</span> 
     </span>
    </p>
   </div>
   <div class='ocr_carea' id='block_1_2' title="bbox 238 870 2535 1244">
    <p class='ocr_par' dir='ltr' id='par_1_2' title="bbox 238 870 2535 1244">
     <span class='ocr_line' id='line_1_2' title="bbox 238 870 2535 939; baseline 0 -15"><span class='ocrx_word' id='word_1_4' title='bbox 238 880 560 924; x_wconf 89' lang='lat' dir='ltr'>CCCXXIX.</span> <span class='ocrx_word' id='word_1_5' title='bbox 586 870 695 924; x_wconf 71' lang='lat' dir='ltr'>Grift</span> <span class='ocrx_word' id='word_1_6' title='bbox 735 883 783 924; x_wconf 86' lang='lat' dir='ltr'>of</span> <span class='ocrx_word' id='word_1_7' title='bbox 817 884 892 926; x_wconf 89' lang='lat' dir='ltr'>the</span> <span class='ocrx_word' id='word_1_8' title='bbox 924 886 1037 925; x_wconf 86' lang='lat' dir='ltr'>state</span> <span class='ocrx_word' id='word_1_9' title='bbox 1072 882 1192 925; x_wconf 89' lang='lat' dir='ltr'>office</span> <span class='ocrx_word' id='word_1_10' title='bbox 1228 881 1314 924; x_wconf 86' lang='lat' dir='ltr'>and</span> <span class='ocrx_word' id='word_1_11' title='bbox 1350 880 1603 938; x_wconf 85' lang='lat' dir='ltr'>chaplainry</span> <span class='ocrx_word' id='word_1_12' title='bbox 1634 880 1771 923; x_wconf 85' lang='lat' dir='ltr'>called</span> <span class='ocrx_word' id='word_1_13' title='bbox 1806 882 1882 924; x_wconf 87' lang='lat' dir='ltr'>the</span> <span class='ocrx_word' id='word_1_14' title='bbox 1919 881 2106 939; x_wconf 86' lang='lat' dir='ltr'>Bedalry</span> <span class='ocrx_word' id='word_1_15' title='bbox 2142 883 2191 925; x_wconf 84' lang='lat' dir='ltr'>of</span> <span class='ocrx_word' id='word_1_16' title='bbox 2219 883 2295 926; x_wconf 92' lang='lat' dir='ltr'>the</span> <span class='ocrx_word' id='word_1_17' title='bbox 2331 884 2451 926; x_wconf 90' lang='lat' dir='ltr'>choir</span> <span class='ocrx_word' id='word_1_18' title='bbox 2483 884 2535 926; x_wconf 85' lang='lat' dir='ltr'>of</span> 
     </span>
     <span class='ocr_line' id='line_1_3' title="bbox 588 960 2527 1018; baseline 0.001 -14"><span class='ocrx_word' id='word_1_19' title='bbox 588 962 789 1013; x_wconf 89' lang='lat' dir='ltr'>Brechin,</span> <span class='ocrx_word' id='word_1_20' title='bbox 828 966 985 1004; x_wconf 88' lang='lat' dir='ltr'>vacant</span> <span class='ocrx_word' id='word_1_21' title='bbox 1020 963 1075 1018; x_wconf 88' lang='lat' dir='ltr'>by</span> <span class='ocrx_word' id='word_1_22' title='bbox 1109 961 1185 1004; x_wconf 92' lang='lat' dir='ltr'>the</span> <span class='ocrx_word' id='word_1_23' title='bbox 1221 960 1370 1017; x_wconf 87' lang='lat' dir='ltr'>expiry</span> <span class='ocrx_word' id='word_1_24' title='bbox 1405 961 1455 1003; x_wconf 85' lang='lat' dir='ltr'>of</span> <span class='ocrx_word' id='word_1_25' title='bbox 1483 961 1559 1003; x_wconf 91' lang='lat' dir='ltr'>the</span> <span class='ocrx_word' id='word_1_26' title='bbox 1594 960 1683 1003; x_wconf 87' lang='lat' dir='ltr'>last</span> <span class='ocrx_word' id='word_1_27' title='bbox 1716 960 1800 1016; x_wconf 83' lang='lat' dir='ltr'>gift-</span> <span class='ocrx_word' id='word_1_28' title='bbox 1834 961 2018 1012; x_wconf 77' lang='lat' dir='ltr'>thereos,</span> <span class='ocrx_word' id='word_1_29' title='bbox 2051 968 2098 1004; x_wconf 89' lang='lat' dir='ltr'>to</span> <span class='ocrx_word' id='word_1_30' title='bbox 2136 962 2331 1005; x_wconf 89' lang='lat' dir='ltr'>Mathew</span> <span class='ocrx_word' id='word_1_31' title='bbox 2368 962 2527 1006; x_wconf 88' lang='lat' dir='ltr'>Lockie</span> 
     </span>
     <span class='ocr_line' id='line_1_4' title="bbox 586 1040 2526 1098; baseline 0 -14"><span class='ocrx_word' id='word_1_32' title='bbox 586 1042 735 1084; x_wconf 85' lang='lat' dir='ltr'>lawful</span> <span class='ocrx_word' id='word_1_33' title='bbox 757 1056 836 1085; x_wconf 90' lang='lat' dir='ltr'>son</span> <span class='ocrx_word' id='word_1_34' title='bbox 866 1046 911 1084; x_wconf 83' lang='lat' dir='ltr'>to</span> <span class='ocrx_word' id='word_1_35' title='bbox 943 1041 1186 1097; x_wconf 76' lang='lat' dir='ltr'>Quhintene</span> <span class='ocrx_word' id='word_1_36' title='bbox 1208 1040 1373 1083; x_wconf 86' lang='lat' dir='ltr'>Lokkie</span> <span class='ocrx_word' id='word_1_37' title='bbox 1393 1041 1578 1097; x_wconf 85' lang='lat' dir='ltr'>burgess</span> <span class='ocrx_word' id='word_1_38' title='bbox 1609 1040 1657 1083; x_wconf 89' lang='lat' dir='ltr'>of</span> <span class='ocrx_word' id='word_1_39' title='bbox 1682 1040 1953 1098; x_wconf 83' lang='lat' dir='ltr'>Edinburgh,</span> <span class='ocrx_word' id='word_1_40' title='bbox 1974 1041 2042 1083; x_wconf 85' lang='lat' dir='ltr'>for</span> <span class='ocrx_word' id='word_1_41' title='bbox 2062 1041 2131 1084; x_wconf 89' lang='lat' dir='ltr'>his</span> <span class='ocrx_word' id='word_1_42' title='bbox 2163 1046 2345 1098; x_wconf 76' lang='lat' dir='ltr'><strong>support</strong></span> <span class='ocrx_word' id='word_1_43' title='bbox 2374 1046 2420 1085; x_wconf 84' lang='lat' dir='ltr'>at</span> <span class='ocrx_word' id='word_1_44' title='bbox 2450 1043 2526 1084; x_wconf 87' lang='lat' dir='ltr'>the</span> 
     </span>
     <span class='ocr_line' id='line_1_5' title="bbox 587 1118 2525 1178; baseline 0 -14"><span class='ocrx_word' id='word_1_45' title='bbox 587 1122 758 1165; x_wconf 87' lang='lat' dir='ltr'>schools</span> <span class='ocrx_word' id='word_1_46' title='bbox 791 1122 949 1178; x_wconf 81' lang='lat' dir='ltr'><strong>during</strong></span> <span class='ocrx_word' id='word_1_47' title='bbox 980 1122 1054 1164; x_wconf 84' lang='lat' dir='ltr'>the</span> <span class='ocrx_word' id='word_1_48' title='bbox 1092 1135 1217 1177; x_wconf 82' lang='lat' dir='ltr'>space</span> <span class='ocrx_word' id='word_1_49' title='bbox 1255 1120 1302 1163; x_wconf 83' lang='lat' dir='ltr'>of</span> <span class='ocrx_word' id='word_1_50' title='bbox 1334 1134 1464 1162; x_wconf 89' lang='lat' dir='ltr'>seven</span> <span class='ocrx_word' id='word_1_51' title='bbox 1499 1134 1640 1176; x_wconf 82' lang='lat' dir='ltr'><strong>years.</strong></span> <span class='ocrx_word' id='word_1_52' title='bbox 1701 1118 1846 1162; x_wconf 83' lang='lat' dir='ltr'>Dated</span> <span class='ocrx_word' id='word_1_53' title='bbox 1880 1124 1927 1163; x_wconf 90' lang='lat' dir='ltr'>at</span> <span class='ocrx_word' id='word_1_54' title='bbox 1958 1120 2302 1164; x_wconf 86' lang='lat' dir='ltr'>Halieruidhous</span> <span class='ocrx_word' id='word_1_55' title='bbox 2333 1124 2388 1164; x_wconf 76' lang='lat'>20</span> <span class='ocrx_word' id='word_1_56' title='bbox 2422 1122 2525 1178; x_wconf 88' lang='lat' dir='ltr'>May</span> 
     </span>
     <span class='ocr_line' id='line_1_6' title="bbox 592 1205 714 1244; baseline 0.008 -1"><span class='ocrx_word' id='word_1_57' title='bbox 592 1205 714 1244; x_wconf 87' lang='lat'>1583.</span> 
     </span>
    </p>
   </div>
   <div class='ocr_carea' id='block_1_3' title="bbox 265 1430 2531 2453">
    <p class='ocr_par' dir='ltr' id='par_1_3' title="bbox 265 1430 2531 2137">
     <span class='ocr_line' id='line_1_7' title="bbox 265 1430 2529 1499; baseline 0.001 -18"><span class='ocrx_word' id='word_1_58' title='bbox 265 1439 391 1482; x_wconf 84' lang='lat' dir='ltr'>CCC</span> <span class='ocrx_word' id='word_1_59' title='bbox 402 1440 562 1483; x_wconf 85' lang='lat' dir='ltr'>XXX.</span> <span class='ocrx_word' id='word_1_60' title='bbox 588 1430 858 1499; x_wconf 86' lang='lat' dir='ltr'>Preceptum</span> <span class='ocrx_word' id='word_1_61' title='bbox 894 1445 1012 1484; x_wconf 87' lang='lat' dir='ltr'>carte</span> <span class='ocrx_word' id='word_1_62' title='bbox 1053 1440 1393 1484; x_wconf 85' lang='lat' dir='ltr'>confirmationis</span> <span class='ocrx_word' id='word_1_63' title='bbox 1435 1454 1565 1496; x_wconf 90' lang='lat' dir='ltr'>super</span> <span class='ocrx_word' id='word_1_64' title='bbox 1604 1444 1726 1483; x_wconf 86' lang='lat' dir='ltr'>carta</span> <span class='ocrx_word' id='word_1_65' title='bbox 1759 1441 2001 1483; x_wconf 85' lang='lat' dir='ltr'>feudifirme</span> <span class='ocrx_word' id='word_1_66' title='bbox 2040 1442 2158 1485; x_wconf 85' lang='lat' dir='ltr'>facta</span> <span class='ocrx_word' id='word_1_67' title='bbox 2191 1457 2269 1498; x_wconf 90' lang='lat' dir='ltr'>per</span> <span class='ocrx_word' id='word_1_68' title='bbox 2309 1443 2529 1484; x_wconf 87' lang='lat' dir='ltr'>dominum</span> 
     </span>
     <span class='ocr_line' id='line_1_8' title="bbox 587 1520 2531 1579; baseline 0.001 -16"><span class='ocrx_word' id='word_1_69' title='bbox 587 1521 860 1563; x_wconf 89' lang='lat' dir='ltr'>Willelmum</span> <span class='ocrx_word' id='word_1_70' title='bbox 882 1520 1008 1577; x_wconf 88' lang='lat' dir='ltr'>Rynd</span> <span class='ocrx_word' id='word_1_71' title='bbox 1028 1535 1162 1562; x_wconf 91' lang='lat' dir='ltr'>unum</span> <span class='ocrx_word' id='word_1_72' title='bbox 1182 1520 1504 1576; x_wconf 82' lang='lat' dir='ltr'>capellanorum</span> <span class='ocrx_word' id='word_1_73' title='bbox 1526 1520 1868 1576; x_wconf 83' lang='lat' dir='ltr'>capellaniarum</span> <span class='ocrx_word' id='word_1_74' title='bbox 1890 1521 2016 1564; x_wconf 84' lang='lat' dir='ltr'>beate</span> <span class='ocrx_word' id='word_1_75' title='bbox 2037 1522 2178 1564; x_wconf 87' lang='lat' dir='ltr'>Marie</span> <span class='ocrx_word' id='word_1_76' title='bbox 2203 1522 2386 1579; x_wconf 88' lang='lat' dir='ltr'>virginis</span> <span class='ocrx_word' id='word_1_77' title='bbox 2417 1523 2531 1564; x_wconf 86' lang='lat' dir='ltr'>infra</span> 
     </span>
     <span class='ocr_line' id='line_1_9' title="bbox 588 1599 2530 1656; baseline 0.001 -13"><span class='ocrx_word' id='word_1_78' title='bbox 588 1602 823 1644; x_wconf 84' lang='lat' dir='ltr'>Ciuitatem</span> <span class='ocrx_word' id='word_1_79' title='bbox 845 1601 1182 1643; x_wconf 85' lang='lat' dir='ltr'>Brechinensem</span> <span class='ocrx_word' id='word_1_80' title='bbox 1213 1599 1456 1642; x_wconf 85' lang='lat' dir='ltr'>Masindew</span> <span class='ocrx_word' id='word_1_81' title='bbox 1485 1603 1833 1656; x_wconf 90' lang='lat' dir='ltr'>nuncupatarum</span> <span class='ocrx_word' id='word_1_82' title='bbox 1864 1601 2143 1643; x_wconf 87' lang='lat' dir='ltr'>fundatarum</span> <span class='ocrx_word' id='word_1_83' title='bbox 2173 1616 2267 1644; x_wconf 92' lang='lat' dir='ltr'>cum</span> <span class='ocrx_word' id='word_1_84' title='bbox 2303 1633 2312 1642; x_wconf 94' lang='lat'><strong>.</strong></span> <span class='ocrx_word' id='word_1_85' title='bbox 2345 1634 2355 1644; x_wconf 94' lang='lat'><strong>.</strong></span> <span class='ocrx_word' id='word_1_86' title='bbox 2388 1634 2398 1644; x_wconf 88' lang='lat'><strong>.</strong></span> <span class='ocrx_word' id='word_1_87' title='bbox 2431 1616 2530 1644; x_wconf 89' lang='lat' dir='ltr'>con-</span> 
     </span>
     <span class='ocr_line' id='line_1_10' title="bbox 588 1679 2529 1738; baseline 0 -15"><span class='ocrx_word' id='word_1_88' title='bbox 588 1696 717 1723; x_wconf 90' lang='lat' dir='ltr'>sensu</span> <span class='ocrx_word' id='word_1_89' title='bbox 738 1681 955 1737; x_wconf 86' lang='lat' dir='ltr'>quondam</span> <span class='ocrx_word' id='word_1_90' title='bbox 987 1680 1015 1722; x_wconf 89' lang='lat' dir='ltr'><strong>J</strong></span> <span class='ocrx_word' id='word_1_91' title='bbox 1018 1681 1171 1722; x_wconf 88' lang='lat' dir='ltr'>oannis</span> <span class='ocrx_word' id='word_1_92' title='bbox 1191 1680 1351 1722; x_wconf 89' lang='lat' dir='ltr'>domini</span> <span class='ocrx_word' id='word_1_93' title='bbox 1373 1679 1548 1735; x_wconf 87' lang='lat' dir='ltr'>Erskyn</span> <span class='ocrx_word' id='word_1_94' title='bbox 1571 1682 1615 1721; x_wconf 87' lang='lat' dir='ltr'>et</span> <span class='ocrx_word' id='word_1_95' title='bbox 1636 1679 1834 1736; x_wconf 88' lang='lat' dir='ltr'>Brechyn</span> <span class='ocrx_word' id='word_1_96' title='bbox 1855 1681 2027 1736; x_wconf 88' lang='lat' dir='ltr'>patroni</span> <span class='ocrx_word' id='word_1_97' title='bbox 2053 1681 2243 1723; x_wconf 84' lang='lat' dir='ltr'>eiusdem</span> <span class='ocrx_word' id='word_1_98' title='bbox 2265 1686 2310 1723; x_wconf 89' lang='lat' dir='ltr'>et</span> <span class='ocrx_word' id='word_1_99' title='bbox 2330 1682 2529 1738; x_wconf 75' lang='lat' dir='ltr'>magistri</span> 
     </span>
     <span class='ocr_line' id='line_1_11' title="bbox 586 1759 2527 1817; baseline -0.001 -13"><span class='ocrx_word' id='word_1_100' title='bbox 586 1762 767 1804; x_wconf 82' lang='lat' dir='ltr'>Roberti</span> <span class='ocrx_word' id='word_1_101' title='bbox 812 1759 1027 1817; x_wconf 85' lang='lat' dir='ltr'>Carnegie</span> <span class='ocrx_word' id='word_1_102' title='bbox 1067 1760 1333 1816; x_wconf 86' lang='lat' dir='ltr'>preceptoris</span> <span class='ocrx_word' id='word_1_103' title='bbox 1373 1760 1486 1801; x_wconf 89' lang='lat' dir='ltr'>dicte</span> <span class='ocrx_word' id='word_1_104' title='bbox 1527 1760 1681 1802; x_wconf 81' lang='lat' dir='ltr'>domus</span> <span class='ocrx_word' id='word_1_105' title='bbox 1721 1759 1805 1802; x_wconf 90' lang='lat' dir='ltr'>Dei</span> <span class='ocrx_word' id='word_1_106' title='bbox 1845 1761 2062 1816; x_wconf 87' lang='lat' dir='ltr'>quondam</span> <span class='ocrx_word' id='word_1_107' title='bbox 2103 1761 2264 1804; x_wconf 86' lang='lat' dir='ltr'>Joanni</span> <span class='ocrx_word' id='word_1_108' title='bbox 2304 1762 2407 1804; x_wconf 86' lang='lat' dir='ltr'>Low</span> <span class='ocrx_word' id='word_1_109' title='bbox 2445 1764 2527 1803; x_wconf 90' lang='lat' dir='ltr'>ciui</span> 
     </span>
     <span class='ocr_line' id='line_1_12' title="bbox 587 1838 2526 1884; baseline 0.001 -1"><span class='ocrx_word' id='word_1_110' title='bbox 587 1840 790 1883; x_wconf 85' lang='lat' dir='ltr'>Ciuitatis</span> <span class='ocrx_word' id='word_1_111' title='bbox 821 1839 1126 1882; x_wconf 90' lang='lat' dir='ltr'>Brechinensis</span> <span class='ocrx_word' id='word_1_112' title='bbox 1156 1839 1201 1880; x_wconf 91' lang='lat' dir='ltr'>in</span> <span class='ocrx_word' id='word_1_113' title='bbox 1232 1838 1356 1881; x_wconf 87' lang='lat' dir='ltr'>vitali</span> <span class='ocrx_word' id='word_1_114' title='bbox 1385 1839 1558 1881; x_wconf 86' lang='lat' dir='ltr'>redditu</span> <span class='ocrx_word' id='word_1_115' title='bbox 1589 1871 1597 1881; x_wconf 93' lang='lat'>.</span> <span class='ocrx_word' id='word_1_116' title='bbox 1631 1872 1640 1881; x_wconf 88' lang='lat'><strong>.</strong></span> <span class='ocrx_word' id='word_1_117' title='bbox 1675 1872 1684 1882; x_wconf 93' lang='lat'><strong><em>.</em></strong></span> <span class='ocrx_word' id='word_1_118' title='bbox 1715 1854 1882 1882; x_wconf 89' lang='lat' dir='ltr'>necnon</span> <span class='ocrx_word' id='word_1_119' title='bbox 1913 1841 2139 1883; x_wconf 91' lang='lat' dir='ltr'>Willelmo</span> <span class='ocrx_word' id='word_1_120' title='bbox 2170 1841 2275 1884; x_wconf 84' lang='lat' dir='ltr'>Low</span> <span class='ocrx_word' id='word_1_121' title='bbox 2313 1844 2406 1884; x_wconf 91' lang='lat' dir='ltr'>eius</span> <span class='ocrx_word' id='word_1_122' title='bbox 2436 1842 2526 1884; x_wconf 85' lang='lat' dir='ltr'>filio</span> 
     </span>
     <span class='ocr_line' id='line_1_13' title="bbox 585 1919 2528 1978; baseline 0 -15"><span class='ocrx_word' id='word_1_123' title='bbox 585 1920 780 1978; x_wconf 85' lang='lat' dir='ltr'>legitimo</span> <span class='ocrx_word' id='word_1_124' title='bbox 819 1919 1080 1962; x_wconf 76' lang='lat' dir='ltr'>hereditarie</span> <span class='ocrx_word' id='word_1_125' title='bbox 1121 1920 1437 1974; x_wconf 82' lang='lat' dir='ltr'>heredibusque</span> <span class='ocrx_word' id='word_1_126' title='bbox 1477 1919 1582 1962; x_wconf 88' lang='lat' dir='ltr'>dicti</span> <span class='ocrx_word' id='word_1_127' title='bbox 1621 1919 1837 1961; x_wconf 89' lang='lat' dir='ltr'>Willelmi</span> <span class='ocrx_word' id='word_1_128' title='bbox 1875 1951 1885 1961; x_wconf 93' lang='lat'><em>.</em></span> <span class='ocrx_word' id='word_1_129' title='bbox 1924 1951 1934 1961; x_wconf 93' lang='lat'><strong><em>.</em></strong></span> <span class='ocrx_word' id='word_1_130' title='bbox 1972 1953 1981 1963; x_wconf 90' lang='lat'><strong>.</strong></span> <span class='ocrx_word' id='word_1_131' title='bbox 2016 1921 2210 1978; x_wconf 76' lang='lat' dir='ltr'>legitime</span> <span class='ocrx_word' id='word_1_132' title='bbox 2250 1923 2528 1978; x_wconf 82' lang='lat' dir='ltr'>procreandis</span> 
     </span>
     <span class='ocr_line' id='line_1_14' title="bbox 586 1998 2531 2058; baseline 0.001 -16"><span class='ocrx_word' id='word_1_133' title='bbox 586 2001 741 2056; x_wconf 89' lang='lat' dir='ltr'>quibus</span> <span class='ocrx_word' id='word_1_134' title='bbox 762 1999 1061 2042; x_wconf 82' lang='lat' dir='ltr'>deficientibus</span> <span class='ocrx_word' id='word_1_135' title='bbox 1081 1998 1312 2041; x_wconf 85' lang='lat' dir='ltr'>heredibus</span> <span class='ocrx_word' id='word_1_136' title='bbox 1333 2001 1379 2040; x_wconf 89' lang='lat' dir='ltr'>et</span> <span class='ocrx_word' id='word_1_137' title='bbox 1398 1998 1636 2054; x_wconf 86' lang='lat' dir='ltr'>assignatis</span> <span class='ocrx_word' id='word_1_138' title='bbox 1656 1999 1759 2041; x_wconf 80' lang='lat' dir='ltr'>dieti</span> <span class='ocrx_word' id='word_1_139' title='bbox 1780 2000 1997 2055; x_wconf 83' lang='lat' dir='ltr'>quondam</span> <span class='ocrx_word' id='word_1_140' title='bbox 2022 2000 2050 2043; x_wconf 89' lang='lat' dir='ltr'><strong>J</strong></span> <span class='ocrx_word' id='word_1_141' title='bbox 2054 2002 2207 2043; x_wconf 86' lang='lat' dir='ltr'>oannis</span> <span class='ocrx_word' id='word_1_142' title='bbox 2227 2002 2333 2044; x_wconf 85' lang='lat' dir='ltr'>Low</span> <span class='ocrx_word' id='word_1_143' title='bbox 2355 2002 2531 2058; x_wconf 88' lang='lat' dir='ltr'>quibus-</span> 
     </span>
     <span class='ocr_line' id='line_1_15' title="bbox 587 2079 2530 2137; baseline 0.001 -15"><span class='ocrx_word' id='word_1_144' title='bbox 587 2095 753 2135; x_wconf 89' lang='lat' dir='ltr'>cunque</span> <span class='ocrx_word' id='word_1_145' title='bbox 786 2111 794 2122; x_wconf 94' lang='lat'><strong>.</strong></span> <span class='ocrx_word' id='word_1_146' title='bbox 829 2110 839 2122; x_wconf 91' lang='lat'><strong><em>.</em></strong></span> <span class='ocrx_word' id='word_1_147' title='bbox 872 2111 880 2122; x_wconf 91' lang='lat'><strong><em>.</em></strong></span> <span class='ocrx_word' id='word_1_148' title='bbox 913 2079 966 2121; x_wconf 91' lang='lat' dir='ltr'>de</span> <span class='ocrx_word' id='word_1_149' title='bbox 996 2079 1143 2122; x_wconf 89' lang='lat' dir='ltr'>decem</span> <span class='ocrx_word' id='word_1_150' title='bbox 1174 2079 1287 2121; x_wconf 90' lang='lat' dir='ltr'>acris</span> <span class='ocrx_word' id='word_1_151' title='bbox 1316 2082 1533 2122; x_wconf 88' lang='lat' dir='ltr'>terrarum</span> <span class='ocrx_word' id='word_1_152' title='bbox 1553 2079 1782 2121; x_wconf 88' lang='lat' dir='ltr'>arabilium</span> <span class='ocrx_word' id='word_1_153' title='bbox 1812 2079 1926 2122; x_wconf 84' lang='lat' dir='ltr'>dicte</span> <span class='ocrx_word' id='word_1_154' title='bbox 1956 2080 2194 2137; x_wconf 81' lang='lat' dir='ltr'>capellanie</span> <span class='ocrx_word' id='word_1_155' title='bbox 2215 2085 2530 2125; x_wconf 88' lang='lat' dir='ltr'>annexatarum</span> 
     </span>
    </p>

    <p class='ocr_par' dir='ltr' id='par_1_4' title="bbox 586 2158 2529 2453">
     <span class='ocr_line' id='line_1_16' title="bbox 635 2158 2525 2215; baseline 0.002 -14"><span class='ocrx_word' id='word_1_156' title='bbox 635 2193 643 2201; x_wconf 89' lang='lat'><strong><em>.</em></strong></span> <span class='ocrx_word' id='word_1_157' title='bbox 676 2192 685 2203; x_wconf 90' lang='lat'><em>.</em></span> <span class='ocrx_word' id='word_1_158' title='bbox 717 2174 812 2202; x_wconf 91' lang='lat' dir='ltr'>cum</span> <span class='ocrx_word' id='word_1_159' title='bbox 845 2191 855 2202; x_wconf 96' lang='lat'><strong><em>.</em></strong></span> <span class='ocrx_word' id='word_1_160' title='bbox 888 2192 897 2201; x_wconf 89' lang='lat'>.</span> <span class='ocrx_word' id='word_1_161' title='bbox 931 2191 940 2202; x_wconf 92' lang='lat'><strong>.</strong></span> <span class='ocrx_word' id='word_1_162' title='bbox 974 2159 1065 2201; x_wconf 88' lang='lat' dir='ltr'>suis</span> <span class='ocrx_word' id='word_1_163' title='bbox 1085 2158 1360 2214; x_wconf 77' lang='lat' dir='ltr'>pertinentiis</span> <span class='ocrx_word' id='word_1_164' title='bbox 1377 2158 1617 2213; x_wconf 88' lang='lat' dir='ltr'>jacentium</span> <span class='ocrx_word' id='word_1_165' title='bbox 1645 2158 1760 2201; x_wconf 88' lang='lat' dir='ltr'>infra</span> <span class='ocrx_word' id='word_1_166' title='bbox 1789 2160 2039 2215; x_wconf 87' lang='lat' dir='ltr'>parochiam</span> <span class='ocrx_word' id='word_1_167' title='bbox 2061 2160 2396 2204; x_wconf 87' lang='lat' dir='ltr'>Brechinensem</span> <span class='ocrx_word' id='word_1_168' title='bbox 2429 2193 2439 2203; x_wconf 91' lang='lat'>.</span> <span class='ocrx_word' id='word_1_169' title='bbox 2474 2192 2484 2203; x_wconf 91' lang='lat'><strong>.</strong></span> <span class='ocrx_word' id='word_1_170' title='bbox 2517 2195 2525 2204; x_wconf 93' lang='lat'><strong><em>.</em></strong></span> 
     </span>
     <span class='ocr_line' id='line_1_17' title="bbox 586 2237 2528 2294; baseline 0.001 -12"><span class='ocrx_word' id='word_1_171' title='bbox 586 2239 784 2282; x_wconf 87' lang='lat' dir='ltr'>tenendis</span> <span class='ocrx_word' id='word_1_172' title='bbox 799 2239 857 2280; x_wconf 85' lang='lat' dir='ltr'>de</span> <span class='ocrx_word' id='word_1_173' title='bbox 878 2239 1046 2294; x_wconf 86' lang='lat' dir='ltr'>prefato</span> <span class='ocrx_word' id='word_1_174' title='bbox 1068 2237 1291 2294; x_wconf 90' lang='lat' dir='ltr'>capellano</span> <span class='ocrx_word' id='word_1_175' title='bbox 1322 2241 1367 2279; x_wconf 90' lang='lat' dir='ltr'>et</span> <span class='ocrx_word' id='word_1_176' title='bbox 1397 2237 1488 2279; x_wconf 89' lang='lat' dir='ltr'>suis</span> <span class='ocrx_word' id='word_1_177' title='bbox 1510 2238 1831 2281; x_wconf 87' lang='lat' dir='ltr'>successoribus</span> <span class='ocrx_word' id='word_1_178' title='bbox 1862 2271 1872 2282; x_wconf 89' lang='lat'>.</span> <span class='ocrx_word' id='word_1_179' title='bbox 1905 2271 1915 2283; x_wconf 91' lang='lat'><strong>.</strong></span> <span class='ocrx_word' id='word_1_180' title='bbox 1947 2272 1957 2282; x_wconf 88' lang='lat'><strong>.</strong></span> <span class='ocrx_word' id='word_1_181' title='bbox 1989 2240 2035 2282; x_wconf 93' lang='lat' dir='ltr'>in</span> <span class='ocrx_word' id='word_1_182' title='bbox 2055 2240 2300 2283; x_wconf 85' lang='lat' dir='ltr'>feudifirma</span> <span class='ocrx_word' id='word_1_183' title='bbox 2330 2245 2376 2285; x_wconf 85' lang='lat' dir='ltr'>et</span> <span class='ocrx_word' id='word_1_184' title='bbox 2404 2243 2528 2284; x_wconf 86' lang='lat' dir='ltr'>here-</span> 
     </span>
     <span class='ocr_line' id='line_1_18' title="bbox 588 2316 2529 2374; baseline 0.001 -13"><span class='ocrx_word' id='word_1_185' title='bbox 588 2319 724 2361; x_wconf 89' lang='lat' dir='ltr'>ditate</span> <span class='ocrx_word' id='word_1_186' title='bbox 746 2318 1064 2374; x_wconf 75' lang='lat' dir='ltr'>imperpetuum</span> <span class='ocrx_word' id='word_1_187' title='bbox 1085 2320 1165 2359; x_wconf 90' lang='lat' dir='ltr'>etc.</span> <span class='ocrx_word' id='word_1_188' title='bbox 1225 2317 1356 2373; x_wconf 91' lang='lat' dir='ltr'>Apud</span> <span class='ocrx_word' id='word_1_189' title='bbox 1377 2316 1720 2360; x_wconf 84' lang='lat' dir='ltr'>Halieruidhous</span> <span class='ocrx_word' id='word_1_190' title='bbox 1741 2321 1897 2362; x_wconf 82' lang='lat' dir='ltr'>octauo</span> <span class='ocrx_word' id='word_1_191' title='bbox 1917 2319 1985 2361; x_wconf 89' lang='lat' dir='ltr'>die</span> <span class='ocrx_word' id='word_1_192' title='bbox 2006 2320 2168 2362; x_wconf 87' lang='lat' dir='ltr'>mensis</span> <span class='ocrx_word' id='word_1_193' title='bbox 2192 2319 2392 2363; x_wconf 84' lang='lat' dir='ltr'>Octobris</span> <span class='ocrx_word' id='word_1_194' title='bbox 2413 2335 2529 2363; x_wconf 86' lang='lat' dir='ltr'>anno</span> 
     </span>
     <span class='ocr_line' id='line_1_19' title="bbox 591 2396 1898 2453; baseline 0 -13"><span class='ocrx_word' id='word_1_195' title='bbox 591 2398 766 2440; x_wconf 86' lang='lat' dir='ltr'>Domini</span> <span class='ocrx_word' id='word_1_196' title='bbox 787 2396 1017 2439; x_wconf 87' lang='lat' dir='ltr'>millesimo</span> <span class='ocrx_word' id='word_1_197' title='bbox 1038 2396 1387 2453; x_wconf 83' lang='lat' dir='ltr'>quingentesimo</span> <span class='ocrx_word' id='word_1_198' title='bbox 1409 2397 1703 2453; x_wconf 86' lang='lat' dir='ltr'>octuagesimo</span> <span class='ocrx_word' id='word_1_199' title='bbox 1724 2398 1855 2441; x_wconf 83' lang='lat' dir='ltr'>tertio</span> <span class='ocrx_word' id='word_1_200' title='bbox 1887 2428 1898 2440; x_wconf 89' lang='lat'><strong>.</strong></span> 
     </span>
    </p>
   </div>
   <div class='ocr_carea' id='block_1_4' title="bbox 246 2626 2530 3330">
    <p class='ocr_par' dir='ltr' id='par_1_5' title="bbox 246 2626 2530 3330">
     <span class='ocr_line' id='line_1_20' title="bbox 246 2626 2529 2697; baseline -0.001 -12"><span class='ocrx_word' id='word_1_201' title='bbox 246 2639 564 2685; x_wconf 88' lang='lat' dir='ltr'>CCCXXXI.</span> <span class='ocrx_word' id='word_1_202' title='bbox 590 2626 635 2681; x_wconf 85' lang='lat' dir='ltr'>P</span> <span class='ocrx_word' id='word_1_203' title='bbox 637 2642 855 2695; x_wconf 85' lang='lat' dir='ltr'>receptum</span> <span class='ocrx_word' id='word_1_204' title='bbox 887 2642 1004 2682; x_wconf 88' lang='lat' dir='ltr'>carte</span> <span class='ocrx_word' id='word_1_205' title='bbox 1036 2639 1375 2682; x_wconf 87' lang='lat' dir='ltr'>confirmationis</span> <span class='ocrx_word' id='word_1_206' title='bbox 1397 2653 1527 2695; x_wconf 87' lang='lat' dir='ltr'>super</span> <span class='ocrx_word' id='word_1_207' title='bbox 1546 2642 1669 2682; x_wconf 84' lang='lat' dir='ltr'>carta</span> <span class='ocrx_word' id='word_1_208' title='bbox 1688 2640 1929 2683; x_wconf 87' lang='lat' dir='ltr'>feudifirme</span> <span class='ocrx_word' id='word_1_209' title='bbox 1945 2640 2062 2684; x_wconf 82' lang='lat' dir='ltr'>facta</span> <span class='ocrx_word' id='word_1_210' title='bbox 2076 2655 2154 2697; x_wconf 88' lang='lat' dir='ltr'>per</span> <span class='ocrx_word' id='word_1_211' title='bbox 2173 2641 2393 2683; x_wconf 90' lang='lat' dir='ltr'>dominum</span> <span class='ocrx_word' id='word_1_212' title='bbox 2413 2640 2529 2682; x_wconf 84' lang='lat' dir='ltr'>Wil-</span> 
     </span>
     <span class='ocr_line' id='line_1_21' title="bbox 590 2718 2529 2777; baseline 0.001 -17"><span class='ocrx_word' id='word_1_213' title='bbox 590 2719 764 2760; x_wconf 88' lang='lat' dir='ltr'>lelmum</span> <span class='ocrx_word' id='word_1_214' title='bbox 787 2718 998 2775; x_wconf 85' lang='lat' dir='ltr'>Carnegie</span> <span class='ocrx_word' id='word_1_215' title='bbox 1018 2733 1154 2760; x_wconf 90' lang='lat' dir='ltr'>unum</span> <span class='ocrx_word' id='word_1_216' title='bbox 1175 2718 1497 2775; x_wconf 89' lang='lat' dir='ltr'>capellanorum</span> <span class='ocrx_word' id='word_1_217' title='bbox 1524 2719 1862 2775; x_wconf 87' lang='lat' dir='ltr'>capellaniarum</span> <span class='ocrx_word' id='word_1_218' title='bbox 1892 2720 2018 2762; x_wconf 89' lang='lat' dir='ltr'>beate</span> <span class='ocrx_word' id='word_1_219' title='bbox 2051 2720 2192 2762; x_wconf 86' lang='lat' dir='ltr'>Marie</span> <span class='ocrx_word' id='word_1_220' title='bbox 2214 2721 2395 2777; x_wconf 87' lang='lat' dir='ltr'>virginis</span> <span class='ocrx_word' id='word_1_221' title='bbox 2414 2720 2529 2761; x_wconf 84' lang='lat' dir='ltr'>infra</span> 
     </span>
     <span class='ocr_line' id='line_1_22' title="bbox 592 2798 2527 2855; baseline 0.002 -16"><span class='ocrx_word' id='word_1_222' title='bbox 592 2798 824 2840; x_wconf 85' lang='lat' dir='ltr'>Ciuitatem</span> <span class='ocrx_word' id='word_1_223' title='bbox 846 2798 1181 2840; x_wconf 88' lang='lat' dir='ltr'>Brechinensem</span> <span class='ocrx_word' id='word_1_224' title='bbox 1204 2798 1447 2840; x_wconf 88' lang='lat' dir='ltr'>Masindew</span> <span class='ocrx_word' id='word_1_225' title='bbox 1466 2802 1813 2855; x_wconf 81' lang='lat' dir='ltr'>nuncupatamm</span> <span class='ocrx_word' id='word_1_226' title='bbox 1839 2830 1848 2841; x_wconf 90' lang='lat'><strong>.</strong></span> <span class='ocrx_word' id='word_1_227' title='bbox 1877 2830 1887 2840; x_wconf 92' lang='lat'>.</span> <span class='ocrx_word' id='word_1_228' title='bbox 1913 2831 1923 2842; x_wconf 88' lang='lat'><strong><em>.</em></strong></span> <span class='ocrx_word' id='word_1_229' title='bbox 1950 2813 2048 2842; x_wconf 92' lang='lat' dir='ltr'>cum</span> <span class='ocrx_word' id='word_1_230' title='bbox 2075 2829 2085 2841; x_wconf 92' lang='lat'><strong>.</strong></span> <span class='ocrx_word' id='word_1_231' title='bbox 2111 2831 2122 2842; x_wconf 87' lang='lat'><strong>.</strong></span> <span class='ocrx_word' id='word_1_232' title='bbox 2149 2831 2161 2842; x_wconf 91' lang='lat'><strong>.</strong></span> <span class='ocrx_word' id='word_1_233' title='bbox 2186 2814 2397 2842; x_wconf 90' lang='lat' dir='ltr'>consensu</span> <span class='ocrx_word' id='word_1_234' title='bbox 2434 2832 2442 2841; x_wconf 95' lang='lat'><strong>.</strong></span> <span class='ocrx_word' id='word_1_235' title='bbox 2474 2832 2484 2841; x_wconf 87' lang='lat'>.</span> <span class='ocrx_word' id='word_1_236' title='bbox 2518 2832 2527 2841; x_wconf 93' lang='lat'><em>.</em></span> 
     </span>
     <span class='ocr_line' id='line_1_23' title="bbox 590 2877 2530 2934; baseline 0.001 -15"><span class='ocrx_word' id='word_1_237' title='bbox 590 2878 806 2933; x_wconf 85' lang='lat' dir='ltr'>quondam</span> <span class='ocrx_word' id='word_1_238' title='bbox 837 2877 1020 2919; x_wconf 87' lang='lat' dir='ltr'>Joannis</span> <span class='ocrx_word' id='word_1_239' title='bbox 1045 2877 1206 2920; x_wconf 90' lang='lat' dir='ltr'>domini</span> <span class='ocrx_word' id='word_1_240' title='bbox 1236 2877 1410 2934; x_wconf 88' lang='lat' dir='ltr'>Erskyn</span> <span class='ocrx_word' id='word_1_241' title='bbox 1439 2881 1486 2920; x_wconf 88' lang='lat' dir='ltr'>et</span> <span class='ocrx_word' id='word_1_242' title='bbox 1515 2878 1714 2934; x_wconf 85' lang='lat' dir='ltr'>Brechyn</span> <span class='ocrx_word' id='word_1_243' title='bbox 1735 2880 1909 2934; x_wconf 87' lang='lat' dir='ltr'>patroni</span> <span class='ocrx_word' id='word_1_244' title='bbox 1929 2879 2121 2921; x_wconf 88' lang='lat' dir='ltr'>eiusdem</span> <span class='ocrx_word' id='word_1_245' title='bbox 2151 2883 2195 2922; x_wconf 84' lang='lat' dir='ltr'>et</span> <span class='ocrx_word' id='word_1_246' title='bbox 2224 2879 2424 2934; x_wconf 86' lang='lat' dir='ltr'>magistri</span> <span class='ocrx_word' id='word_1_247' title='bbox 2444 2879 2530 2920; x_wconf 84' lang='lat' dir='ltr'>R0--</span> 
     </span>
     <span class='ocr_line' id='line_1_24' title="bbox 589 2955 2530 3012; baseline 0 -13"><span class='ocrx_word' id='word_1_248' title='bbox 589 2957 702 2999; x_wconf 87' lang='lat' dir='ltr'>berti</span> <span class='ocrx_word' id='word_1_249' title='bbox 724 2956 934 3012; x_wconf 85' lang='lat' dir='ltr'>Oarnegie</span> <span class='ocrx_word' id='word_1_250' title='bbox 955 2956 1220 3012; x_wconf 90' lang='lat' dir='ltr'>preceptoris</span> <span class='ocrx_word' id='word_1_251' title='bbox 1240 2956 1353 2999; x_wconf 87' lang='lat' dir='ltr'>dicte</span> <span class='ocrx_word' id='word_1_252' title='bbox 1373 2957 1528 2999; x_wconf 85' lang='lat' dir='ltr'>domus</span> <span class='ocrx_word' id='word_1_253' title='bbox 1549 2955 1631 2998; x_wconf 91' lang='lat' dir='ltr'>Dei</span> <span class='ocrx_word' id='word_1_254' title='bbox 1653 2958 1868 3012; x_wconf 86' lang='lat' dir='ltr'>quondam</span> <span class='ocrx_word' id='word_1_255' title='bbox 1890 2957 1922 2999; x_wconf 84' lang='lat' dir='ltr'>-J</span> <span class='ocrx_word' id='word_1_256' title='bbox 1925 2958 2055 3000; x_wconf 88' lang='lat' dir='ltr'>oanni</span> <span class='ocrx_word' id='word_1_257' title='bbox 2076 2957 2181 3000; x_wconf 85' lang='lat' dir='ltr'>Low</span> <span class='ocrx_word' id='word_1_258' title='bbox 2211 2957 2295 2999; x_wconf 86' lang='lat' dir='ltr'>ciui</span> <span class='ocrx_word' id='word_1_259' title='bbox 2327 2958 2530 3000; x_wconf 88' lang='lat' dir='ltr'>Ciuitatis</span> 
     </span>
     <span class='ocr_line' id='line_1_25' title="bbox 593 3035 2530 3093; baseline 0.001 -15"><span class='ocrx_word' id='word_1_260' title='bbox 593 3035 897 3078; x_wconf 88' lang='lat' dir='ltr'>Brechinensis</span> <span class='ocrx_word' id='word_1_261' title='bbox 918 3035 962 3077; x_wconf 91' lang='lat' dir='ltr'>in</span> <span class='ocrx_word' id='word_1_262' title='bbox 982 3035 1107 3078; x_wconf 83' lang='lat' dir='ltr'>vitali</span> <span class='ocrx_word' id='word_1_263' title='bbox 1138 3036 1310 3077; x_wconf 92' lang='lat' dir='ltr'>redditu</span> <span class='ocrx_word' id='word_1_264' title='bbox 1342 3068 1352 3078; x_wconf 93' lang='lat'><strong>.</strong></span> <span class='ocrx_word' id='word_1_265' title='bbox 1386 3067 1396 3078; x_wconf 88' lang='lat'><em>.</em></span> <span class='ocrx_word' id='word_1_266' title='bbox 1430 3067 1440 3077; x_wconf 90' lang='grc'><strong>.</strong></span> <span class='ocrx_word' id='word_1_267' title='bbox 1471 3050 1639 3077; x_wconf 90' lang='lat' dir='ltr'>necnon</span> <span class='ocrx_word' id='word_1_268' title='bbox 1669 3068 1679 3078; x_wconf 90' lang='lat'>.</span> <span class='ocrx_word' id='word_1_269' title='bbox 1712 3067 1722 3078; x_wconf 87' lang='lat'><strong><em>.</em></strong></span> <span class='ocrx_word' id='word_1_270' title='bbox 1754 3067 1765 3078; x_wconf 86' lang='lat'><strong>.</strong></span> <span class='ocrx_word' id='word_1_271' title='bbox 1797 3036 1989 3079; x_wconf 88' lang='lat' dir='ltr'>Roberto</span> <span class='ocrx_word' id='word_1_272' title='bbox 2019 3036 2125 3079; x_wconf 89' lang='lat' dir='ltr'>Low</span> <span class='ocrx_word' id='word_1_273' title='bbox 2155 3037 2248 3078; x_wconf 87' lang='lat' dir='ltr'>eius</span> <span class='ocrx_word' id='word_1_274' title='bbox 2282 3036 2372 3078; x_wconf 87' lang='lat' dir='ltr'>filio</span> <span class='ocrx_word' id='word_1_275' title='bbox 2403 3037 2530 3093; x_wconf 89' lang='lat' dir='ltr'>legit-</span> 
     </span>
     <span class='ocr_line' id='line_1_26' title="bbox 592 3114 2526 3172; baseline 0 -14"><span class='ocrx_word' id='word_1_276' title='bbox 592 3118 679 3159; x_wconf 92' lang='lat' dir='ltr'>imo</span> <span class='ocrx_word' id='word_1_277' title='bbox 709 3115 970 3158; x_wconf 84' lang='lat' dir='ltr'>hereditarie</span> <span class='ocrx_word' id='word_1_278' title='bbox 999 3115 1315 3170; x_wconf 87' lang='lat' dir='ltr'>heredibusque</span> <span class='ocrx_word' id='word_1_279' title='bbox 1345 3115 1449 3157; x_wconf 85' lang='lat' dir='ltr'>dicti</span> <span class='ocrx_word' id='word_1_280' title='bbox 1479 3114 1659 3157; x_wconf 87' lang='lat' dir='ltr'>Roberti</span> <span class='ocrx_word' id='word_1_281' title='bbox 1690 3146 1700 3157; x_wconf 87' lang='lat'>.</span> <span class='ocrx_word' id='word_1_282' title='bbox 1734 3146 1744 3157; x_wconf 87' lang='lat'><strong>.</strong></span> <span class='ocrx_word' id='word_1_283' title='bbox 1778 3144 1790 3156; x_wconf 89' lang='lat'><strong>.</strong></span> <span class='ocrx_word' id='word_1_284' title='bbox 1821 3114 2014 3172; x_wconf 88' lang='lat' dir='ltr'>legitime</span> <span class='ocrx_word' id='word_1_285' title='bbox 2054 3116 2330 3171; x_wconf 86' lang='lat' dir='ltr'>procreandis</span> <span class='ocrx_word' id='word_1_286' title='bbox 2371 3117 2526 3172; x_wconf 89' lang='lat' dir='ltr'>quibus</span> 
     </span>
     <span class='ocr_line' id='line_1_27' title="bbox 591 3194 2530 3251; baseline -0.001 -13"><span class='ocrx_word' id='word_1_287' title='bbox 591 3197 890 3238; x_wconf 87' lang='lat' dir='ltr'>deficientibus</span> <span class='ocrx_word' id='word_1_288' title='bbox 909 3195 1140 3237; x_wconf 87' lang='lat' dir='ltr'>heredibus</span> <span class='ocrx_word' id='word_1_289' title='bbox 1171 3199 1215 3237; x_wconf 92' lang='lat' dir='ltr'>et</span> <span class='ocrx_word' id='word_1_290' title='bbox 1244 3194 1480 3250; x_wconf 86' lang='lat' dir='ltr'>assignatis</span> <span class='ocrx_word' id='word_1_291' title='bbox 1499 3194 1603 3237; x_wconf 87' lang='lat' dir='ltr'>dicti</span> <span class='ocrx_word' id='word_1_292' title='bbox 1623 3194 1839 3250; x_wconf 81' lang='lat' dir='ltr'>quondam</span> <span class='ocrx_word' id='word_1_293' title='bbox 1871 3194 1899 3236; x_wconf 90' lang='lat' dir='ltr'><strong>J</strong></span> <span class='ocrx_word' id='word_1_294' title='bbox 1904 3194 2054 3237; x_wconf 83' lang='lat' dir='ltr'>oannis</span> <span class='ocrx_word' id='word_1_295' title='bbox 2079 3194 2185 3236; x_wconf 90' lang='lat' dir='ltr'>Low</span> <span class='ocrx_word' id='word_1_296' title='bbox 2206 3196 2530 3251; x_wconf 91' lang='lat' dir='ltr'>quibuscunque</span> 
     </span>
     <span class='ocr_line' id='line_1_28' title="bbox 592 3273 2526 3330; baseline -0.002 -12"><span class='ocrx_word' id='word_1_297' title='bbox 592 3277 644 3318; x_wconf 87' lang='lat' dir='ltr'>de</span> <span class='ocrx_word' id='word_1_298' title='bbox 675 3308 686 3319; x_wconf 93' lang='lat'><em>.</em></span> <span class='ocrx_word' id='word_1_299' title='bbox 719 3308 728 3318; x_wconf 95' lang='lat'>.</span> <span class='ocrx_word' id='word_1_300' title='bbox 763 3308 772 3317; x_wconf 92' lang='lat'><strong>.</strong></span> <span class='ocrx_word' id='word_1_301' title='bbox 804 3276 950 3317; x_wconf 88' lang='lat' dir='ltr'>decem</span> <span class='ocrx_word' id='word_1_302' title='bbox 985 3275 1099 3317; x_wconf 89' lang='lat' dir='ltr'>acris</span> <span class='ocrx_word' id='word_1_303' title='bbox 1133 3278 1349 3316; x_wconf 88' lang='lat' dir='ltr'>terrarum</span> <span class='ocrx_word' id='word_1_304' title='bbox 1384 3273 1615 3316; x_wconf 89' lang='lat' dir='ltr'>arabilium</span> <span class='ocrx_word' id='word_1_305' title='bbox 1649 3273 1762 3316; x_wconf 87' lang='lat' dir='ltr'>dicte</span> <span class='ocrx_word' id='word_1_306' title='bbox 1803 3273 2041 3330; x_wconf 89' lang='lat' dir='ltr'>capellanie</span> <span class='ocrx_word' id='word_1_307' title='bbox 2081 3278 2395 3317; x_wconf 85' lang='lat' dir='ltr'>annexatarum</span> <span class='ocrx_word' id='word_1_308' title='bbox 2429 3305 2438 3316; x_wconf 95' lang='lat'>.</span> <span class='ocrx_word' id='word_1_309' title='bbox 2471 3307 2480 3316; x_wconf 93' lang='lat'><strong>.</strong></span> <span class='ocrx_word' id='word_1_310' title='bbox 2515 3305 2526 3315; x_wconf 92' lang='lat'>.</span> 
     </span>
    </p>
   </div>
   <div class='ocr_carea' id='block_1_5' title="bbox 592 3356 2527 3415">
    <p class='ocr_par' dir='ltr' id='par_1_6' title="bbox 592 3356 2527 3415">
     <span class='ocr_line' id='line_1_29' title="bbox 592 3356 2527 3415; baseline -0.001 -13"><span class='ocrx_word' id='word_1_311' title='bbox 592 3374 670 3415; x_wconf 89' lang='lat' dir='ltr'>per</span> <span class='ocrx_word' id='word_1_312' title='bbox 699 3391 709 3402; x_wconf 91' lang='lat'><strong>.</strong></span> <span class='ocrx_word' id='word_1_313' title='bbox 745 3390 754 3400; x_wconf 95' lang='lat'>.</span> <span class='ocrx_word' id='word_1_314' title='bbox 786 3390 796 3401; x_wconf 87' lang='lat'><strong>.</strong></span> <span class='ocrx_word' id='word_1_315' title='bbox 828 3359 989 3400; x_wconf 86' lang='lat' dir='ltr'>limites</span> <span class='ocrx_word' id='word_1_316' title='bbox 1023 3357 1068 3398; x_wconf 90' lang='lat' dir='ltr'>in</span> <span class='ocrx_word' id='word_1_317' title='bbox 1105 3357 1221 3399; x_wconf 84' lang='lat' dir='ltr'>dicta</span> <span class='ocrx_word' id='word_1_318' title='bbox 1256 3360 1377 3399; x_wconf 82' lang='lat' dir='ltr'>carta</span> <span class='ocrx_word' id='word_1_319' title='bbox 1413 3356 1682 3413; x_wconf 79' lang='lat' dir='ltr'>specificatos</span> <span class='ocrx_word' id='word_1_320' title='bbox 1714 3388 1724 3398; x_wconf 90' lang='lat'><strong>.</strong></span> <span class='ocrx_word' id='word_1_321' title='bbox 1760 3386 1770 3397; x_wconf 90' lang='lat'><strong>.</strong></span> <span class='ocrx_word' id='word_1_322' title='bbox 1803 3389 1812 3399; x_wconf 92' lang='lat'><strong>.</strong></span> <span class='ocrx_word' id='word_1_323' title='bbox 1844 3371 1941 3399; x_wconf 89' lang='lat' dir='ltr'>cum</span> <span class='ocrx_word' id='word_1_324' title='bbox 1979 3389 1988 3399; x_wconf 93' lang='lat'><strong>.</strong></span> <span class='ocrx_word' id='word_1_325' title='bbox 2028 3387 2039 3399; x_wconf 90' lang='lat'><strong>.</strong></span> <span class='ocrx_word' id='word_1_326' title='bbox 2078 3387 2089 3400; x_wconf 88' lang='lat'><strong>.</strong></span> <span class='ocrx_word' id='word_1_327' title='bbox 2127 3358 2217 3400; x_wconf 88' lang='lat' dir='ltr'>suis</span> <span class='ocrx_word' id='word_1_328' title='bbox 2251 3358 2527 3414; x_wconf 88' lang='lat' dir='ltr'>pertinentiis</span> 
     </span>
    </p>
   </div>
  </div>
 </body>
</html>
