3016 3958
547 642 656 697 366
1031 638 1348 696 CARTAE
1387 634 2011 692 MISCELLANEAE.

199 895 524 938 CCCLXXIX.
550 887 843 956 Praeceptum
865 902 1010 942 cartae
1038 897 1375 941 confirmationis
1405 896 1533 938 unius
1564 897 1710 937 cartae
1741 894 1884 936 factae
1914 894 1969 935 ab
2000 891 2248 934 Alexandro
2278 892 2478 947 episcopo

548 978 827 1020 Brechinensi
856 992 952 1020 eum
982 990 1194 1019 consensu
1221 975 1399 1032 capituli
1429 978 1475 1017 et
1500 974 1804 1017 canonicorum
1835 972 2042 1015 ecclesiae
2073 970 2336 1014 cathedralis
2373 970 2478 1012 Bre-

547 1057 763 1099 chinensis
792 1056 1039 1099 Alexandro
1072 1044 1253 1111 Ogilvie'
1269 1054 1315 1096 in
1345 1053 1578 1096 Drummes
1599 1053 1857 1096 haeredibus
1880 1052 1971 1095 suis
1992 1055 2038 1094 et
2058 1051 2294 1108 assignatis
2321 1051 2475 1093 tertiae

547 1136 684 1190 partis
716 1136 768 1177 de
802 1135 949 1177 Eister
980 1134 1212 1177 Drummes
1243 1138 1348 1177 tune
1378 1137 1612 1190 occupatae
1642 1134 1698 1176 ab
1731 1132 1977 1175 Alexandro
2011 1131 2182 1188 Ogilvie
2213 1130 2395 1180 seniore,
2428 1142 2478 1170 ac

547 1216 702 1256 tertiae
736 1215 872 1270 partis
907 1228 1052 1256 morae
1087 1213 1219 1269 vulgo
1254 1213 1311 1255 lie
1348 1213 1475 1256 Firth
1510 1216 1788 1269 nuncupatae
1823 1226 1921 1255 cum
1959 1212 2050 1254 suis
2085 1210 2373 1267 pertinentiis,
2411 1210 2481 1263 ja·

547 1294 733 1336 centium
763 1294 807 1335 in
837 1293 1024 1336 dominio
1056 1292 1331 1349 episcopatus
1361 1292 1667 1335 Brechinensis
1696 1292 1812 1334 infra
1841 1291 2189 1334 vicecomitatum
2209 1289 2478 1336 de'Forfair3

546 1377 589 1414 et
623 1372 733 1415 aliae
768 1376 912 1415 cartae
953 1371 1162 1414 umbralis
1195 1371 1479 1415 dimidietatis
1516 1372 1749 1414 earundem
1784 1375 2001 1415 terrarum
2036 1384 2267 1414 concessae
2302 1384 2330 1412 a
2364 1370 2478 1411 dicto

545 1452 790 1494 Alexandro
822 1451 992 1507 Ogiluie
1022 1452 1190 1493 seniore
1219 1451 1486 1507 portionario
1516 1451 1570 1494 de
1599 1451 1748 1494 Eister
1777 1450 2011 1494 Drummes
2036 1450 2286 1492 Alexandro
2309 1449 2478 1506 Ogilvie

541 1531 701 1583 juniori
732 1531 823 1573 eius
853 1530 940 1572 filio
970 1534 1078 1573 natu
1107 1530 1296 1573 maximo
1328 1534 1374 1574 et
1404 1531 1620 1586 quondam
1651 1531 1814 1587 Agneti
1846 1531 2147 1574 Edmonstoun
2177 1531 2273 1586 ejus
2304 1530 2476 1584 conjugi

545 1624 595 1651 ac
634 1624 782 1652 eorum
823 1610 950 1652 alteri
989 1609 1152 1652 diutius
1179 1609 1345 1652 viventi
1379 1610 1657 1666 ipsorumque
1692 1611 1951 1653 haeredibus
1988 1611 2144 1666 quibus
2178 1610 2477 1652 deficientibus

545 1689 801 1731 haeredibus
829 1689 931 1732 dicti
963 1689 1204 1732 Alexandri
1236 1688 1405 1745 Ogilvie
1430 1689 1619 1744 junioris
1650 1690 1992 1746 quibuscunque,
2024 1693 2069 1733 et
2099 1690 2255 1733 solaris
2285 1689 2478 1731 dimidie—

544 1769 649 1810 tatis
684 1768 915 1810 earundem
947 1771 1164 1811 terrarum
1199 1768 1314 1811 dicto
1345 1767 1594 1811 Alexandro
1632 1768 1801 1825 Ogilvie
1832 1769 1997 1823 juniori
2032 1769 2291 1811 haeredibus
2322 1769 2412 1811 suis
2434 1773 2479 1811 et

544 1847 779 1903 assignatis
809 1848 1163 1903 quibuscunque3
1194 1848 1481 1891 tenendarum
1510 1848 1563 1890 de
1593 1847 1709 1890 dicto
1737 1850 1937 1904 episcopo
1969 1852 2014 1890 et
2038 1849 2129 1890 suis
2157 1847 2479 1890 successoribus

543 1928 588 1967 in
617 1926 857 1969 feodifirma
887 1930 932 1970 et
959 1927 1228 1970 haereditate
1258 1927 1575 1984 imperpetuum
1610 1958 1621 1969 .
1652 1927 1885 1970 Reddendo
1917 1928 2018 1969 inde
2052 1927 2277 1970 annuatim
2304 1927 2477 1969 domino

545 2006 655 2062 Regi
686 2009 729 2048 et
761 2006 1079 2049 suecessoribus
1111 2006 1201 2049 suis
1236 2007 1346 2049 duas
1374 2006 1542 2049 celdras
1565 2006 1830 2057 victualium,
1863 2010 1960 2050 octo
1990 2006 2130 2049 bollas
2161 2007 2295 2057 ordei,
2324 2006 2478 2063 viginti

546 2088 730 2139 quatuor
767 2084 906 2127 bollas
945 2085 1110 2127 farinae
1150 2086 1415 2136 avenaticae‚
1454 2090 1500 2129 et
1532 2100 1662 2128 unam
1697 2086 1938 2129 duodenam
1978 2086 2261 2142 pultrearum,
2296 2086 2352 2128 ad
2391 2090 2477 2128 ter-

543 2163 682 2205 minos
703 2166 946 2213 consuetos,
972 2164 1042 2205 vel
1072 2164 1220 2206 decem
1249 2178 1419 2207 marcas
1448 2168 1649 2207 monetae
1686 2165 1856 2208 scotiae
1887 2179 1965 2222 pro
1996 2165 2190 2220 qualibet
2220 2165 2364 2207 celdra
2394 2165 2480 2206 vic-

546 2243 726 2285 tualium
760 2246 804 2285 et
834 2247 1021 2298 quatuor
1051 2245 1252 2287 denarios
1278 2259 1357 2301 pro
1383 2245 1576 2301 qualibet
1605 2245 1819 2288 dictarum
1849 2245 2132 2302 pultrearum,
2165 2259 2332 2288 necnon
2363 2260 2478 2288 sum—

546 2340 660 2368 mam
690 2326 821 2368 trium
850 2327 1083 2370 solidorum
1111 2333 1157 2371 et
1190 2334 1377 2385 quatuor
1404 2330 1683 2372 denariorum
1711 2333 1910 2373 monetae
1940 2329 2186 2386 praedictae
2217 2331 2262 2371 in
2292 2344 2481 2372 annnam

546 2406 939 2461 augmentationem
981 2408 1190 2458 rentalis3
1236 2423 1287 2452 ac
1322 2410 1455 2452 etiam
1494 2410 1756 2466 praestando
1799 2413 1889 2452 tres
1931 2414 2073 2452 sectas
2112 2410 2258 2452 euriae
2297 2410 2353 2452 ad
2396 2411 2482 2452 tria

545 2484 703 2538 placita
738 2486 940 2541 capitalia
973 2487 1151 2530 dominii
1181 2488 1234 2531 de
1265 2489 1481 2539 Brechin;
1517 2493 1563 2532 et
1598 2489 1798 2532 similiter
1832 2489 2059 2532 seruiendo
2087 2489 2196 2545 Regi
2229 2492 2274 2531 et
2309 2503 2477 2531 succes-

547 2563 714 2606 soribus
736 2565 826 2607 suis
847 2569 891 2608 et
911 2566 1302 2611 locumtenentibus
1329 2583 1408 2624 pro
1438 2573 1633 2625 tempore
1653 2569 1699 2610 in
1719 2569 1889 2624 guerris
1912 2572 1958 2612 et
1976 2568 2238 2612 exercitibus
2258 2568 2477 2624 regalibus

546 2643 676 2685 toties
697 2644 866 2698 quoties
900 2659 1009 2701 opus
1043 2646 1176 2689 fuerit
1205 2648 1364 2690 armati
1393 2649 1525 2691 rebus
1554 2647 1737 2698 bellicis,
1768 2648 1942 2691 nomine
1971 2647 2236 2691 feodifirmae
2265 2651 2435 2690 tantum
2468 2681 2476 2690 .

546 2721 707 2764 Datum
729 2724 843 2778 apud
868 2723 1181 2768 Haliruidhous
1201 2727 1227 2768 6
1249 2725 1279 2768 J
1280 2727 1449 2770 anuarii
1475 2729 1579 2772 1591
1615 2758 1624 2769 .

227 2960 525 3002 CCCLXXX.
549 2947 656 3002 Gift
676 2961 743 3003 for
766 2975 894 3004 seven
914 2977 1040 3018 years
1070 2968 1116 3007 to
1150 2965 1332 3008 Charles
1362 2965 1630 3009 Foulertoun
1661 2966 1852 3015 student,
1876 2979 1955 3007 son
1983 2969 2030 3006 to
2060 2965 2135 3006 the
2162 2964 2369 3009 deceased
2391 2966 2474 3008 Mr.

549 3038 576 3079 J
579 3052 697 3081 ames
717 3039 997 3091 Foulertoun,
1028 3043 1096 3085 for
1121 3044 1191 3086 his
1222 3048 1404 3101 support
1433 3049 1481 3088 at
1509 3045 1585 3088 the
1616 3044 1789 3087 schools
1824 3043 1912 3085 and
1940 3043 2009 3086 for
2038 3043 2107 3085 his
2137 3043 2402 3101 upbringing
2430 3047 2475 3086 in

550 3117 715 3159 seience
747 3119 832 3160 and
865 3120 978 3175 good
1011 3120 1178 3173 letters,
1212 3123 1261 3165 of
1287 3123 1362 3166 the
1394 3123 1538 3167 teinds
1571 3124 1620 3166 of
1646 3123 1721 3166 the
1753 3122 1880 3165 lands
1900 3121 1960 3164 of
1989 3120 2206 3177 Olayleck,
2243 3124 2478 3180 extending

549 3196 695 3251 yearly
726 3200 771 3239 to
803 3198 876 3239 the
908 3212 1002 3240 sum
1033 3200 1082 3242 of
1107 3200 1229 3257 eight
1256 3203 1401 3244 merks
1424 3202 1563 3253 Seots,
1584 3203 1670 3245 and
1699 3201 1904 3257 formerly
1928 3200 2176 3258 pertaining
2204 3202 2250 3244 in
2279 3217 2475 3247 common

551 3278 597 3317 to
618 3275 691 3318 the
713 3288 873 3319 canons
894 3277 942 3319 of
958 3277 1160 3322 Brechin.
1219 3279 1361 3324 Dated
1382 3284 1430 3325 at
1450 3281 1657 3325 Dalkeith
1688 3284 1786 3324 2lst
1807 3281 1984 3337 August
2008 3282 2131 3324 1592.
