3016 3958
347 2572 500 2619 XLV.

1108 609 1400 666 OARTAE
1450 612 1949 668 ORIGINALES.
2430 612 2503 664 83

544 795 814 846 nominatas
850 797 1018 848 literas
1054 800 1142 849 sub
1184 817 1327 849 manu
1351 802 1544 866 publica
1581 803 1841 865 redigerem
1879 805 1928 850 et
1966 800 2173 848 fideliter
2209 800 2443 862 copiarem
2487 828 2495 836 ·

545 884 698 948 Super
720 886 890 949 quibus
913 888 1133 937 omnibus
1158 893 1207 937 et
1231 890 1428 954 singulis
1463 892 1677 955 prefatus
1701 890 1920 938 dominus
1959 889 2198 937 Henricus
2235 905 2265 935 a
2304 904 2378 935 me
2414 905 2495 935 no-

542 973 666 1021 tario
691 974 882 1038 publico
907 977 1178 1041 subscripto
1216 978 1307 1027 sibi
1344 979 1446 1027 fieri
1480 979 1622 1044 petiit
1646 978 1887 1043 publicum
1914 978 2278 1027 instrumentum
2319 1006 2328 1015 ·
2368 979 2488 1025 Acta

539 1063 729 1112 fuerunt
766 1065 854 1112 hec
890 1065 939 1113 in
974 1065 1178 1115 ecclesia
1212 1067 1476 1116 cathedrali
1502 1068 1814 1116 Brechinensi
1839 1069 1898 1115 ad
1924 1067 2076 1116 altare
2102 1067 2267 1114 Sancti
2298 1066 2488 1113 Niniani

538 1152 654 1199 hora
678 1153 864 1201 decima
900 1153 975 1202 vel
1012 1155 1200 1204 eocirca
1223 1160 1336 1205 ante
1371 1156 1616 1205 meridiem
1659 1157 1745 1205 sub
1785 1173 1909 1204 anno
1950 1156 2027 1203 die
2067 1184 2077 1194 ·
2118 1184 2126 1193 ·
2167 1183 2177 1193 ·
2214 1155 2490 1218 prescriptis

536 1241 834 1303 presentibus
871 1242 1046 1291 ibidem
1085 1244 1343 1293 venerabili
1381 1245 1482 1293 viro
1519 1246 1746 1308 magistro
1781 1247 1815 1292 J
1819 1246 2003 1293 ohanne
2031 1244 2262 1292 Willelmi
2299 1244 2486 1292 officiali

538 1330 845 1379 Brechinensi
870 1331 1072 1381 dominis
1095 1331 1373 1380 Alexandro
1401 1333 1698 1383 Michelsoun
1724 1334 1900 1381 vicario
1937 1335 1996 1381 de
2033 1333 2266 1381 Ferneval
2301 1334 2332 1379 J
2338 1334 2486 1381 acobo

535 1418 674 1466 Steill
710 1400 897 1468 notario
934 1419 1125 1484 publico
1167 1421 1414 1470 Willelmo
1451 1423 1552 1486 Pay
1587 1422 1847 1486 capellanis
1873 1423 2085 1471 Henrico
2108 1423 2142 1469 J
2146 1423 2412 1470 ohanstoun
2437 1427 2485 1469 et

535 1507 773 1556 Michaele
800 1511 902 1572 Ayr
926 1510 1133 1559 testibus
1159 1538 1169 1548 ·
1209 1539 1219 1548 ·
1259 1539 1269 1548 ·

602 1597 667 1644 Et
714 1613 800 1661 ego
848 1598 1009 1646 Dauid
1057 1600 1249 1647 Andree
1283 1600 1521 1664 presbiter
1562 1601 1898 1650 Brechinensis
1939 1601 2157 1650 dioecesis
2203 1603 2314 1664 pub⁵
2372 1606 2483 1648 aute·

532 1685 663 1750 impu·
699 1687 912 1736 notarius
935 1688 1175 1752 predictas
1197 1687 1363 1738 literas
1398 1695 1450 1737 ut
1486 1690 1781 1754 premittitur
1804 1690 2036 1754 sigillatas
2072 1694 2125 1738 ut
2158 1690 2299 1737 michi
2327 1691 2480 1738 verius

531 1780 780 1828 constabat
822 1781 914 1828 vidi
952 1783 1174 1845 perspexi
1200 1774 1393 1845 perlegi
1417 1789 1465 1831 et
1504 1782 1696 1847 palpaui
1736 1787 1785 1831 et
1825 1784 1882 1831 de
1921 1783 2064 1831 verbo
2099 1783 2159 1830 ad
2197 1783 2388 1830 verbum
2426 1788 2479 1830 ut

538 1869 754 1933 superius
799 1869 1070 1918 continetur
1114 1871 1426 1935 transsumpsi
1468 1876 1516 1920 et
1558 1872 1763 1920 fideliter
1802 1872 1989 1936 copiaui
2025 1876 2074 1920 et
2109 1873 2301 1920 tandem
2349 1873 2473 1919 facta

536 1959 662 2006 fideli
687 1959 941 2007 collatione
976 1976 1082 2007 cum
1119 1960 1334 2024 originali
1359 1976 1464 2008 cum
1490 1962 1655 2009 eadem
1681 1960 1896 2024 originali
1921 1962 2207 2009 concordare
2232 1961 2389 2008 inueni
2414 1961 2480 2008 nil

530 2048 695 2096 addito
719 2047 794 2096 vel
818 2048 1051 2096 diminuto
1076 2050 1199 2112 quod
1224 2050 1348 2098 forte
1373 2052 1656 2099 sententiam
1687 2051 1905 2098 immutet
1930 2054 2015 2098 aut
2039 2051 2189 2097 variet
2214 2049 2476 2098 intellectui

525 2138 742 2202 Ideoque
767 2154 961 2202 presens
999 2166 1009 2176 ·
1048 2165 1059 2176 ·
1099 2166 1108 2175 ·
1146 2139 1512 2188 instrumentum
1553 2169 1562 2177 -
1602 2169 1611 2177 -
1652 2168 1661 2177 ·
1699 2139 1880 2202 signaui
1920 2168 1929 2176 ·
1970 2168 1979 2177 ·
2020 2168 2030 2177 ·

531 2338 606 2385 De
646 2339 766 2386 Jure
811 2339 1074 2389 Molendini
1116 2341 1174 2387 de
1217 2341 1451 2403 Achduuy
1486 2345 1535 2388 et
1571 2341 1909 2389 consuetudine
1947 2340 2155 2387 eiusdem
2192 2344 2240 2387 et
2287 2339 2469 2388 fabrilis

531 2427 756 2492 Episcopi
782 2429 1115 2477 Brechinensis
1152 2457 1162 2466 ·

536 2547 616 2628 In
656 2581 750 2629 Dei
788 2581 976 2629 nomine
1015 2609 1025 2618 ·
1065 2609 1074 2618 ·
1115 2609 1125 2618 ·
1165 2581 1337 2629 Pateat
1362 2582 1486 2644 quod
1511 2597 1635 2630 anno
1669 2581 1860 2630 Domini
1885 2582 2133 2632 millesimo
2158 2586 2469 2647 quadringen-

527 2671 696 2719 tesimo
742 2670 1128 2734 quinquagesimo
1174 2670 1431 2718 secundum
1480 2685 1666 2718 cursum
1713 2674 1763 2718 et
1810 2671 2210 2734 computationem
2266 2672 2465 2722 ecclesie

525 2760 776 2808 Scoticane
801 2759 976 2807 mensis
1010 2775 1119 2807 vero
1158 2758 1328 2806 Marcii
1365 2758 1440 2805 die
1478 2759 1787 2806 decimanona
1823 2759 2090 2807 Indictione
2115 2760 2465 2824 decimaquinta

524 2849 835 2897 Pontificatus
873 2876 883 2885 ·
923 2875 933 2885 ·
973 2875 982 2885 ·
1022 2846 1240 2896 Nicholai
1278 2874 1288 2884 ·
1328 2875 1337 2884 ·
1376 2875 1387 2883 ·
1425 2846 1578 2909 quinti
1620 2862 1744 2894 anno
1792 2846 1956 2910 quinto
1995 2875 2004 2884 ·
2044 2876 2053 2884 ·
2094 2875 2103 2885 ·
2143 2849 2463 2898 Personaliter

523 2937 787 3001 comparuit
824 2937 1109 2984 reuerendus
1146 2936 1193 2983 in
1234 2935 1313 2982 X0·
1353 2939 1491 2998 pater
1523 2935 1558 2981 J
1561 2934 1771 2983 ohannes
1818 2935 2084 2999 Episcopus
2126 2937 2458 2987 Brechinensis

523 3027 648 3089 apud
687 3025 893 3074 Brechin
933 3024 980 3071 in
1018 3011 1129 3072 aula
1165 3039 1252 3072 sua
1287 3038 1392 3070 cum
1429 3022 1590 3070 Dauid
1622 3023 1881 3086 Dempstar
1915 3024 1973 3071 de
2009 3024 2260 3074 Ochterles
2283 3027 2458 3075 balliuo

522 3131 608 3163 suo
645 3119 694 3163 et
733 3129 838 3161 cum
878 3113 1010 3161 curia
1047 3128 1133 3162 sua
1167 3113 1228 3160 ad
1264 3112 1386 3159 hanc
1411 3111 1536 3158 diem
1561 3110 1833 3174 specialiter
1857 3116 2120 3160 conuocata
2144 3129 2286 3177 super
2308 3115 2461 3163 diuer-

522 3205 587 3253 sis
623 3231 634 3241 ·
671 3203 855 3258 Quibus
878 3202 1116 3267 expeditis
1153 3206 1207 3250 ut
1245 3204 1434 3250 constat
1472 3200 1520 3247 in
1557 3200 1723 3263 papiro
1747 3199 1997 3258 curiarum,
2024 3203 2297 3265 superuenit
2325 3205 2458 3251 Wal-

522 3297 654 3341 terus
689 3291 856 3354 Ogilvy
893 3292 951 3338 de
988 3290 1225 3339 Beuforde
1262 3290 1517 3353 deputatus
1555 3316 1565 3326 -
1604 3317 1614 3325 -
1653 3316 1663 3325 ·
1700 3288 1991 3338 vicecomitis
2014 3290 2073 3338 de
2099 3291 2268 3338 Forfar
2291 3296 2457 3354 petens
