3016 3958
536 609 646 663 102
1112 607 1409 663 CARTAE
1453 609 1952 664 ORIGINALES.

536 797 783 845 ciuitatem
818 797 1159 846 Sanctiandree
1187 797 1395 845 secundo
1430 797 1506 845 die
1530 797 1705 846 mensis
1738 798 1958 846 Januarii
1982 813 2106 846 anno
2142 798 2337 847 Domini
2372 796 2476 845 mil·

535 886 702 935 lesimo
724 885 1185 949 quadringentesimo
1208 885 1651 947 sexagesimotertio
1687 921 1698 932 .
1738 886 1806 934 Et
1834 886 1987 949 Regni
2011 887 2163 935 nostri
2187 891 2357 950 quarto
2396 916 2406 925 ·

539 1087 927 1150 Transsumptum
970 1086 1283 1135 Instrumenti
1323 1101 1466 1149 super
1503 1090 1780 1134 tenemento
1817 1090 1866 1133 et
1905 1086 2251 1150 interruptione
2292 1102 2478 1150 posses-

540 1175 686 1223 sionis
709 1175 919 1223 eiusdem
958 1202 967 1211 ·

383 1335 515 1381 LVI.
550 1295 630 1376 In
655 1329 753 1376 Dei
775 1328 965 1377 nomine
1003 1356 1013 1365 ·
1052 1356 1062 1366 ·
1102 1357 1112 1366 ·
1151 1329 1326 1377 Pateat
1350 1330 1600 1377 euidenter
1623 1331 1748 1393 quod
1773 1346 1898 1377 anno
1932 1346 1960 1377 a
1996 1328 2252 1376 natiuitate
2286 1327 2480 1375 Domini

542 1416 791 1465 millesimo
831 1417 1295 1481 quadringentesimo
1336 1418 1632 1480 sexagesimo
1673 1421 1843 1481 quarto
1883 1417 2060 1466 mensis
2094 1432 2206 1465 vero
2248 1417 2366 1478 Maij
2404 1416 2481 1463 die

542 1506 897 1569 decimoquarto
952 1506 1222 1554 Indictione
1272 1506 1552 1554 duodecima
1607 1506 1918 1555 Pontificatus
1956 1534 1965 1544 ·
2006 1534 2015 1544 ·
2055 1534 2065 1544 ·
2103 1505 2177 1552 Pii
2215 1534 2225 1543 ·
2265 1533 2275 1543 ·
2313 1533 2324 1543 ·
2360 1521 2482 1568 pape

542 1595 735 1643 secundi
760 1610 885 1642 anno
908 1598 1048 1642 sexto
1087 1623 1097 1632 -
1133 1622 1143 1631 ·
1184 1621 1197 1631 ·
1234 1594 1555 1643 Personaliter
1589 1595 1877 1642 constitutus
1904 1594 2150 1643 Discretus
2172 1594 2243 1641 vir
2265 1594 2482 1642 dominus

547 1682 818 1731 Willelmus
856 1682 957 1730 Paa
994 1686 1275 1746 procurator
1309 1683 1572 1731 communis
1608 1681 1970 1746 Capellanorum
1995 1682 2127 1730 chori
2152 1682 2484 1731 Brechinensis

598 1800 607 1809 -
647 1800 658 1809 ·
694 1787 853 1819 coram
877 1770 1136 1818 venerabili
1174 1774 1224 1819 et
1254 1771 1596 1834 circumspecto
1621 1771 1721 1818 viro
1747 1770 1982 1833 Magistro
2003 1770 2037 1817 J
2041 1770 2225 1818 ohanne
2253 1769 2483 1817 Willelmi

543 1860 731 1908 officiali
754 1857 962 1922 generali
1003 1859 1311 1907 Brechinensi
1350 1859 1398 1906 in
1435 1857 1542 1908 loco
1577 1858 1828 1923 capitulari
1853 1859 2066 1907 eiusdem
2090 1858 2376 1907 iudicialiter
2398 1875 2484 1923 pro

554 1951 707 1997 iudice
744 1950 939 1997 sedente
977 1947 1240 2011 comparuit
1278 1952 1327 1995 et
1364 1948 1599 2011 quoddam
1637 1947 1950 2011 protagollum
1985 1963 2129 1995 manu
2164 1947 2356 1996 discreti
2397 1948 2484 1996 viri

551 2039 786 2102 quondam
826 2035 1089 2084 Alexandri
1125 2036 1304 2084 Thome
1328 2036 1502 2085 notarii
1526 2036 1702 2099 publici
1725 2039 1865 2099 prout
1889 2036 2091 2084 asseruit
2114 2036 2318 2084 fideliter
2339 2037 2486 2100 scrip-

544 2133 650 2175 tum
674 2126 848 2173 ibidem
874 2125 1157 2174 ostendebat
1195 2129 1245 2172 et
1282 2125 1342 2171 ab
1380 2125 1544 2172 eodem
1583 2124 1736 2172 iudice
1760 2129 1875 2172 tunc
1899 2125 1946 2172 in
1971 2125 2145 2172 iudicio
2169 2126 2364 2174 sedente
2387 2126 2486 2173 dic-

545 2221 648 2264 tum
672 2214 986 2279 protagollum
1027 2214 1067 2262 si
1106 2229 1274 2262 manus
1311 2213 1427 2261 dicti
1466 2213 1640 2262 notarii
1675 2217 1801 2262 esset
1826 2213 2087 2261 examinari
2123 2217 2171 2261 et
2206 2215 2483 2277 attemptari

549 2322 636 2369 per
669 2308 821 2353 testes
856 2303 1114 2365 fidedignos
1149 2302 1229 2366 qui
1265 2318 1456 2350 manum
1479 2302 1627 2365 ipsius
1650 2301 1870 2350 viderunt
1904 2306 1953 2349 et
1987 2307 2220 2350 nonerunt
2251 2303 2486 2352 instanter

550 2394 689 2458 petiit
727 2422 737 2431 ·
775 2392 1059 2454 Quiquidem
1090 2391 1244 2453 judex
1281 2390 1568 2438 examinatis
1604 2406 1689 2453 per
1722 2406 1828 2438 eum
1863 2390 2068 2439 testibus
2091 2395 2140 2438 et
2165 2407 2326 2439 eorum
2360 2392 2487 2455 posi-

549 2483 761 2531 tionibus
797 2497 882 2544 pro
919 2480 1231 2528 affirmatione
1268 2495 1434 2528 manus
1457 2478 1575 2527 dicti
1608 2478 1783 2526 notarii
1817 2479 1866 2526 in
1902 2479 2068 2526 eodem
2093 2479 2356 2542 protagollo
2381 2479 2486 2527 dili·
2543 2489 2548 2494 '

552 2576 718 2635 genter
753 2574 803 2618 et
839 2570 1023 2617 auisate
1061 2568 1238 2616 auditis
1274 2567 1508 2630 prefatum
1549 2566 1862 2630 protagollum
1887 2582 1990 2615 esse
2015 2568 2184 2615 efficax
2207 2572 2256 2615 et
2279 2567 2485 2616 validum

555 2677 612 2708 ac
635 2659 783 2723 ipsius
807 2657 984 2705 domini
1009 2656 1272 2704 Alexandri
1295 2656 1470 2704 notarii
1506 2654 1684 2719 publici
1719 2655 1820 2703 fore
1858 2670 2024 2703 manus
2061 2655 2272 2703 decreuit
2307 2659 2357 2704 et
2380 2672 2487 2719 pro·

556 2748 799 2797 nunciauit
837 2750 886 2794 et
923 2746 1099 2793 idcirco
1123 2745 1275 2808 ipsum
1313 2745 1362 2791 in
1398 2745 1596 2792 formam
1627 2743 1863 2807 publicam
1898 2747 1948 2791 et
1983 2743 2241 2806 exemplari
2265 2748 2314 2792 et
2338 2745 2486 2807 redigi

559 2835 802 2884 mandauit
839 2834 909 2882 ita
945 2834 1070 2896 quod
1107 2833 1260 2880 eidem
1294 2832 1557 2895 protagollo
1580 2837 1806 2895 tanquam
1831 2832 2144 2879 instrumento
2168 2831 2403 2895 completo
2425 2834 2486 2880 ab

562 2924 777 2972 omnibus
798 2922 915 2970 fides
938 2921 1131 2970 indubia
1153 2921 1411 2984 prebeatur
1447 2925 1497 2968 et
1533 2920 1816 2968 adhibeatur
1853 2948 1863 2957 ·
1901 2919 2236 2982 Cuiusquidem
2274 2949 2284 2958 ·
2323 2949 2333 2958 ·
2372 2949 2383 2958 ·
2418 2926 2489 2969 te-

563 3028 650 3060 nor
688 3039 699 3049 ·
738 3039 747 3047 ·
787 3038 797 3047 ·
834 3013 907 3058 est
929 3008 1042 3057 talis
1080 3036 1091 3046 ·
1128 3012 1268 3056 Anno
1293 3008 1642 3056 Incarnationis
1666 3008 1917 3055 Dominice
1951 3006 2201 3055 millesimo
2243 3018 2373 3056 cccc⁰
2406 3011 2491 3058 tri-

566 3101 866 3148 cesimonono
885 3097 1001 3158 xxiij
1024 3097 1099 3144 die
1119 3096 1291 3145 mensis
1311 3096 1428 3157 Maij
1451 3095 1718 3143 Indictione
1742 3096 1948 3143 secunda
1968 3095 2276 3144 Pontificatus
2295 3097 2494 3160 Eugenii

567 3204 690 3236 anno
713 3201 837 3234 nono
875 3213 885 3222 -
922 3185 982 3232 In
1005 3185 1097 3232 mei
1120 3184 1294 3232 notarii
1331 3212 1342 3221 ·
1380 3212 1390 3221 ·
1429 3211 1440 3221 ·
1475 3183 1715 3247 presentia
1736 3182 2048 3246 personaliter
2083 3184 2370 3233 constitutus
2405 3186 2498 3235 dis-

569 3280 727 3324 cretus
749 3274 820 3321 vir
843 3273 1060 3322 dominus
1084 3273 1290 3321 Thomas
1316 3273 1449 3334 Lang
1471 3270 1743 3335 capellanus
1767 3271 1898 3319 chori
1923 3271 2258 3320 Brechinensis
2281 3288 2500 3335 procura-
