3016 3958
522 639 632 692 404
1008 639 1439 695 LITERAE
1506 638 1965 695 PAPALES.

519 816 787 872 dignaretur,
808 817 1002 873 prefatus
1034 817 1273 860 Nicholaus
1310 850 1319 860 .
1352 849 1361 860 .
1403 848 1413 859 .
1450 818 1534 859 sub
1561 817 1665 859 data
1699 816 1798 868 diei,
1831 816 1983 872 quinto
2015 815 2243 859 Kalendas
2276 818 2457 874 Aprilis,

520 896 805 940 Pontificatus
837 898 904 940 sui
933 912 1047 940 anno
1079 901 1216 946 sexto,
1246 897 1396 939 literas
1426 897 1751 953 privilegiorum
1782 896 2105 953 exemptionum
2129 901 2174 940 et
2192 897 2456 941 indultorum

519 989 569 1016 ac
589 977 878 1020 concessionis
899 978 1188 1034 predictorum
1219 1007 1229 1018 .
1257 1009 1266 1018 .
1294 1009 1303 1018 .
1335 991 1413 1032 per
1434 990 1536 1019 suas
1557 977 1724 1027 literas,
1748 978 1784 1019 si
1807 991 1937 1033 super
1957 978 2037 1019 hoc
2060 978 2252 1021 confecte
2272 978 2459 1021 fuissent

606 1086 615 1096 .
647 1056 918 1098 confirmavit
947 1059 992 1098 et
1022 1056 1089 1098 sui
1117 1055 1266 1111 scripti
1296 1055 1537 1112 patrocinio
1558 1049 1841 1099 communivit
1872 1088 1881 1099 .
1915 1088 1924 1099 .
1960 1087 1970 1097 .
2001 1057 2209 1108 defectus,
2231 1058 2305 1113 qui
2325 1058 2458 1101 inter-

518 1135 740 1178 venissent
769 1136 814 1177 in
845 1136 1020 1186 eisdem,
1043 1135 1310 1192 supplendo;
1342 1139 1387 1178 et
1408 1135 1689 1178 nihilominus
1711 1136 1848 1178 eidem
1882 1135 2078 1179 Gilberto
2104 1138 2184 1179 sub
2203 1137 2321 1180 dicta
2340 1138 2457 1189 data,

517 1218 567 1256 ut
598 1229 863 1271 quecumque
896 1216 981 1259 duo
1015 1216 1223 1258 beneficia
1258 1215 1554 1258 ecclesiastica
1587 1230 1683 1257 cum
1719 1229 1825 1258 cura
1859 1215 1929 1258 vel
1965 1216 2058 1258 sine
2096 1231 2214 1267 cura,
2257 1217 2388 1259 etiam
2421 1219 2457 1259 si

515 1296 793 1338 canonicatus
814 1299 859 1339 et
877 1296 1106 1352 prebende,
1138 1296 1387 1352 dignitates,
1418 1299 1693 1351 personatus,
1725 1300 1934 1352 perpetue
1966 1296 2366 1339 administrationes
2387 1297 2454 1339 vel

516 1375 654 1417 officia
688 1376 733 1417 in
769 1375 1118 1426 Cathedralibus,
1154 1376 1285 1418 etiam
1320 1375 1667 1431 metropolitanis
1699 1390 1774 1418 seu
1807 1375 2049 1431 collegiatis
2081 1376 2275 1418 ecclesiis
2306 1376 2457 1432 hujus-

515 1455 628 1497 modi
663 1455 925 1511 principales
961 1456 1119 1505 forent,
1156 1459 1202 1497 et
1235 1455 1291 1498 ad
1326 1455 1578 1511 dignitates,
1614 1459 1889 1511 personatus,
1937 1455 2351 1513 administra-tiones,
2387 1457 2455 1499 vel

515 1534 653 1577 officia
673 1535 919 1591 hujusmodi
947 1536 1277 1578 consuevissent
1295 1536 1369 1591 qui
1400 1550 1477 1591 per
1506 1535 1760 1578 electionem
1791 1535 1970 1585 assumi,
2002 1535 2150 1591 eisque
2181 1550 2286 1578 cura
2314 1536 2455 1578 immi·

513 1618 637 1657 neret
657 1615 912 1671 animarum,
942 1629 1026 1671 que
1054 1615 1147 1670 ipse
1180 1614 1400 1657 Gilbertus
1430 1619 1535 1657 tunc
1565 1615 1609 1656 in
1642 1614 1866 1670 quibusvis
1893 1614 2087 1658 ecclesiis
2119 1616 2212 1657 siue
2242 1616 2349 1659 locis
2380 1617 2456 1658 ob-

513 1695 680 1736 tinebat
700 1698 745 1736 et
774 1695 819 1735 in
849 1697 1071 1750 posterum
1092 1694 1323 1743 obtineret,
1346 1708 1443 1736 cum
1465 1693 1796 1749 quibuscunque
1826 1695 2039 1749 personis,
2073 1709 2152 1751 pro
2184 1709 2453 1752 quocumque

514 1787 590 1815 seu
630 1774 969 1828 quibuscumque
1001 1772 1087 1815 alio
1120 1773 1189 1814 vel
1221 1773 1319 1815 aliis
1352 1773 1646 1815 ecclesiastico
1680 1771 1750 1814 vel
1790 1772 2096 1816 ecclesiasticis
2136 1775 2344 1817 beneficio
2378 1790 2454 1818 seu

511 1852 727 1894 beneficiis
763 1852 892 1894 simili
929 1852 997 1894 vel
1034 1853 1247 1895 similibus
1277 1856 1354 1895 aut
1383 1852 1583 1894 dissimili
1614 1852 1683 1894 vel
1714 1852 2010 1903 dissimilibus,
2046 1853 2178 1895 etiam
2211 1868 2265 1895 ex
2301 1855 2454 1910 quavis

512 1946 643 1974 causa
667 1932 915 1988 specialiter
944 1932 1013 1974 vel
1042 1932 1307 1988 generaliter
1337 1933 1587 1982 reservatis,
1609 1933 1655 1974 in
1676 1933 1985 1988 cujuscumque
2017 1933 2223 1975 ordinarii
2251 1933 2334 1975 loci
2362 1934 2454 1976 siue

513 2011 793 2054 ecclesiastici
833 2011 1003 2068 prelati,
1042 2015 1118 2054 aut
1161 2012 1425 2054 cathedralis
1465 2012 1645 2054 ecclesie
1686 2012 1882 2054 canonici
1923 2027 2050 2068 quem
2086 2013 2140 2054 ad
2177 2013 2220 2053 id
2261 2013 2453 2070 elegerit,

511 2091 722 2141 manibus,
760 2091 927 2147 prefate
965 2091 1078 2133 sedis
1115 2096 1160 2133 et
1194 2091 1502 2147 cujuscumque
1543 2091 1725 2134 alterius
1766 2091 1944 2134 licentia
1984 2106 2115 2148 super
2155 2093 2236 2135 hoc
2277 2093 2451 2135 minime

508 2171 731 2227 requisita,
768 2170 1020 2227 simpliciter
1053 2169 1120 2212 vel
1154 2185 1207 2212 ex
1238 2185 1372 2213 causa
1404 2172 1752 2226 permutationis,
1787 2171 1829 2212 in
1862 2185 1949 2226 qua
1978 2176 2126 2213 tamen
2158 2172 2452 2228 resignatione

509 2251 629 2293 nulla
659 2251 812 2293 illicita
841 2251 984 2307 pactio
1020 2251 1305 2294 interveniret
1326 2265 1403 2294 seu
1439 2251 1702 2307 corruptela,
1740 2251 2006 2308 resignandi,
2037 2266 2205 2294 necnon
2235 2253 2452 2296 ordinario

508 2331 689 2385 prelatis
712 2345 787 2373 seu
809 2331 1014 2374 canonico
1035 2332 1204 2387 prefato
1229 2332 1570 2388 resignationem
1593 2331 1855 2388 hujusmodi,
1880 2331 2136 2388 simpliciter
2157 2332 2225 2374 vel
2242 2347 2295 2374 ex
2321 2346 2454 2375 causa

508 2411 854 2467 permutationis,
876 2411 1135 2454 auctoritate
1157 2426 1236 2454 sua
1248 2412 1481 2468 recipiendi
1498 2415 1543 2454 et
1558 2411 1829 2461 admittendi,
1846 2425 2010 2454 necnon
2026 2411 2234 2454 beneficia
2245 2412 2450 2468 predicta,

508 2492 574 2532 cui
597 2491 674 2533 illa
694 2491 941 2547 resignaret
962 2505 1038 2533 seu
1069 2506 1167 2533 cum
1198 2506 1284 2547 quo
1316 2495 1600 2548 permutaret,
1625 2506 1675 2533 ac
1697 2490 1952 2533 beneficium
1975 2505 2052 2533 seu
2074 2491 2281 2534 beneficia
2302 2492 2452 2547 hujus-

506 2570 635 2620 modi,
659 2585 741 2626 que
762 2585 949 2627 persona
969 2571 1164 2627 predicta
1184 2570 1333 2614 taliter
1353 2571 1636 2627 resignasset,
1660 2571 1792 2614 etiam
1821 2571 1858 2613 si
1888 2570 1966 2613 illa
1986 2571 2146 2614 similia
2174 2572 2219 2613 in
2252 2572 2451 2614 omnibus

507 2649 789 2704 qualitatibus
811 2653 860 2691 ut
878 2650 1096 2706 prefertur
1115 2650 1274 2706 forent,
1292 2650 1374 2693 sibi
1395 2654 1441 2692 et
1461 2664 1645 2706 persone
1666 2650 1874 2706 predicte,
1896 2665 1949 2691 ex
1971 2664 2106 2693 causa
2125 2654 2171 2693 et
2191 2651 2452 2694 auctoritate

506 2729 745 2784 premissis,
767 2729 1015 2771 conferendi
1035 2734 1080 2771 et
1100 2730 1152 2771 de
1174 2729 1264 2771 illis
1295 2730 1426 2771 etiam
1449 2730 1718 2785 providendi,
1741 2729 1914 2785 aliaque
1946 2761 1954 2771 .
1989 2762 1998 2771 .
2033 2762 2042 2772 .
2076 2731 2365 2774 necessaria..
2399 2764 2406 2773 .
2440 2764 2449 2773 .

506 2807 689 2850 faciendi
722 2840 730 2850 .
765 2839 773 2848 .
806 2840 816 2849 .
850 2809 1188 2864 quibuscumque
1225 2809 1277 2850 de
1313 2809 1532 2851 beneficiis
1568 2809 1850 2852 accolitorum
1884 2814 1930 2853 et
1963 2810 2315 2866 cappellanorum
2350 2826 2452 2854 nos-

507 2892 672 2930 trorum
706 2891 750 2928 et
778 2887 890 2929 dicte
921 2888 1036 2930 sedis
1063 2892 1107 2931 et
1134 2903 1502 2944 quorumcumque
1534 2889 1782 2931 offici-alium
1814 2889 2008 2944 ejusdem
2041 2890 2169 2940 sedis,
2201 2893 2245 2932 et
2274 2889 2453 2945 quibus-

506 2980 687 3021 cumque
718 2966 816 3008 aliis
845 2967 1120 3023 generalibus
1151 2968 1219 3009 vel
1251 2968 1511 3024 specialibus
1542 2983 1620 3025 per
1646 2983 1727 3011 nos
1759 2973 1836 3012 aut
1870 2969 2014 3011 sedem
2047 2969 2286 3025 predictam
2321 2969 2450 3012 factis

508 3060 583 3087 seu
618 3045 826 3088 faciendis
862 3047 1230 3090 reservationibus
1265 3052 1309 3090 et
1336 3048 1721 3091 constitutionibus
1752 3081 1762 3091 .
1797 3078 1808 3090 .
1841 3079 1852 3090 .
1883 3047 2149 3104 apostolicis,
2181 3061 2347 3090 necnon
2384 3064 2451 3090 ec—

506 3125 635 3167 clesie
663 3124 731 3166 vel
761 3124 1056 3176 ecclesiarum,
1087 3127 1132 3168 in
1164 3141 1251 3182 qua
1282 3141 1359 3169 seu
1390 3128 1547 3183 quibus
1576 3128 1831 3170 beneficium
1863 3141 1939 3170 seu
1970 3127 2180 3169 beneficia
2203 3128 2453 3183 hujusmodi

505 3205 652 3246 forsan
688 3203 803 3246 foret
843 3218 919 3245 seu
954 3204 1110 3256 forent,
1150 3206 1401 3260 juramento
1437 3207 1764 3250 confirmatione
1799 3206 2039 3262 apostolica
2075 3206 2145 3248 vel
2180 3221 2450 3263 quacumque

506 3284 710 3326 firmitate
731 3282 820 3325 alia
838 3283 1052 3326 roboratis
1076 3285 1254 3327 statutis
1283 3292 1327 3327 et
1356 3286 1743 3329 consuetudinibus
1773 3285 2014 3342 ceterisque
2036 3287 2266 3329 contrariis
2288 3301 2450 3342 nequa-

505 3377 633 3418 quam
665 3362 952 3414 obstantibus,
985 3364 1242 3406 auctoritate
1273 3364 1514 3424 apostolica
1544 3365 1682 3408 eidem
1720 3364 1914 3409 Gil-berto
1951 3369 1996 3408 ct
2026 3379 2209 3421 persone
2242 3367 2448 3422 predicte,
