3016 3958
615 997 1003 1082 ROTULI
1064 1002 1630 1086 REDITUUM
1688 1004 2408 1088 EPISCOPATUS.

87 1423 509 1467 CCCCXXXVIII.
538 1419 878 1466 COMPOTUM
913 1423 1150 1467 DOMINI
1185 1425 1451 1467 HENRICI
1486 1424 1567 1466 DE
1609 1424 1911 1476 KINGORN,
1959 1425 2334 1469 SENESCALLI
2373 1425 2475 1468 Do-

652 1502 815 1545 MINE
850 1503 1084 1546 REGINE
1113 1504 1191 1545 ET
1224 1503 1570 1546 CAMERARII
1601 1503 1684 1546 DE
1715 1503 2037 1547 GARVIAOH
2068 1505 2145 1547 ET
2183 1505 2472 1556 BREGHIN,

650 1582 865 1625 reddissum
906 1583 1020 1639 apud
1060 1583 1318 1640 Edinburgh
1358 1583 1582 1626 vndeoimo
1618 1583 1687 1625 die
1727 1584 1890 1627 mensis
1926 1585 2118 1641 Augusti
2151 1599 2265 1628 anno
2301 1585 2475 1628 Domini

647 1662 877 1705 millesimo
898 1663 1324 1719 quadringentesimo
1355 1663 1625 1719 sexagesimo
1647 1664 1849 1714 secundo,
1871 1663 1924 1705 de
1944 1665 2145 1706 omnibus
2165 1665 2351 1721 receptis
2382 1665 2474 1708 suis

649 1745 694 1784 εὴ
727 1742 930 1798 expensis
964 1756 1043 1798 per
1076 1742 1225 1784 firmas
1261 1746 1306 1785 εὴ
1341 1742 1483 1785 exitus
1517 1742 1648 1785 ballie
1686 1756 1775 1793 sue,
1807 1757 1834 1785 a
1863 1743 2028 1786 decimo
2064 1758 2178 1786 nono
2208 1745 2276 1786 die
2311 1745 2474 1787 mensis

649 1821 851 1863 ‚Ianuarii
881 1821 985 1864 anni
1014 1825 1097 1864 ete.
1127 1822 1474 1878 quinquagesimi
1504 1823 1607 1864 noni
1637 1836 1772 1878 vsque
1803 1823 1849 1864 in
1878 1823 1991 1865 diem
2023 1823 2152 1866 huius
2184 1824 2396 1880 compoti3
2429 1827 2473 1867 et

649 1901 711 1943 sic
732 1901 784 1943 de
806 1900 994 1957 quinque
1015 1901 1214 1944 terminis
1234 1901 1348 1944 infra
1368 1902 1449 1944 hoe
1470 1905 1714 1958 compotum
1751 1933 1759 1943 .

536 2047 664 2102 Idem
687 2063 840 2103 onerat
861 2074 921 2111 se,
944 2061 990 2102 in
1021 2060 1189 2117 primis,
1213 2061 1265 2103 de
1295 2061 1369 2103 lxv
1385 2061 1461 2104 lib.
1491 2061 1538 2102 iii
1553 2075 1585 2105 s.
1617 2061 1662 2104 xi
1678 2061 1719 2104 d.
1750 2063 2016 2106 resbantibus
2037 2062 2082 2105 in
2103 2062 2254 2106 vltimo
2275 2065 2472 2118 compoto

535 2155 627 2189 suo,
648 2142 696 2182 vt
716 2143 838 2196 patet
858 2140 903 2181 in
923 2140 1031 2196 pede
1052 2140 1244 2183 eiusdem
1276 2173 1285 2183 .
1320 2140 1498 2183 Summa
1517 2141 1726 2198 arreragii
1746 2145 1869 2198 patet
1900 2174 1910 2185 .

591 2298 717 2348 Item,
748 2297 863 2340 idem
894 2301 1046 2341 onerat
1077 2312 1123 2341 se
1154 2299 1206 2341 de
1237 2299 1312 2340 xiii
1325 2298 1400 2342 lib.
1430 2299 1474 2342 vi
1491 2314 1524 2342 s.
1556 2299 1630 2342 viii
1646 2300 1686 2343 d.
1718 2300 1769 2341 de
1799 2299 1936 2343 firmis
1957 2302 2174 2343 terrarum
2195 2300 2247 2343 de
2274 2301 2408 2344 Errot
2427 2300 2472 2342 in

531 2377 645 2419 dieto
666 2377 855 2419 dominio
875 2377 928 2419 de
950 2378 1164 2434 Brechyn,
1183 2378 1236 2420 de
1257 2379 1445 2434 quinque
1467 2379 1665 2421 terminis
1686 2379 1816 2422 huius
1843 2379 2030 2436 compoti
2046 2394 2058 2429 3
2091 2383 2136 2423 et
2165 2380 2217 2422 de
2247 2380 2381 2422 xxxix
2396 2380 2470 2423 lib.

531 2457 584 2497 de
604 2456 741 2498 firmis
761 2459 977 2499 terrarum
998 2457 1051 2498 de
1072 2457 1303 2500 Pentoscal
1324 2457 1377 2500 de
1398 2458 1512 2501 dicto
1534 2458 1737 2509 dominio,
1759 2461 1804 2501 et
1823 2458 1876 2501 de
1897 2458 2024 2501 dictis
2041 2459 2230 2515 quinque
2248 2459 2471 2510 terminis3

533 2538 577 2578 et
606 2536 658 2577 de
688 2535 808 2578 iclib.
829 2549 906 2591 per
925 2535 1120 2592 integras
1140 2536 1290 2579 firmas
1310 2539 1426 2580 terre
1457 2538 1509 2580 de
1541 2537 1764 2594 Kyncrag,
1788 2551 1885 2580 cum
1904 2537 2151 2580 molendino
2182 2538 2386 2590 eiusdem,
2419 2538 2473 2581 de

531 2614 658 2657 dict-is
679 2615 868 2670 quinque
892 2615 1105 2666 terminis,
1129 2618 1174 2658 et
1193 2615 1362 2671 prefato
1383 2616 1571 2660 dominio
1589 2632 1601 2666 3
1631 2620 1674 2659 et
1694 2617 1746 2659 de
1768 2617 1841 2659 xvi
1855 2617 1927 2659 lib.
1949 2617 1994 2658 xi
2011 2631 2044 2660 s.
2066 2617 2140 2659 viii
2157 2617 2199 2659 d.
2225 2617 2298 2677 [de
2318 2617 2472 2672 firmis]

531 2698 646 2735 terre
667 2693 720 2735 de
742 2693 1011 2751 Burghirgiss
1033 2694 1224 2737 eiusdem
1245 2695 1436 2746 dominii,
1458 2699 1503 2738 εὴ
1522 2696 1574 2738 de
1595 2696 1757 2738 eisdem
1777 2696 1976 2739 terminis
1994 2711 2005 2746 ;
2036 2699 2081 2738 et
2100 2696 2152 2738 de
2173 2695 2263 2738 xlvi
2279 2695 2352 2738 lib.
2375 2697 2419 2738 xi
2437 2710 2472 2739 s.

532 2772 607 2813 viii
623 2773 665 2815 d.
685 2787 764 2829 per
783 2773 977 2830 integras
997 2774 1146 2816 firmas
1166 2777 1282 2817 terre
1303 2775 1355 2816 de
1376 2775 1663 2827 Balnabrech‚
1687 2776 1740 2819 de
1762 2776 1888 2819 dictis
1903 2775 2102 2819 terminis
2118 2779 2162 2819 et
2182 2775 2397 2826 domini03
2429 2780 2475 2819 εὴ

533 2851 584 2893 de
607 2867 693 2894 xxv
706 2852 778 2895 lib.
802 2853 854 2895 de
872 2852 1001 2895 terris
1022 2853 1074 2895 de
1097 2853 1414 2909 Kyndroehem
1433 2855 1485 2897 de
1501 2855 1628 2897 dietis
1644 2855 1831 2911 quinque
1847 2855 2070 2905 terminis3
2092 2858 2137 2898 εὴ
2156 2855 2209 2897 de
2230 2855 2291 2897 xii
2303 2855 2376 2898 lib.
2398 2869 2425 2897 v
2439 2870 2472 2898 s.

532 2935 648 2973 terre
679 2932 731 2974 de
763 2932 1053 2988 Pettyndrech
1074 2933 1119 2974 in
1140 2933 1254 2975 dicto
1275 2933 1464 2976 dominio
1495 2934 1547 2976 de
1579 2934 1792 2991 Brechyn,
1823 2935 1876 2976 de
1908 2934 2070 2977 eisdem
2090 2932 2314 2984 tex-minim
2346 2937 2389 2978 et
2420 2934 2472 2976 de

533 3025 590 3053 xv
603 3011 678 3053 lib.
709 3011 751 3053 vi
769 3025 802 3053 s.
835 3011 910 3052 viii
925 3011 967 3053 d.
998 3011 1051 3053 de
1080 3012 1219 3054 firmis
1249 3015 1364 3055 terre
1396 3013 1448 3055 de
1480 3013 1759 3070 Tulyquhilly
1789 3014 1834 3056 in
1864 3013 2053 3057 dominio
2083 3013 2136 3056 de
2167 3013 2382 3065 Nethuar,
2419 3013 2472 3055 de

532 3090 658 3133 dietis
678 3090 878 3133 terminis
895 3106 907 3140 ;
930 3094 973 3133 et
994 3091 1047 3133 de
1066 3091 1126 3133 vii
1143 3091 1218 3133 lib.
1239 3106 1297 3134 xv
1313 3106 1346 3135 s.
1378 3092 1430 3134 de
1460 3092 1598 3135 firmis
1628 3095 1743 3135 terre
1764 3093 1816 3135 de
1838 3092 2069 3149 Lythyndy
2089 3092 2193 3136 dicti
2206 3090 2400 3135 'dominii
2420 3092 2472 3134 de

533 3168 749 3220 Nethuar,
766 3169 819 3211 de
835 3170 999 3212 eisdem
1020 3170 1218 3212 terminis
1233 3185 1244 3220 3
1267 3174 1312 3214 εὴ
1326 3171 1379 3212 de
1395 3186 1452 3212 xx
1468 3170 1541 3213 lib.
1559 3171 1611 3213 de
1630 3171 1767 3214 firmis
1782 3175 1898 3214 terre
1914 3171 1967 3214 de
1984 3171 2260 3223 Blarnathro‚
2279 3172 2331 3214 de
2348 3171 2473 3214 dictis

532 3247 731 3290 terminis
750 3263 760 3298 ;
793 3252 837 3291 εὴ
857 3249 909 3291 de
931 3248 1007 3290 xiii
1023 3249 1098 3291 lib.
1118 3249 1162 3291 vi
1180 3263 1213 3292 s.
1233 3249 1310 3292 viii
1326 3250 1365 3292 d.
1397 3249 1449 3291 de
1478 3250 1616 3292 firmis
1637 3253 1752 3293 terre
1773 3250 1825 3293 de
1847 3250 2034 3302 Nathm,
2056 3251 2108 3293 de
2129 3251 2257 3294 dictis
2284 3251 2472 3307 quinque

531 3327 757 3378 terminis;
791 3330 835 3371 εὴ
865 3328 918 3370 de
953 3328 1030 3370 xiii
1046 3328 1118 3371 lib.
1148 3329 1246 3372 vis.
1276 3329 1352 3372 viii
1368 3329 1407 3372 d.
1440 3329 1492 3371 de
1521 3329 1660 3373 firmis
1690 3333 1805 3372 terre
1836 3330 1888 3373 de
1918 3329 2231 3386 Tullyarblate,
2263 3330 2315 3372 de
2345 3329 2471 3373 dietis

1464 3409 1547 3464 39
