3016 3958
1018 640 1335 695 CARTAE
1377 637 2004 696 MISOELLANEAE.
2370 643 2481 697 303

1426 899 1561 942 DUN
1594 933 1602 942 .

530 1060 763 1103 Assedatio
784 1064 1001 1104 terrarum
1023 1062 1076 1103 de
1098 1060 1308 1103 Drumme
1330 1061 1358 1103 J
1361 1061 1522 1104 ohanni
1543 1061 1718 1117 Erskyn
1740 1061 1793 1102 de
1816 1060 1930 1102 Dwn
1951 1064 1996 1103 et
2017 1075 2093 1103 sue
2116 1075 2273 1117 sponse
2309 1094 2318 1103 .

256 1215 497 1260 CCLXVI.
527 1205 773 1262 Uniuersis
795 1224 944 1263 sancte
964 1220 1119 1263 matris
1141 1220 1321 1262 ecclesie
1340 1221 1444 1262 filiis
1466 1221 1521 1262 ad
1552 1233 1735 1275 quorum
1757 1219 1942 1261 noticias
1963 1223 2190 1276 presentes
2211 1220 2357 1263 littere
2378 1235 2475 1276 per-

524 1300 726 1343 uenerint
760 1300 1013 1343 Willelmus
1049 1333 1057 1342 .
1092 1331 1102 1341 .
1136 1331 1146 1341 .
1178 1301 1408 1357 episcopus
1445 1299 1752 1341 Brechinensis
1790 1298 1976 1341 salutem
2009 1300 2056 1340 in
2092 1301 2284 1342 omnium
2323 1300 2476 1343 Salua-

522 1384 617 1423 tore
648 1380 805 1423 Sciatis
826 1394 906 1422 nos
926 1381 979 1422 de
1010 1384 1056 1423 et
1085 1395 1182 1422 cum
1214 1394 1429 1422 consensu
1463 1411 1474 1421 .
1506 1412 1515 1421 .
1552 1411 1560 1420 .
1591 1378 1745 1420 decani
1775 1383 1820 1420 et
1849 1379 2029 1435 capituli
2055 1381 2195 1422 nostri
2230 1412 2238 1421 .
2272 1411 2282 1421 .
2315 1412 2323 1423 .
2357 1395 2475 1423 asse-

521 1461 648 1503 dasse
680 1493 689 1502 .
725 1491 734 1501 .
767 1494 776 1503 .
809 1464 854 1502 et
893 1460 949 1502 ad
990 1460 1161 1502 firmam
1196 1460 1412 1501 dimisisse
1445 1491 1454 1501 .
1491 1491 1499 1499 .
1531 1491 1540 1501 .
1573 1458 1744 1501 dilectis
1780 1459 1943 1500 nostris
1979 1459 2171 1501 «Iohanni
2213 1460 2388 1516 Erskyn
2421 1461 2473 1502 de

520 1544 635 1586 Dwn
675 1548 719 1587 et
760 1545 948 1587 Katrine
991 1544 1272 1601 Monypenny
1315 1557 1472 1600 sponse
1513 1543 1618 1585 dicti
1655 1543 1872 1585 Johannis
1921 1547 1966 1586 et
2006 1558 2156 1586 eorum
2197 1545 2366 1587 diucius
2407 1546 2473 1590 vj..

519 1627 640 1668 uenti
672 1626 847 1682 suisque
884 1625 1121 1682 assignatis
1155 1625 1354 1681 pluribus
1390 1628 1468 1666 aut
1502 1623 1579 1665 uni
1616 1624 1680 1666 ita
1715 1623 1830 1679 quod
1866 1638 1952 1666 non
1991 1624 2080 1665 sint
2114 1625 2291 1668 maioris
2328 1631 2472 1681 potes-

519 1707 625 1749 tatis
665 1721 796 1762 quam
836 1707 919 1763 ipsi
953 1706 1180 1748 Johannes
1214 1709 1259 1747 et
1294 1705 1485 1747 Katrina
1523 1737 1531 1746 .
1572 1735 1581 1745 .
1622 1734 1632 1745 .
1668 1707 1812 1745 terras
1851 1703 1954 1744 ville
1992 1708 2141 1746 nostre
2174 1705 2226 1746 de
2261 1705 2470 1747 Drumme

519 1802 617 1829 cum
656 1786 932 1843 pertinentiis
977 1787 1177 1841 jacentes
1225 1785 1340 1827 infra.
1384 1784 1734 1826 vicecomitatum
1774 1783 1827 1824 de
1869 1783 2026 1825 Forfar
2068 1788 2112 1826 et
2151 1785 2375 1828 baroniam
2416 1786 2468 1828 de

519 1866 701 1917 Kethik,
733 1881 831 1908 curn
863 1866 1062 1908 omnibus
1107 1869 1151 1908 et
1193 1864 1377 1920 singulis
1418 1864 1634 1906 fructibus
1671 1894 1681 1904 .
1714 1894 1722 1905 .
1755 1895 1765 1905 .
1799 1878 1849 1905 ac
1891 1878 1989 1905 cum
2032 1865 2247 1907 communi
2288 1870 2470 1921 pastura

522 1952 567 1989 et
602 1947 740 1989 libero
773 1946 958 1989 introitu
995 1950 1040 1987 et
1076 1945 1197 1987 exitu
1231 1944 1343 1986 dicte
1379 1944 1481 1985 ville
1523 1948 1671 1986 nostre
1712 1944 1764 1985 de
1806 1943 2030 1993 Drumme,
2063 1959 2159 1986 cum
2191 1947 2468 2000 pertinentiis

518 2028 643 2069 nobis
679 2031 725 2069 et
759 2026 939 2068 ecclesie
975 2031 1123 2068 nostre
1166 2027 1415 2081 spectantes
1462 2057 1471 2066 .
1520 2057 1529 2066 .
1578 2056 1587 2066 .
1632 2038 1709 2080 pro
1751 2024 1950 2066 omnibus
1992 2024 2144 2067 diebus
2185 2030 2230 2068 et
2271 2027 2468 2068 terminis

519 2106 816 2150 nouemdecim
835 2119 1049 2148 annorum
1071 2105 1219 2147 datam
1242 2104 1310 2146 sui
1331 2104 1537 2146 introitus
1567 2103 1764 2159 proximo
1798 2137 1806 2145 .
1840 2134 1850 2144 .
1884 2134 1895 2144 .
1929 2105 2201 2160 sequentium
2237 2138 2244 2147 .
2278 2107 2467 2163 Tempus

519 2202 621 2229 vero
642 2187 848 2230 introitus
869 2187 1084 2229 dictorum
1115 2185 1144 2228 J
1147 2185 1333 2228 ohannis
1364 2188 1410 2227 et
1440 2184 1626 2227 Katrine
1658 2184 1713 2226 ad
1743 2184 1983 2240 predictam
2014 2186 2333 2228 assedationem
2353 2187 2466 2229 dicte

519 2268 620 2309 ville
655 2270 805 2310 nostre
845 2267 898 2309 de
938 2266 1149 2308 Drumme
1185 2279 1282 2307 cum
1317 2264 1593 2321 pertinentiis
1628 2264 1840 2319 incipiens
1876 2264 1930 2305 ad
1962 2264 2123 2307 festum
2159 2267 2464 2321 penthecostes

518 2350 666 2392 datam
705 2348 972 2405 presentium
1013 2346 1262 2389 immediate
1304 2359 1489 2401 sequens
1526 2377 1535 2387 .
1574 2345 1803 2387 Tenendas
1844 2349 1889 2387 et
1934 2346 2154 2388 habendas
2187 2379 2196 2388 .
2226 2380 2242 2405 Ι.
2278 2380 2286 2389 .
2323 2352 2464 2390 terras

519 2430 621 2471 ville
661 2433 810 2471 nostre
851 2428 904 2470 de
945 2427 1156 2469 Drumme
1198 2440 1296 2468 cum
1335 2425 1612 2481 pertinentiis
1654 2425 1835 2480 prefatis
1872 2424 2063 2467 Johanni
2104 2432 2148 2468 et
2191 2426 2378 2470 Katrine
2420 2432 2463 2470 et

519 2525 667 2564 eorum
698 2509 866 2550 diucius
897 2507 1063 2549 viuenti
1094 2539 1104 2548 .
1139 2539 1147 2548 .
1182 2538 1191 2547 .
1222 2520 1301 2561 pro
1332 2508 1425 2547 toto
1457 2508 1650 2560 tempore
1682 2505 1976 2546 nouemdecim
2008 2520 2220 2548 annorum
2250 2508 2463 2562 predicto-

519 2604 617 2631 rum
656 2590 709 2631 de
750 2589 874 2630 nobis
915 2591 958 2629 et
1000 2586 1323 2628 successoribus
1363 2585 1526 2626 nostris
1565 2584 1794 2640 Episcopis
1839 2584 2205 2628 Brechinensibus
2237 2619 2246 2628 .
2281 2618 2291 2628 .
2324 2620 2333 2630 .
2366 2603 2462 2630 cum

520 2673 739 2726 potestate
760 2668 965 2724 predictis
986 2666 1015 2708 J
1018 2666 1178 2708 ohanni
1209 2669 1252 2708 et
1284 2664 1471 2706 Katrine
1503 2667 1548 2706 et
1577 2678 1727 2706 eorum
1751 2664 1918 2706 diucius
1939 2665 2104 2707 viuenti
2127 2666 2301 2722 suisque
2322 2669 2461 2724 assig-

521 2750 638 2792 natis
677 2748 927 2791 husbandos
963 2750 1007 2789 et
1040 2749 1241 2788 tenentes
1272 2745 1492 2800 imponere
1528 2747 1573 2786 et
1608 2744 1780 2786 eosdem
1811 2759 2012 2786 amouere
2045 2750 2089 2786 et
2123 2745 2234 2788 alios
2264 2747 2317 2789 de
2348 2763 2461 2791 nouo

521 2832 742 2887 imponere
772 2828 935 2871 totiens
965 2826 1167 2883 quotiens
1197 2825 1276 2867 eiis
1307 2824 1524 2866 videbitur
1554 2824 1784 2879 expediens
1815 2828 1860 2866 et
1891 2829 2153 2879 oportunum
2185 2858 2195 2867 .
2227 2826 2462 2871 Reddendo

521 2911 621 2952 inde
642 2909 869 2952 annuatim
889 2907 993 2949 dicti
1013 2906 1040 2948 J
1044 2906 1237 2948 ohannes
1259 2907 1303 2946 et
1324 2903 1515 2946 Katrina
1541 2907 1586 2945 et
1615 2917 1765 2945 eorum
1786 2904 1953 2945 diucius
1975 2905 2127 2946 viuens
2150 2906 2302 2961 suique
2324 2908 2463 2965 assig-

521 2991 614 3033 nati
643 2990 791 3046 plures
819 2992 896 3030 aut
925 3001 1039 3028 unus
1066 2985 1191 3028 nobis
1217 2989 1261 3026 et
1292 2983 1613 3025 successoribus
1644 2983 1807 3028 nostris
1838 2982 2066 3039 Episcopis
2098 2985 2464 3030 Brechinensibus

520 3072 668 3113 decem
687 3083 858 3112 marcas
881 3082 957 3110 sex
979 3067 1140 3110 solidos
1162 3070 1207 3107 et
1226 3070 1322 3107 octo
1344 3064 1545 3107 denarios
1563 3063 1728 3105 usualis
1749 3067 1921 3105 monete
1941 3064 2066 3120 regni
2091 3064 2238 3108 Scocie
2271 3067 2325 3108 ad
2355 3068 2463 3110 duos

523 3151 626 3192 anni
645 3150 855 3192 terminos
876 3151 1108 3190 consuetos
1139 3177 1149 3187 .
1183 3178 1192 3187 .
1230 3182 1237 3187 .
1271 3158 1457 3186 unacum
1488 3143 1712 3185 duodecim
1742 3143 1787 3198 ly
1816 3143 1961 3199 pultre
1995 3174 2005 3184 .
2037 3144 2096 3186 Et
2116 3145 2219 3187 dicti
2243 3146 2468 3192 Johannes

524 3236 567 3273 et
590 3231 780 3272 Katrina
810 3244 860 3271 ac
891 3242 1040 3270 eorum
1070 3226 1238 3268 diucius
1270 3226 1422 3266 viuens
1454 3227 1499 3266 et
1528 3223 1595 3266 sui
1625 3224 1837 3279 assignati
1875 3239 1921 3266 se
1956 3227 2272 3280 presentabant
2299 3229 2370 3269 uel
2391 3243 2469 3284 per

526 3325 627 3352 suos
649 3313 898 3352 actornatos
931 3308 1023 3349 siue
1053 3310 1358 3363 procuratores
1389 3305 1444 3346 ad
1476 3308 1628 3346 nostra
1652 3304 1739 3345 tria
1769 3304 1973 3360 capitalia
1995 3310 2114 3348 secta.
2147 3337 2158 3348 .
2191 3340 2200 3349 .
2235 3340 2244 3349 .
2279 3308 2468 3362 Quarum

524 3391 670 3432 decem
702 3402 944 3431 marcarum
977 3401 1054 3430 sex
1086 3386 1321 3428 solidorum
1355 3388 1399 3426 et
1434 3387 1531 3426 octo
1564 3383 1839 3426 denariorum
1879 3385 2219 3441 prescriptorum
2256 3388 2359 3430 dicti
2392 3388 2468 3430 Jo-
