3016 3958
1017 640 1338 697 CARTAE
1379 643 2009 701 MISGELLANEAE.
2375 650 2484 708 273

1313 880 1662 925 FINDOWRY
1693 916 1701 925 .

539 990 673 1035 Carta
694 991 885 1036 Walteri
908 994 1112 1052 Episcopi
1132 995 1359 1040 Willelmo
1381 997 1491 1040 Lam
1525 1029 1536 1040 .
1557 1012 1559 1015 ’

282 1137 509 1180 CCXXV.
537 1127 763 1186 Omnibus
794 1144 907 1186 hanc
940 1147 1107 1187 cartam
1138 1145 1301 1188 visuris
1332 1145 1403 1188 vel
1436 1146 1667 1197 audituris,
1698 1147 1928 1191 Walterus
1960 1148 2044 1191 Dei
2074 1149 2221 1206 gratia
2253 1150 2489 1206 episcopus

535 1222 843 1266 Brechinensis
867 1223 1065 1267 Salutem
1093 1224 1139 1267 in
1170 1224 1364 1268 omnium
1387 1225 1617 1269 Saluatore
1651 1258 1661 1269 .
1696 1227 1855 1271 Sciatis
1886 1243 1966 1271 nos
1997 1228 2050 1271 de
2081 1233 2127 1272 et
2156 1243 2253 1272 cum
2275 1241 2489 1272 consensu

533 1307 577 1347 et
598 1318 783 1347 assensu
804 1304 985 1361 capituli
1005 1306 1146 1348 nostri
1176 1336 1186 1346 .
1220 1338 1230 1347 .
1267 1337 1278 1349 .
1309 1305 1481 1348 dedisse
1515 1336 1525 1347 .
1559 1339 1569 1349 .
1603 1339 1612 1349 .
1645 1311 1691 1350 et
1720 1308 1803 1350 hac
1835 1309 2031 1364 presenti
2062 1313 2185 1352 carta
2215 1313 2370 1352 nostra
2390 1323 2490 1352 con-

530 1386 729 1428 firmasse
759 1385 816 1428 ad
843 1386 1131 1428 feodifirmam
1163 1385 1322 1428 dilecto
1353 1372 1505 1429 nostro
1525 1385 1754 1429 Willelmo
1788 1387 1898 1430 Lam
1929 1388 2006 1431 illa
2036 1389 2122 1432 duo
2156 1393 2408 1432 tenementa
2440 1390 2485 1431 in

532 1465 723 1510 Ciuitate
745 1469 899 1509 nostra
919 1465 1205 1508 Brechinensi
1226 1465 1392 1508 situata
1412 1469 1456 1508 et
1472 1465 1668 1521 jacentia
1698 1467 1754 1509 ad
1775 1467 2014 1511 australem
2045 1469 2176 1511 finem
2203 1469 2409 1512 Ciuitatis
2432 1484 2485 1511 ex

529 1552 655 1604 parte
676 1547 879 1590 orientali
898 1547 982 1588 vici
1003 1561 1098 1589 cum
1120 1546 1235 1589 acris
1254 1549 1372 1589 terre
1393 1546 1573 1589 arabilis
1604 1547 1659 1589 ad
1690 1547 1841 1590 eadem
1862 1549 2182 1605 pertinentibus
2204 1564 2287 1606 que
2307 1549 2485 1592 fuerunt

529 1628 749 1685 quondam
768 1627 865 1670 Ade
886 1627 1096 1670 Nasmith
1117 1629 1162 1669 et
1182 1626 1374 1669 Mariote
1397 1641 1555 1683 sponse
1577 1641 1654 1670 sue
1687 1631 1732 1671 et
1761 1628 1944 1685 predicti
1969 1629 2114 1672 Adam
2144 1633 2189 1673 et
2220 1630 2414 1673 Mariota
2435 1630 2480 1672 in

529 1709 721 1767 capitulo
742 1711 894 1752 nostro
931 1722 1077 1751 coram
1110 1707 1274 1750 decano
1307 1710 1353 1750 et
1385 1707 1606 1750 canonicis
1638 1739 1650 1750 .
1684 1739 1694 1750 .
1729 1741 1739 1751 .
1773 1723 1947 1752 sursum
1982 1709 2196 1753 dederunt
2228 1725 2420 1767 pureque
2443 1715 2486 1752 et

529 1790 786 1848 simpliciter
805 1789 1144 1846 resignauerunt
1178 1820 1187 1830 .
1219 1787 1426 1830 Tenenda
1447 1790 1492 1830 et
1511 1787 1712 1830 habenda
1732 1788 1849 1830 dicta
1870 1789 1955 1832 duo
1981 1792 2232 1832 tenementa
2251 1805 2349 1832 cum
2370 1791 2483 1833 acris

527 1877 644 1916 terre
666 1870 848 1914 arabilis
869 1870 924 1913 ad
946 1870 1097 1912 eadem
1118 1868 1439 1925 pertinentibus
1469 1868 1667 1924 predicto
1688 1868 1915 1911 Willelmo
1938 1869 2046 1911 Lam
2079 1874 2125 1912 et
2154 1870 2295 1913 tribus
2316 1871 2485 1912 heredi-

527 1953 610 1994 bus
647 1951 738 1993 suis
774 1949 978 1992 continue
1016 1947 1347 1991 succedentibus
1382 1947 1435 1989 de
1471 1947 1596 1989 nobis
1630 1950 1677 1990 et
1713 1947 2036 1990 suecessoribus
2075 1949 2236 1991 nost-ris
2270 1949 2484 2005 episcopis

528 2030 898 2075 Brechinensibus
928 2029 975 2071 in
1004 2028 1131 2071 feodo
1162 2031 1208 2070 et
1237 2026 1480 2070 hereditate
1501 2041 1580 2083 per
1602 2041 1705 2070 suas
1736 2031 1881 2071 rectas
1902 2032 2043 2071 metas
2076 2059 2086 2070 .
2121 2060 2132 2070 .
2165 2059 2175 2070 .
2210 2029 2318 2071 adeo
2349 2029 2482 2071 libere

528 2119 574 2156 et
594 2113 738 2169 quiete
761 2112 875 2154 sicut
894 2110 1038 2153 dictus
1060 2109 1203 2151 Adam
1224 2108 1342 2150 dicta
1362 2109 1614 2150 tenementa
1634 2107 1778 2150 tenuit
1808 2110 1853 2149 et
1882 2107 2079 2164 possedit
2099 2108 2151 2150 de
2175 2107 2300 2150 nobis
2323 2111 2366 2150 et
2387 2122 2483 2164 pre-

526 2194 830 2238 decessoribus
851 2192 1016 2235 nostris
1037 2193 1140 2233 ante
1161 2189 1503 2246 resignationem
1524 2187 1652 2230 nobis
1672 2187 1832 2230 factam
1865 2220 1875 2230 .
1910 2188 2127 2231 Soluendo
2158 2188 2257 2231 inde
2289 2189 2413 2232 nobis
2439 2194 2483 2231 et

528 2274 852 2318 successoribus
873 2271 1037 2315 nostris
1059 2271 1112 2313 de
1133 2270 1261 2313 dictis
1282 2269 1543 2312 tenementis
1566 2269 1794 2312 annuatim
1816 2269 1964 2311 decem
1989 2269 2150 2312 solidos
2173 2269 2481 2327 sterlingorum

526 2359 699 2399 monete
741 2353 959 2397 currentis
1001 2352 1057 2395 ad
1097 2351 1207 2394 duos
1248 2350 1352 2393 anni
1401 2349 1614 2393 terminos
1657 2353 1889 2392 consuetos
1931 2349 2213 2392 Pentecostes
2253 2354 2298 2392 et
2336 2350 2481 2392 Sancti

527 2435 713 2479 Martini
733 2434 779 2476 in
800 2448 923 2491 yeme
948 2446 1028 2489 per
1057 2430 1236 2487 equales
1266 2430 1490 2486 portiones
1521 2443 1572 2471 ac
1602 2428 1838 2472 multuram
1869 2429 1922 2471 de
1952 2429 2065 2471 acris
2096 2433 2347 2471 consuetam
2380 2459 2392 2470 .
2423 2428 2483 2470 Et

524 2516 722 2560 faciendo
754 2514 881 2557 nobis
914 2513 961 2554 in
997 2512 1116 2554 curia
1148 2510 1354 2554 Ciuitatis
1386 2513 1549 2553 sectam
1585 2513 1630 2552 et
1661 2508 1750 2551 alia
1780 2508 1965 2551 seruicia
1984 2508 2109 2551 nobis
2129 2508 2277 2551 debita
2306 2512 2350 2550 et
2380 2522 2481 2550 con-

526 2602 652 2642 sueta
685 2629 693 2638 .
723 2627 733 2638 .
768 2626 779 2637 .
811 2610 822 2644 ;
855 2594 910 2635 In
940 2592 1063 2635 cuius
1093 2591 1158 2633 rei
1188 2589 1487 2633 testimonium
1517 2589 1712 2646 presenti
1740 2591 1858 2630 carte
1879 2591 2028 2631 nostre
2050 2587 2242 2645 sigillum
2278 2591 2477 2631 nostrum

528 2669 710 2721 vnacum
732 2674 876 2731 sigillo
898 2671 1115 2715 communi
1136 2669 1315 2726 capituli
1336 2669 1475 2711 nostri
1507 2672 1575 2710 est
1609 2682 1850 2724 appensum
1883 2699 1893 2710 .
1927 2667 2132 2710 Testibus
2159 2667 2478 2711 venerabilibus

526 2759 632 2801 viris
653 2754 840 2799 dominis
869 2768 920 2796 ac
949 2750 1173 2808 magistris
1196 2749 1437 2792 Guthberto
1468 2749 1645 2798 decano,
1672 2747 1868 2790 Gilberto
1891 2751 2081 2798 cantore,
2102 2746 2244 2790 David
2270 2747 2322 2789 de
2354 2747 2476 2804 Idwy

527 2837 846 2885 archidiacono,
881 2833 909 2876 J
913 2833 1085 2875 ohanne
1121 2829 1229 2886 Lyel
1265 2828 1554 2878 thesaurario,
1592 2827 1760 2871 Thoma
1796 2827 1893 2870 Bell
1929 2827 2116 2878 officiali,
2150 2830 2195 2869 et
2230 2827 2479 2870 Alexandro

529 2918 697 2961 Barber
727 2913 946 2958 canonicis
977 2910 1157 2955 ecclesie
1179 2913 1327 2952 nostre
1350 2907 1671 2958 Brechinensis,
1693 2910 1738 2950 et
1758 2906 1955 2963 pluribus
1987 2906 2086 2949 aliis
2115 2906 2240 2949 laicis
2271 2907 2326 2949 ad
2356 2906 2481 2949 testi-

527 2998 721 3042 monium
752 2994 920 3038 vocatis
952 3026 960 3036 .
994 2991 1114 3034 Data
1145 2990 1261 3047 apud
1287 2989 1488 3044 Brechyn
1521 2987 1686 3029 decimo
1718 2987 1786 3028 die
1816 2986 1979 3028 mensis
2011 2986 2121 3041 Maij
2157 3001 2272 3029 anno
2303 2986 2478 3029 Domini

527 3078 759 3122 millesimo
780 3071 1208 3132 quadringentesimo
1231 3069 1434 3112 vicesimo
1456 3071 1501 3111 et
1521 3066 1858 3110 consecrationis
1879 3070 2028 3109 nostre
2058 3080 2172 3109 anno
2194 3066 2359 3109 decimo
2391 3098 2400 3108 .

253 3314 504 3361 CCXXVI.
530 3308 677 3364 Carta
697 3330 905 3361 concessa
934 3330 1012 3373 per
1043 3313 1288 3369 Georgeum
1320 3311 1569 3367 episcopum
1601 3307 1937 3351 Brechinensem
1968 3307 2272 3350 cancellarium
2303 3306 2476 3348 Scociae

531 3415 627 3444 cum
659 3411 875 3443 consensu
896 3394 1076 3452 capituli
1099 3394 1166 3437 sui
1197 3392 1226 3435 J
1229 3390 1388 3435 ohanni
1411 3388 1625 3431 willelmi
1647 3387 1822 3431 tinctori
1843 3386 1926 3429 civi
1949 3386 2151 3431 Civitatis
2173 3385 2479 3429 Brechinensis

1473 3447 1506 3494 2
1543 3463 1586 3494 m
