3016 3958
503 629 615 683 234
1067 628 1359 683 cARTAE
1404 629 1902 685 ORIGINALES.
1983 614 1986 617 ’

256 885 482 932 CLXVI.
509 857 867 948 Procuratory
891 885 944 933 of
965 885 1273 947 Resignation
1299 884 1538 947 following
1560 886 1772 942 there0n‚
1797 886 1941 932 dated
2161 886 2440 950 September

512 976 642 1023 1603
681 1002 692 1013 ·

225 1251 481 1298 CLXVII.
518 1218 909 1296 lustramentum
934 1244 1136 1294 saisinae
1160 1259 1300 1307 super
1323 1243 1638 1306 resignatione
1656 1243 1786 1291 facta
1809 1259 1893 1306 per
1918 1243 2245 1294 Elizabetham
2274 1245 2440 1309 Lyoun

507 1337 648 1385 filiam
692 1335 948 1399 legitimam
991 1333 1225 1397 quondam
1269 1331 1464 1380 Patricii
1507 1331 1675 1394 Lyoun
1714 1332 1851 1380 unius
1889 1331 2166 1382 ballivorum
2209 1335 2342 1397 burgi
2384 1335 2442 1382 de

510 1426 700 1474 Dunclie
737 1429 785 1472 et
818 1439 1035 1488 sponsam
1061 1423 1267 1470 futuram
1294 1421 1450 1469 David
1487 1421 1740 1484 Lyndesay
1763 1420 1846 1468 filii
1882 1426 1931 1470 et
1962 1423 2181 1471 haeredis
2214 1440 2443 1487 apparen-

509 1517 573 1565 tis
613 1516 769 1563 David
810 1513 1061 1576 Lyndesay
1086 1509 1246 1558 ballivi
1287 1509 1509 1558 Civitatis
1547 1510 1881 1559 Brechinensis
1919 1526 2025 1559 cum
2066 1527 2297 1561 consensu
2332 1513 2443 1578 Gri-

509 1606 670 1654 solidis
694 1605 844 1651 Burse
870 1617 983 1650 suae
1007 1599 1173 1649 matris
1195 1614 1378 1646 necnon
1402 1598 1579 1646 domini
1603 1598 1636 1645 J
1640 1599 1776 1646 acobi
1803 1599 2104 1663 Scrimgeour
2138 1603 2196 1649 de
2234 1602 2440 1665 Duddop

510 1695 673 1743 militis
711 1689 1047 1740 constabularii
1084 1690 1142 1736 de
1181 1687 1372 1735 Dundie
1412 1687 1588 1735 domini
1626 1688 1697 1735 sui
1722 1689 1976 1751 superioris
2010 1690 2059 1737 in
2094 1690 2301 1738 favorem
2326 1691 2442 1738 dicti

511 1783 667 1831 David
715 1781 967 1843 Lyndesay
1011 1777 1084 1826 sui
1118 1776 1278 1824 mariti
1312 1776 1459 1824 futuri
1506 1791 1722 1823 acrarum
1764 1777 2138 1840 subscriptarum
2185 1779 2438 1835 videlicet3

510 1888 675 1920 novem
723 1884 936 1917 acrarum
982 1871 1215 1914 terrarum
1262 1863 1510 1912 arabilium
1559 1880 1759 1912 unacum
1807 1866 2103 1915 dimidietate
2150 1868 2437 1917 decimarum

512 1959 770 2025 garbalium
805 1957 1058 2004 earundem
1090 1954 1354 2016 jacentium
1389 1953 1437 2000 in
1474 1953 1693 2001 orientali
1722 1970 1834 2017 agro
1859 1956 1915 2002 de
1942 1955 2150 2020 Duddop
2174 1957 2222 2004 in
2245 1958 2442 2006 baronia

513 2053 570 2098 de
598 2048 839 2112 [Dundie]
873 2046 996 2093 infra
1017 2043 1398 2091 vicecomitatum
1423 2044 1481 2090 de
1507 2043 1694 2091 Forfair
1730 2071 1742 2082 ·
1779 2044 1988 2100 Quarum
2023 2062 2189 2094 novem
2225 2062 2439 2094 acrarum

511 2144 692 2204 septem
724 2139 886 2200 jacent
924 2135 973 2182 in
1010 2133 1073 2181 lie
1114 2132 1451 2180 Middilschaid
1488 2132 1605 2180 dicti
1647 2132 1801 2196 campi
1839 2161 1849 2171 ·
1888 2134 2071 2182 Harum
2114 2139 2296 2198 septem
2342 2141 2441 2184 tres

512 2229 721 2292 (jacent)
747 2227 871 2274 inter
892 2230 1046 2273 terras
1069 2227 1325 2286 occupatas
1349 2222 1459 2269 olim
1497 2238 1582 2285 per
1618 2224 1853 2286 quondam
1889 2223 1924 2270 J
1927 2224 2127 2272 acobum
2152 2225 2439 2273 Findlasone

512 2337 571 2367 ex
608 2314 892 2365 occidentali
929 2329 1066 2360 acras
1104 2314 1362 2374 occupatas
1399 2327 1484 2374 per
1519 2311 1754 2359 Jacobum
1791 2313 1955 2376 Zoung
1977 2329 2039 2360 ex
2063 2314 2281 2362 orientali
2305 2330 2440 2363 acras

512 2411 767 2471 occupatas
790 2420 873 2467 per
898 2401 1230 2450 Alexandrum
1255 2399 1420 2447 Coline
1444 2403 1493 2446 et
1519 2399 1807 2448 Gulielmum
1833 2400 2063 2449 Duncane
2088 2404 2148 2449 ad
2175 2403 2364 2451 boream
2389 2407 2438 2451 et

509 2499 632 2545 viam
655 2495 930 2543 tendentem
954 2491 1015 2537 ad
1039 2489 1101 2536 lie
1127 2489 1236 2536 Den
1259 2504 1320 2535 ex
1345 2487 1542 2535 australi
1565 2488 1806 2551 partibus3
1843 2490 1963 2538 duae
1987 2490 2102 2538 item
2126 2491 2248 2552 aliae
2273 2509 2439 2542 earun-

510 2590 615 2635 dem
643 2586 764 2631 inter
786 2587 939 2630 terras
963 2582 1219 2641 occupatas
1253 2593 1339 2640 per
1374 2576 1628 2625 Isobellam
1655 2578 1937 2626 Andersoun
1962 2578 2176 2627 relictam
2203 2582 2437 2644 quondam

511 2672 770 2723 Alexandri
795 2668 1108 2718 Vadderburn
1134 2683 1195 2714 ex
1220 2665 1440 2714 orientali
1458 2682 1594 2715 acras
1612 2671 1870 2731 occupatas
1891 2684 1977 2731 per
2000 2669 2174 2716 dictum
2203 2670 2436 2733 quondam

513 2763 766 2811 Patricium
794 2761 960 2821 Lyoun
985 2773 1046 2804 ex
1070 2754 1354 2804 occidentali
1378 2770 1514 2803 acras
1548 2759 1806 2819 occupatas
1828 2772 1913 2819 per
1938 2756 2222 2804 Gulielmum
2262 2757 2437 2805 Rollok

512 2870 572 2900 ex
594 2848 771 2898 boreali
796 2851 844 2894 et
869 2847 1045 2893 dictam
1082 2845 1206 2891 viam
1243 2861 1304 2892 ex
1342 2843 1541 2892 australi
1576 2844 1817 2907 partibus;
1841 2844 1962 2892 aliae
1998 2845 2114 2892 item
2136 2846 2254 2893 duae
2271 2845 2435 2907 jacent

511 2945 635 2990 inter
656 2943 808 2987 terras
831 2937 1086 2996 occupatas
1108 2949 1193 2996 per
1217 2932 1531 2995 Euphamiam
1557 2933 1749 2980 Forrett
1775 2948 1836 2980 ex
1859 2932 2079 2980 orientali
2114 2938 2163 2981 et
2196 2935 2436 2997 praefatas

511 3045 646 3079 acras
670 3028 923 3088 occupatas
958 3038 1042 3085 per
1070 3003 1246 3068 dictam
1284 3019 1537 3068 Isobellam
1565 3019 1846 3068 Andersone
1881 3037 1943 3067 ex
1977 3021 2259 3069 occidentali
2284 3023 2436 3071 dictas

513 3133 648 3168 acras
670 3116 925 3176 occupatas
959 3126 1043 3173 per
1067 3108 1351 3171 Gulielmum
1390 3107 1566 3155 Rollok
1590 3124 1650 3155 ex
1675 3107 1851 3155 boreali
1877 3112 1926 3156 et
1949 3110 2287 3173 praescriptam
2312 3112 2434 3159 viam

513 3207 685 3270 regiam
722 3218 783 3249 ex
817 3198 1015 3247 australi
1050 3198 1264 3261 partibus
1302 3225 1312 3234 ·
1353 3195 1585 3259 Reliquae
1611 3197 1732 3243 duae
1757 3211 1895 3244 acrae
1928 3196 2088 3259 jacent
2113 3199 2234 3246 infra
2258 3201 2433 3247 dictam

515 3300 635 3345 viam
672 3307 764 3355 qua
798 3288 893 3336 itur
927 3288 987 3334 ad
1023 3290 1239 3341 antrum;
1275 3301 1368 3333 una
1391 3285 1644 3332 earundem
1671 3283 1910 3361 appellata
1943 3301 2002 3347 ye
2029 3286 2135 3334 Den
2160 3289 2293 3336 aiker
2318 3290 2440 3336 inter
