3016 3958
501 644 610 699 146
1052 641 1344 698 GARTAE
1392 641 1668 698 ORIGIN
1677 642 1890 698 ALES.

501 833 744 896 portiones
768 834 828 881 de
850 833 996 882 firmis
1030 837 1079 880 et
1115 832 1379 880 redditibus
1409 835 1645 882 terrarum
1670 833 1728 880 de
1756 832 2022 894 Redemyre
2049 835 2098 879 et
2123 833 2441 898 Quhiteriggis

504 938 610 970 cum
648 923 746 973 suis
782 921 1086 987 pertinentiis
1115 922 1379 984 jacentium
1414 921 1536 970 infra
1559 922 1941 970 vicecomitatum
1981 921 2039 968 de
2080 921 2344 970 Kincardin
2369 923 2443 970 vbi

506 1012 648 1062 dietis
685 1011 945 1076 capellanis
982 1011 1131 1074 magis
1169 1010 1429 1075 expediens
1467 1010 1706 1059 videbitur
1730 1015 1782 1058 ut
1806 1011 1854 1057 in
1879 1013 2013 1058 carta
2037 1010 2145 1058 inde
2170 1010 2311 1058 michi
2336 1026 2447 1060 con-

505 1102 634 1149 fecta
678 1101 864 1165 plenius
915 1100 1186 1148 continetur
1225 1128 1235 1137 -
1273 1100 1548 1148 Tenendum
1587 1128 1596 1137 ·
1636 1128 1646 1138 ·
1686 1128 1696 1138 ·
1733 1100 1912 1148 dictum
1958 1115 2163 1148 annuum
2211 1101 2448 1148 redditum

511 1218 521 1228 ·
561 1219 570 1228 ·
613 1219 622 1228 -
659 1190 802 1239 dictis
824 1188 1083 1253 capellanis
1119 1193 1170 1237 et
1207 1189 1429 1238 choristis
1454 1189 1854 1238 Brechinensibus
1891 1192 1940 1237 et
1978 1189 2076 1238 suis
2099 1190 2450 1239 successoribus

564 1309 572 1318 ·
613 1308 622 1318 ·
660 1280 708 1327 in
746 1295 911 1344 pur-am
950 1283 999 1327 et
1037 1283 1315 1342 perpetuam
1350 1278 1655 1328 elemosinam
1691 1279 1739 1326 in
1774 1278 2067 1342 proprietate
2103 1279 2451 1343 imperpetuum

516 1398 525 1407 ·
565 1398 574 1407 -
615 1397 625 1407 ·
662 1369 970 1417 Tenebuntur
1006 1372 1166 1422 tamen
1206 1367 1323 1416 dicti
1360 1367 1593 1431 capellani
1629 1367 1830 1416 ecclesie
1868 1396 1877 1405 ·
1920 1396 1929 1406 ·
1969 1397 1978 1404 —
2015 1368 2222 1417 choriste
2252 1373 2302 1417 et
2326 1384 2453 1417 com-

514 1458 675 1506 munia
716 1458 1002 1522 recipientes
1045 1462 1094 1505 et
1135 1457 1207 1506 sui
1249 1472 1544 1506 successores
1590 1457 1765 1506 cotidie
1812 1457 2050 1506 celebrare
2097 1474 2179 1507 seu
2227 1457 2455 1507 celebrari

514 1549 671 1596 facere
695 1548 755 1595 ad
782 1562 1000 1610 magnum
1036 1545 1188 1594 altare
1225 1546 1341 1594 dicti
1365 1546 1495 1594 chori
1521 1561 1679 1594 coram
1704 1549 1872 1594 sancta
1896 1546 2131 1594 Trinitate
2155 1551 2267 1595 ante
2292 1548 2455 1595 horam

518 1637 749 1685 decimam
787 1639 836 1693 et
870 1639 980 1698 post
1004 1635 1197 1685 missam
1221 1633 1509 1682 celebratam
1534 1634 1728 1683 Domini
1752 1634 1902 1684 nostri
1930 1635 2075 1697 Regis
2098 1651 2239 1684 unam
2265 1636 2455 1685 missam

519 1727 578 1773 de
603 1725 764 1790 requie
800 1740 890 1788 que
926 1723 1171 1772 vocabitur
1207 1723 1350 1772 missa
1384 1724 1442 1770 de
1480 1722 1666 1771 Inclina
1689 1740 1795 1771 cum
1820 1724 2034 1772 oratione
2060 1724 2247 1773 Inclina
2281 1730 2329 1773 et
2364 1726 2459 1773 col-

519 1815 647 1864 lecta
671 1814 901 1863 Miserere
940 1817 989 1860 et
1027 1812 1134 1861 aliis
1171 1811 1463 1861 orationibus
1499 1812 1739 1861 consuetis
1777 1829 1863 1876 pro
1887 1813 2125 1862 defunctis
2159 1818 2209 1862 et
2244 1814 2461 1862 benefac-

521 1905 705 1954 toribus
740 1904 788 1951 in
826 1903 926 1951 vita
963 1906 1013 1950 et
1051 1903 1099 1950 in
1135 1906 1288 1950 morte
1323 1905 1373 1950 et
1408 1918 1494 1965 pro
1529 1901 1623 1950 illis
1657 1902 1706 1949 in
1740 1902 2012 1965 purgatorio
2037 1903 2388 1951 remanentibus
2411 1908 2460 1951 et

525 1993 892 2043 misericordiam
943 1992 1037 2039 Dei
1080 1991 1468 2055 exspectantibus
1510 1990 1774 2039 orationum
1820 1990 2042 2053 suffragia
2095 2019 2106 2029 ·
2162 1991 2227 2039 Et
2278 2007 2463 2055 semper

525 2089 634 2148 post
657 2084 848 2132 missam
873 2081 1162 2130 celebratam
1200 2097 1285 2144 pro
1323 2080 1562 2128 defunctis
1595 2079 1724 2127 dicat
1763 2079 2008 2128 celebrans
2031 2080 2298 2144 quicunque
2321 2081 2463 2128 fuerit

528 2174 606 2221 De
650 2171 902 2220 Profundis
942 2186 1047 2219 cum
1088 2169 1360 2234 aspersione
1399 2185 1521 2233 aque
1561 2169 1811 2217 benedicte
1850 2172 2039 2216 tantum
2081 2184 2167 2232 pro
2204 2170 2331 2217 omni
2371 2169 2466 2217 alio

531 2278 672 2311 onere
711 2288 722 2300 ·
761 2289 770 2298 -
810 2288 820 2298 ·
859 2260 920 2307 In
961 2259 1110 2308 Cuius
1151 2259 1245 2306 Rei
1290 2258 1614 2307 testimonium
1656 2256 1859 2319 sigillum
1900 2273 2056 2305 meum
2104 2258 2214 2306 huic
2258 2259 2467 2322 presenti

533 2355 665 2401 carte
699 2354 773 2398 est
809 2364 1067 2413 appensum
1090 2349 1218 2412 apud
1244 2347 1500 2396 Aberdene
1531 2347 1753 2396 vicesimo
1777 2351 1946 2410 quarto
1982 2347 2057 2394 die
2093 2347 2269 2397 mensis
2292 2348 2471 2395 Febru-

533 2440 622 2488 arii
656 2454 781 2488 anno
816 2437 1011 2486 Domini
1046 2436 1297 2485 millesimo
1319 2436 1781 2500 quadringentesimo
1804 2437 2106 2499 nonagesimo
2129 2437 2332 2500 septimo
2358 2438 2471 2487 Tes-

533 2529 663 2578 tibus
687 2527 889 2577 dominis
914 2525 1159 2575 Willelmo
1185 2524 1308 2574 Liell
1341 2526 1375 2573 J
1379 2525 1563 2574 ohanne
1601 2525 1903 2575 Schoriswod
1937 2526 2213 2590 presbiteris
2235 2528 2472 2590 magistris

536 2619 570 2665 J
573 2617 723 2666 acobo
747 2616 986 2678 Lindesay
1010 2618 1060 2663 et
1082 2615 1115 2662 J
1120 2615 1304 2663 ohanne
1332 2615 1583 2678 Kennerty
1618 2630 1725 2663 cum
1750 2614 1911 2664 multis
1934 2615 2041 2665 aliis
2078 2643 2089 2654 ·
2127 2617 2471 2682 Quamquidem

539 2711 719 2756 cartam
758 2733 768 2744 ·
808 2733 818 2743 ·
858 2733 867 2742 ·
904 2704 953 2752 in
984 2705 1201 2753 omnibus
1223 2707 1273 2752 et
1297 2720 1382 2767 per
1405 2704 1563 2752 omnia
1601 2731 1611 2742 ·
1651 2732 1660 2742 -
1700 2732 1710 2741 ·
1746 2704 2035 2754 ratificamus
2072 2733 2083 2744 ·
2121 2733 2132 2743 ·
2171 2733 2181 2744 ·
2217 2710 2267 2754 et
2291 2707 2350 2754 ad
2377 2723 2472 2754 ma-

541 2813 652 2844 num
675 2799 910 2844 mortuam
935 2810 1021 2858 pro
1043 2796 1273 2858 perpetuo
1310 2819 1321 2831 ·
1361 2821 1370 2831 ·
1409 2821 1419 2830 ·
1456 2793 1783 2842 confirmamus
1820 2821 1831 2830 ·
1867 2793 2027 2842 Saluis
2059 2794 2196 2843 nobis
2233 2823 2242 2832 -
2282 2824 2291 2833 -
2331 2823 2341 2832 ·
2378 2796 2474 2842 dic-

543 2890 701 2934 torum
737 2913 748 2922 ·
787 2910 798 2924 ·
836 2911 847 2921 ·
885 2883 1152 2931 orationum
1198 2882 1434 2946 suffragiis
1482 2883 1762 2930 denotarum
1817 2886 2003 2930 tantum
2055 2910 2065 2919 ·
2120 2882 2180 2930 In
2228 2884 2360 2932 cuius
2407 2885 2475 2931 rei

545 2973 869 3023 testimonium
909 2972 1118 3035 presenti
1164 2975 1296 3020 earte
1341 2975 1503 3019 nostre
1547 2970 1970 3019 admoritizationis
2015 2975 2065 3019 et
2112 2973 2477 3022 confirmationis

550 3064 774 3126 Magnum
814 3060 1028 3123 Sigillum
1065 3064 1277 3109 nostrum
1315 3059 1491 3124 apponi
1524 3059 1820 3123 precepimus
1854 3059 2075 3108 Testibus
2112 3060 2394 3109 Reuerendo
2429 3063 2477 3108 in

551 3153 622 3200 X⁰
654 3156 790 3215 patre
830 3147 1074 3196 Willelmo
1112 3149 1351 3212 Episcopo
1390 3147 1711 3196 Abirdonensi
1748 3147 1898 3195 nostri
1921 3148 2092 3196 secreti
2118 3148 2257 3212 sigilli
2281 3152 2476 3198 custode

555 3240 741 3289 dilectis
767 3237 1123 3301 consanguineis
1159 3236 1335 3285 nostris
1371 3235 1575 3298 Georgio
1597 3235 1771 3283 comite
1807 3236 1864 3283 de
1902 3235 2084 3285 Huntle
2109 3238 2299 3288 domino
2328 3239 2480 3287 Bade-

556 3330 730 3379 zenach
754 3325 1036 3377 cancella-rio
1060 3330 1223 3375 nostro
1236 3325 1278 3376 J
1283 3325 1467 3373 ohanne
1492 3324 1679 3373 domino
1700 3324 1998 3372 Drummond
2021 3325 2054 3373 J
2059 3326 2300 3376 usticiario
2323 3334 2485 3378 nostro
