3016 3958
1167 640 1478 699 CARTAE
1524 642 2023 702 ORIGINALES.
2475 651 2583 706 185

634 824 812 873 tionem
856 826 1058 876 fiendam
1105 846 1191 893 per
1237 831 1416 881 dictum
1462 849 1598 882 suum
1644 850 1867 898 sponsum
1914 837 2140 900 magistro
2184 838 2370 887 Jacobo
2427 839 2578 902 Spens

632 914 880 978 capellano
935 917 1197 981 capellanie
1250 921 1416 969 Sancti
1468 923 1501 969 J
1506 923 1705 972 ohannis
1756 925 2060 990 ewangeliste
2108 928 2166 975 de
2223 929 2576 991 quatuordecim

632 1004 796 1054 solidis
820 1006 964 1054 annui
989 1008 1204 1057 reddItus
1238 1015 1427 1058 monete
1458 1011 1619 1060 Scotie
1645 1013 1703 1060 de
1742 1040 1753 1050 ·
1791 1050 1800 1060 .
1841 1041 1852 1051 ·
1887 1018 2160 1064 tenemento
2195 1032 2252 1064 ac
2285 1017 2426 1065 terris
2461 1017 2575 1065 dicti

632 1094 792 1142 Dauid
817 1089 1134 1146 anterioribus
1170 1102 1219 1146 et
1255 1100 1595 1162 posterioribus
1619 1106 1724 1150 orto
1759 1107 1807 1151 et
1844 1104 1996 1152 cauda
2020 1106 2273 1154 earundem
2298 1121 2405 1154 cum
2435 1107 2578 1169 perti-

632 1184 809 1233 nentiis
825 1184 1099 1246 jacentibus
1119 1203 1180 1234 ex
1198 1191 1335 1250 parte
1355 1188 1532 1237 boreali
1553 1190 1644 1238 vici
1672 1191 1888 1239 Morauie
1908 1192 2024 1241 dicti
2043 1194 2176 1257 burgi
2201 1194 2325 1242 inter
2351 1193 2575 1261 [terram]

631 1274 665 1320 J
669 1274 806 1322 acobi
831 1274 941 1337 Dog
964 1276 1026 1322 ad
1051 1275 1208 1324 oriens
1231 1280 1409 1324 terram
1434 1278 1719 1327 anteriorem
1745 1280 1860 1328 dicti
1886 1281 2044 1329 Dauid
2071 1287 2119 1330 et
2143 1287 2297 1331 terras
2333 1283 2578 1332 interiores

634 1363 833 1411 Hem-ici
856 1364 1189 1412 Wedderburn
1213 1366 1271 1413 ad
1300 1366 1521 1415 occidens
1545 1382 1790 1416 commune
1810 1374 1997 1432 pratum
2017 1371 2133 1420 dicti
2152 1371 2284 1435 burgi
2302 1373 2362 1419 ad
2387 1372 2577 1420 boream

631 1456 680 1500 et
704 1453 860 1501 vicum
885 1455 1152 1518 predictum
1176 1455 1237 1502 ad
1262 1459 1475 1504 austrum
1500 1457 1715 1519 partibus
1738 1459 1799 1506 ab
1823 1475 1917 1507 una
1941 1464 1990 1508 et
2014 1460 2167 1509 altera
2190 1465 2238 1509 et
2263 1463 2386 1524 quod
2411 1467 2576 1510 contra

632 1571 643 1580 ·
683 1571 693 1581 ·
733 1571 744 1582 ·
781 1560 917 1592 suum
942 1559 1222 1593 consensum
1261 1573 1271 1582 ·
1311 1573 1321 1583 ·
1361 1573 1371 1583 ·
1408 1547 1468 1593 ad
1493 1546 1760 1595 huiusmodi
1798 1575 1808 1585 ·
1848 1575 1858 1586 ·
1898 1576 1908 1586 ·
1944 1565 2037 1597 non
2063 1550 2307 1598 deueniret
2346 1578 2356 1588 ·
2395 1579 2405 1588 ·
2445 1579 2454 1588 -
2491 1552 2575 1599 sub

630 1633 766 1697 penis
801 1634 994 1682 infamie
1032 1661 1045 1674 ο
1083 1662 1093 1672 -
1132 1662 1144 1672 ·
1181 1635 1287 1690 Quo
1322 1635 1453 1683 facto
1478 1635 1594 1683 dicti
1631 1636 1792 1684 Dauid
1828 1641 1877 1685 et
1914 1637 2122 1687 Cristina
2159 1675 2169 1686 .
2207 1674 2218 1685 .
2257 1667 2267 1677 ·
2303 1639 2579 1703 simpliciter

631 1724 929 1786 resignarunt
972 1724 1021 1771 in
1062 1724 1282 1772 manibus
1324 1725 1441 1773 dicti
1483 1724 1648 1772 balliui
1683 1726 1917 1790 prefatum
1954 1743 2160 1775 annuum
2196 1729 2429 1776 redditum
2467 1764 2476 1774 .
2518 1757 2528 1767 -
2566 1757 2576 1767 -

631 1814 725 1869 Qui
770 1813 978 1863 balliuus
1026 1814 1159 1862 dedit
1206 1814 1414 1863 sasinam
1455 1842 1466 1852 ·
1505 1850 1515 1862 .
1557 1842 1568 1852 ·
1606 1815 1781 1878 prefati
1838 1817 1982 1863 annui
2036 1817 2250 1865 redditus
2293 1845 2303 1855 ·
2345 1845 2356 1855 ·
2397 1845 2407 1855 ·
2447 1818 2575 1865 dicto

631 1903 857 1966 magistro
885 1903 1080 1952 *Jacobo
1106 1904 1258 1967 Spens
1293 1905 1341 1951 in
1377 1920 1536 1952 verum
1577 1931 1587 1941 ·
1626 1931 1637 1942 ·
1675 1932 1685 1942 ·
1724 1910 2011 1954 warrantum
2037 1905 2163 1955 illius
2196 1906 2339 1954 annui
2364 1907 2576 1955 redditus

630 2009 717 2057 pro
758 1992 1022 2041 feodifirma
1069 2009 1155 2056 per
1197 1993 1378 2040 dictum
1426 1993 1701 2055 magistrum
1747 1994 1983 2042 «Iacobum
2032 1999 2080 2043 et
2127 2011 2237 2044 suos
2282 2011 2576 2044 successores

630 2082 823 2130 leuandi
861 2110 871 2120 ·
912 2110 922 2121 ·
962 2110 972 2120 -
1009 2083 1317 2132 extendentis
1354 2083 1415 2130 ad
1457 2083 1815 2146 quatuordecim
1856 2083 2032 2133 solidos
2069 2085 2127 2152 de
2164 2088 2270 2132 toto
2309 2088 2357 2133 et
2395 2084 2576 2147 integro

631 2171 714 2220 illo
737 2175 1012 2220 tenemento
1036 2176 1162 2220 terre
1187 2187 1293 2219 cum
1319 2172 1620 2235 pertinentiis
1656 2176 1705 2221 et
1741 2177 1848 2221 orto
1880 2173 2088 2222 eiusdem
2118 2173 2310 2235 jacente
2345 2190 2406 2222 ex
2441 2178 2575 2237 parte

630 2261 853 2309 orientali
889 2261 980 2309 vici
1014 2261 1162 2310 fontis
1187 2261 1303 2309 dicti
1328 2262 1463 2325 burgi
1493 2262 1619 2310 inter
1651 2266 1829 2310 terram
1866 2263 1982 2311 dicti
2018 2263 2180 2311 Dauid
2216 2264 2277 2310 ad
2311 2263 2501 2310 boream
2527 2267 2576 2310 et

630 2356 809 2399 terram
847 2350 1086 2399 «Iohannis
1125 2350 1226 2398 Jak
1263 2351 1325 2398 ad
1363 2354 1575 2399 austrum
1617 2368 1702 2414 per
1737 2352 1976 2415 prefatum
2022 2352 2296 2414 magistrum
2337 2351 2570 2399 Jacobum

630 2441 762 2488 dicto
788 2439 948 2487 Dauid
973 2455 1060 2502 pro
1085 2440 1214 2487 dicto
1233 2455 1390 2487 annuo
1409 2440 1598 2488 redditu
1622 2441 1843 2488 assedato
1880 2468 1891 2478 ·
1930 2468 1941 2478 ·
1980 2468 1990 2479 ·
2027 2442 2153 2489 Acta
2176 2444 2311 2488 erant
2335 2440 2423 2488 hec
2461 2467 2471 2477 ·
2509 2466 2522 2479 ·
2558 2466 2570 2478 ·

632 2529 932 2594 presentibus
971 2528 1184 2592 prouidis
1223 2528 1335 2576 viris
1379 2528 1413 2575 J
1418 2528 1602 2576 ohanne
1644 2529 1940 2576 Drummond
1989 2529 2205 2576 Roberto
2252 2528 2571 2590 Strathachyn

634 2617 846 2666 Patricio
890 2617 1178 2665 Andersoun
1221 2620 1271 2664 et
1318 2617 1512 2664 Andrea
1554 2616 1742 2664 Ranald
1779 2617 2038 2680 sergeando
2078 2631 2183 2664 cum
2224 2615 2330 2664 aliis
2370 2616 2568 2664 diuersis

631 2707 839 2755 testibus
877 2734 886 2743 ·
927 2733 938 2743 ·
977 2733 987 2743 ·

702 2796 768 2844 Et
792 2811 879 2858 ego
906 2794 1145 2842 Robertus
1167 2794 1307 2842 Seres
1331 2792 1530 2842 clericus
1555 2793 1889 2843 Brechinensis
1923 2793 2021 2842 dio⁶
2058 2822 2068 2832 ·
2107 2830 2117 2841 .
2156 2821 2166 2831 ·
2202 2793 2565 2842 auctoritatibus

631 2884 896 2949 apostolica
919 2888 968 2932 et
993 2883 1122 2946 regia
1144 2881 1360 2931 notarius
1397 2910 1406 2920 ·
1446 2909 1457 2919 ·
1495 2909 1506 2920 ·
