3016 3958
494 651 503 659 '
528 650 601 704 88
1078 649 1368 704 CARTAE
1413 647 1910 704 ORIGINALES.

522 854 622 886 war
644 842 696 887 to
719 839 802 887 the
827 839 1040 901 vicarage
1070 839 1122 887 of
1142 838 1450 901 Cortouquby
1475 853 1582 885 now
1606 837 1815 884 vacande
1839 837 1932 884 and
1968 853 2021 886 as
2055 854 2127 886 we
2163 854 2217 890 ar
2251 839 2458 887 informit

517 927 609 990 yhe
656 928 778 975 haue
826 931 899 976 set
947 927 1030 974 the
1082 942 1243 974 morne
1298 926 1422 974 efter
1459 941 1519 989 ye
1557 926 1652 973 fest
1690 925 1744 973 of
1774 925 1857 972 the
1895 926 2233 989 purificacionn
2281 929 2334 976 of
2375 945 2462 976 our

522 1015 633 1078 lady
670 1020 723 1064 to
762 1018 906 1080 spede
948 1016 1055 1064 that
1094 1019 1247 1063 mater
1269 1015 1362 1062 and
1399 1018 1451 1063 to
1486 1018 1677 1078 present
1701 1031 1731 1062 a
1753 1030 1984 1078 personne
2007 1018 2060 1063 to
2081 1016 2164 1063 the
2188 1015 2289 1064 said
2314 1016 2462 1064 vicar-

520 1121 622 1166 age,
667 1105 957 1160 Quharefore
1000 1104 1104 1167 yhit
1146 1120 1200 1152 as
1240 1104 1294 1151 of
1329 1104 1489 1151 before
1531 1119 1604 1151 we
1646 1103 1818 1151 exhort
1859 1104 1952 1150 and
1993 1103 2212 1166 tenderly
2253 1105 2462 1167 requeris

520 1193 647 1254 yhou
670 1193 778 1241 that
815 1198 866 1241 at
907 1209 994 1241 our
1027 1192 1232 1256 speciale
1268 1192 1481 1240 instance
1515 1208 1575 1256 ye
1611 1191 1777 1256 qubilk
1799 1208 1872 1240 we
1895 1192 2035 1240 think
2058 1192 2191 1241 sulde
2215 1193 2273 1240 be
2296 1208 2462 1256 accep-

521 1282 658 1328 tabill
683 1282 730 1329 in
755 1298 809 1330 sa
831 1281 950 1330 smal
988 1298 1017 1329 a
1054 1285 1207 1329 mater
1240 1297 1292 1328 ze
1327 1280 1452 1328 wald
1487 1285 1678 1344 present
1703 1296 1788 1328 our
1810 1280 1912 1329 said
1949 1280 2178 1345 chaplane
2201 1285 2252 1329 to
2275 1298 2335 1345 ye
2358 1282 2460 1330 said

525 1371 734 1434 vicarage
775 1387 828 1420 as
868 1387 920 1419 ze
964 1370 1044 1419 wil
1086 1370 1147 1418 do
1188 1386 1258 1418 ws
1293 1386 1323 1417 a
1359 1369 1567 1433 singular
1604 1369 1900 1433 emplesance
1939 1370 2060 1417 ande
2098 1370 2216 1417 have
2254 1369 2459 1434 speciale

517 1459 668 1506 thank
704 1461 758 1507 of
789 1475 856 1508 ws
893 1459 939 1506 in
973 1463 1104 1521 tyme
1128 1474 1331 1522 cumyng
1367 1486 1379 1496 ·
1418 1459 1626 1521 Wrytyn
1651 1458 1797 1505 vnder
1820 1474 1906 1506 our
1929 1458 2081 1521 signet
2104 1465 2156 1506 at
2183 1459 2457 1522 Edinburgh

519 1565 578 1610 ye
619 1548 765 1610 xxviij
809 1549 901 1610 day
938 1548 992 1595 of
1025 1548 1058 1594 J
1062 1563 1211 1594 anuar
1248 1575 1258 1585 ·
1297 1547 1401 1601 Qne
1425 1546 1566 1594 litera
1589 1546 1910 1610 superscripta
1933 1550 2037 1594 erat
2062 1547 2109 1594 in
2135 1548 2274 1595 dorso
2299 1548 2346 1595 in
2370 1549 2458 1595 hec

521 1638 664 1684 verba
688 1636 892 1685 Dilectis
916 1636 1102 1684 clericis
1139 1640 1188 1684 et
1223 1636 1490 1684 oratoribus
1523 1635 1698 1683 nostris
1733 1636 1913 1683 decano
1948 1639 1997 1683 et
2029 1635 2236 1698 capitulo
2260 1636 2458 1684 ecclesie

523 1725 856 1774 Brechinensis
892 1753 903 1763 -
942 1725 1058 1774 Post
1097 1741 1189 1788 qne
1218 1725 1376 1773 omnia
1399 1724 1614 1788 predicta
1651 1728 1700 1771 et
1737 1723 1921 1787 singula
1958 1724 2056 1772 Nos
2091 1724 2338 1772 ‚Iohannes
2361 1726 2459 1772 offi-

521 1814 655 1863 cialis
678 1815 890 1878 prefatus
912 1830 1105 1878 presens
1128 1816 1503 1877 transsumptum
1542 1841 1551 1850 -
1591 1840 1601 1850 ·
1641 1840 1652 1850 -
1687 1827 1794 1859 cum
1829 1812 2132 1875 originalibus
2170 1841 2179 1850 ·
2220 1841 2229 1850 ·
2269 1841 2278 1850 ·
2315 1812 2458 1860 colla-

520 1904 694 1952 tionari
734 1904 935 1952 fecimus
973 1931 983 1941 ·
1021 1931 1032 1941 ·
1075 1931 1086 1940 ·
1122 1906 1172 1951 et
1209 1901 1523 1966 comperimus
1560 1929 1569 1938 ·
1610 1928 1619 1938 ·
1659 1928 1669 1939 ·
1707 1901 1752 1947 in
1783 1901 1999 1949 omnibns
2022 1902 2306 1949 concordare
2345 1929 2355 1938 -
2394 1930 2403 1939 ·
2444 1931 2453 1939 -

522 1998 571 2041 et
616 2022 625 2030 -
671 2022 679 2030 ·
726 2021 735 2030 ·
779 1993 1074 2040 decernimus
1119 1991 1247 2055 quod
1285 2019 1296 2028 -
1336 2018 1346 2028 ·
1385 2018 1395 2027 ·
1433 1989 1626 2054 (eidem)
1666 2017 1676 2026 ·
1721 2017 1730 2026 ·
1776 2017 1786 2026 -
1830 1990 2001 2036 debeat
2040 2017 2050 2026 ·
2090 2017 2100 2026 ·
2141 2017 2150 2027 ·
2187 1989 2455 2039 indubitata

519 2083 636 2130 fides
659 2082 871 2129 adhiberi
911 2110 921 2119 ·
961 2109 971 2119 ·
1011 2109 1020 2119 ·
1059 2081 1117 2128 In
1160 2095 1359 2144 quorum
1397 2078 1605 2127 omnium
1641 2077 1964 2126 testimonium
1999 2077 2089 2124 hoc
2113 2093 2304 2140 presens
2341 2106 2352 2116 ·
2391 2107 2400 2116 -
2442 2108 2451 2116 -

517 2189 602 2234 per
625 2171 859 2219 notarium
883 2169 1122 2233 publicum
1146 2167 1495 2231 infrascriptum
1534 2167 1592 2214 de
1632 2167 1856 2214 mandato
1896 2170 2057 2214 nostro
2081 2166 2283 2229 desuper
2303 2167 2454 2228 publi-

517 2264 674 2307 catum
727 2257 879 2321 Sigilli
925 2258 1075 2306 nostri
1110 2286 1123 2295 ·
1165 2285 1175 2295 ·
1214 2285 1224 2294 ·
1258 2256 1456 2304 fecimus
1491 2255 1778 2319 appensione
1819 2254 2094 2302 communiri
2133 2283 2142 2292 ·
2181 2255 2359 2303 Datum
2400 2262 2450 2304 et

514 2352 672 2395 actum
713 2348 837 2410 apud
885 2346 1089 2394 Brechin
1132 2345 1179 2392 in
1214 2345 1319 2393 loco
1356 2342 1671 2392 consistoriali
1704 2347 1867 2392 nostro
1903 2347 2129 2392 consueto
2163 2345 2299 2393 nobis
2333 2345 2448 2393 inibi

515 2435 789 2484 sedentibus
835 2435 932 2482 Sub
980 2450 1103 2482 anno
1153 2432 1502 2481 Incarnationis
1548 2431 1800 2480 Dominice
1846 2431 2095 2481 millesimo
2140 2434 2449 2497 quadringen-

514 2525 684 2572 tesimo
725 2522 1110 2587 quinquagesimo
1153 2521 1356 2587 [primo]
1398 2520 1574 2569 mensis
1607 2536 1717 2568 vero
1760 2520 1940 2584 Aprilis
1980 2522 2056 2569 die
2103 2522 2286 2570 decima
2331 2523 2447 2571 hora

516 2612 765 2660 undecima
802 2616 913 2660 ante
951 2611 1196 2659 meridiem
1235 2638 1245 2648 ·
1284 2637 1295 2648 ·
1334 2638 1343 2647 -
1380 2609 1650 2657 Indictione
1695 2609 1831 2671 xiiijta
1869 2610 2180 2658 Pontificatus
2216 2640 2226 2649 ·
2266 2639 2276 2649 ·
2315 2640 2324 2649 ·
2363 2612 2447 2659 Ni-

514 2701 634 2749 colai
674 2730 682 2738 ·
723 2729 732 2738 -
772 2728 782 2738 ·
819 2716 939 2764 pape
978 2698 1131 2763 quinti
1168 2714 1292 2746 anno
1331 2697 1496 2761 quinto
1530 2697 1829 2761 presentibus
1862 2698 2036 2746 ibidem
2075 2699 2293 2748 discretis
2333 2701 2444 2749 viris

515 2790 746 2852 Magistro
786 2788 996 2836 Patricio
1035 2787 1216 2835 Lokart
1253 2786 1478 2849 magistro
1514 2787 1562 2832 in
1585 2770 1768 2834 artibus
1802 2786 2003 2834 dominis
2028 2786 2185 2835 Dauid
2213 2787 2442 2836 Willelmi

510 2879 695 2925 Jacobo
719 2876 838 2924 Steil
863 2877 1018 2924 scriba
1050 2891 1108 2924 ac
1141 2875 1327 2923 notario
1352 2873 1539 2937 publico
1573 2877 1623 2921 et
1660 2873 1908 2923 Nicholaio
1929 2875 2164 2924 «Iohannis
2186 2875 2442 2940 capellanis

511 2982 691 3013 necnon
725 2965 757 3011 J
764 2965 946 3012 ohanne
984 2965 1142 3012 Smert
1178 2962 1443 3011 Cuthberto
1485 2960 1621 3010 Rede
1662 2963 1875 3011 Roberto
1914 2963 2098 3011 Litstar
2129 2979 2186 3010 ac
2219 2965 2252 3010 J
2257 2965 2440 3014 ohanne

513 3055 695 3102 Litstar
717 3053 901 3101 ciuibus
924 3052 1136 3100 ciuitatis
1161 3051 1495 3100 Brecbinensis
1518 3066 1623 3098 cum
1649 3050 1812 3099 multis
1833 3049 1940 3098 aliis
1978 3078 1987 3091 ·
2025 3079 2036 3088 ·

578 3143 643 3189 Et
680 3142 783 3204 Ego
817 3140 976 3188 Dauid
1015 3140 1204 3187 Andree
1239 3138 1474 3203 presbiter
1498 3138 1832 3187 Brechinensis
1857 3138 2072 3187 dioecesis
2096 3140 2309 3203 publicus
2332 3157 2442 3190 auc-

509 3231 706 3279 toritate
731 3227 961 3292 imperiali
984 3227 1198 3276 notarius
1235 3255 1246 3264 ·
1285 3255 1296 3264 -
1334 3253 1345 3266 ι
