3016 3958
142 1472 504 1524 CLXXXVII.

124 2180 515 2231 CLXXXVIII.

512 635 622 719 246
1055 662 1345 719 oARTAE
1390 660 1890 718 ORIGINALES.

517 854 657 901 dictis
681 853 864 901 ballivis
888 858 936 901 et
962 854 1184 915 magistro
1208 852 1399 915 hospitii
1424 852 1471 898 in
1497 851 1652 914 capite
1677 866 1762 913 pro
1786 864 1942 896 annua
1974 846 2206 896 solutione
2232 859 2443 894 summae

519 947 628 990 octo
655 958 914 990 morcarum
940 947 988 990 et
1014 943 1172 989 decem
1200 940 1452 989 solidorum
1482 942 1700 986 monetae
1726 937 1916 985 Scotiae
1955 964 1965 974 ·
2003 934 2167 997 Sigillo
2202 948 2446 982 commune

520 1047 641 1078 novo
666 1030 822 1079 dictae
844 1031 1064 1078 Civitatis
1088 1030 1199 1077 huic
1223 1033 1476 1092 praecepto
1500 1043 1708 1091 appenso
1733 1041 1890 1073 coram
1908 1024 1983 1073 his
2001 1023 2205 1072 testibus
2228 1022 2261 1069 J
2265 1022 2448 1070 ohanne

525 1119 779 1182 Dempster
824 1119 933 1167 olim
982 1120 1040 1166 de
1089 1117 1343 1180 Balrowny
1385 1116 1539 1165 David
1589 1115 1894 1163 Donaldsone
1951 1116 2213 1160 mercatore
2269 1111 2451 1158 Thoma

526 1208 783 1256 Schewane
809 1212 858 1256 et
884 1208 1087 1270 Georgio
1112 1206 1255 1254 Neish
1283 1206 1384 1267 ejus
1413 1204 1639 1253 servitore
1666 1205 1727 1251 13
1749 1202 1968 1251 Octobris
1993 1202 2118 1249 1631
2159 1235 2169 1245 .

542 1444 725 1522 Carta
750 1485 973 1517 concessa
997 1484 1082 1531 per
1104 1467 1396 1515 antedictum
1421 1467 1453 1512 J
1458 1469 1653 1512 oannem
1684 1465 1948 1526 Mortymer
1971 1462 2081 1510 olim
2106 1463 2164 1509 de
2189 1462 2457 1525 Craigievar

531 1561 563 1606 J
568 1560 715 1608 acobo
743 1558 942 1606 Guthrie
981 1558 1037 1603 de
1080 1556 1332 1603 Pitforthie
1367 1554 1649 1602 haeredibus
1683 1552 1780 1600 suis
1818 1555 1866 1598 et
1904 1551 2155 1613 assignatis
2180 1550 2306 1598 illius
2328 1554 2461 1597 tene-

534 1648 682 1696 menti
704 1652 861 1695 terrae
888 1646 1053 1694 caduci
1092 1649 1140 1692 et
1178 1644 1352 1692 ruinosi
1389 1643 1513 1706 quod
1549 1642 1639 1688 fuit
1664 1640 1773 1687 olim
1805 1639 1984 1687 mansio
2010 1638 2460 1686 Archidiaconorum

534 1736 761 1784 ecclesiae
816 1734 1145 1784 Brechinensis
1194 1733 1304 1796 (No·
1342 1731 1511 1788 CXL)
1553 1745 1711 1777 coram
1757 1728 1959 1776 testibus
2009 1727 2194 1775 Jacobo
2236 1727 2462 1774 Stratoun

535 1825 689 1873 scriba
727 1824 909 1885 signeto
947 1823 1074 1885 regio
1113 1826 1162 1869 et
1198 1821 1421 1882 magistro
1447 1817 1650 1879 Georgio
1675 1817 1902 1864 Stratoun
1939 1816 2039 1878 ejus
2073 1816 2168 1863 fflio
2206 1845 2215 1853 -
2252 1816 2318 1862 24
2343 1815 2464 1862 Feb-

536 1913 679 1959 ruarii
706 1911 834 1960 1637
874 1938 885 1949 ·

554 2151 737 2228 Carta
776 2175 1023 2222 continens
1063 2175 1111 2220 in
1153 2189 1203 2221 se
1240 2177 1543 2236 praeceptum
1582 2173 1784 2221 saisinae
1821 2187 2044 2220 concessa
2077 2188 2163 2234 per
2199 2170 2466 2219 Walterum

545 2265 754 2313 Bowack
778 2262 1047 2311 calciarium
1072 2262 1349 2324 burgensem
1369 2261 1502 2324 burgi
1522 2262 1579 2308 de
1597 2263 1830 2310 Brechine
1855 2266 1904 2309 et
1925 2261 2245 2323 Margaretam
2267 2260 2467 2308 Guthrie

543 2354 643 2415 ejus
667 2352 907 2414 conjugem
935 2366 1040 2398 cum
1066 2366 1296 2399 consensu
1324 2350 1591 2413 Praepositi
1623 2350 1912 2398 Ballivorum
1938 2349 2192 2398 Consulum
2219 2353 2267 2396 et
2295 2348 2470 2410 Magis-

543 2442 606 2489 tri
643 2440 855 2503 Hospitii
879 2439 995 2486 dicti
1020 2439 1154 2501 burgi
1177 2439 1403 2501 magistro
1429 2438 1704 2486 Alexandro
1730 2439 1888 2487 Bisset
1912 2438 2041 2486 verbi
2077 2438 2219 2485 divini
2255 2437 2470 2485 ministro

544 2531 591 2576 in
611 2528 811 2576 ecclesia
835 2528 892 2574 de
915 2527 1148 2574 Brechine
1174 2531 1222 2574 et
1243 2527 1544 2590 Margaretae
1571 2527 1846 2575 Fullartone
1869 2527 1971 2589 ejus
1994 2542 2192 2590 sponsae
2217 2541 2470 2588 eorumque

546 2618 683 2665 alteri
708 2617 885 2665 diutius
909 2616 1083 2663 viventi
1119 2615 1167 2662 in
1201 2616 1454 2677 conjuncta
1477 2615 1796 2663 infeodatione
1831 2619 1880 2663 et
1912 2618 2020 2678 post
2044 2630 2203 2662 eorum
2229 2615 2470 2663 decessum

547 2705 831 2769 pauperibus
866 2706 914 2751 in
949 2704 1077 2752 dicto
1109 2703 1314 2767 hospitio
1349 2703 1520 2752 locatis
1554 2709 1603 2751 et
1638 2704 1849 2752 locandis
1873 2703 2186 2751 haereditarie
2210 2703 2296 2751 sub
2321 2718 2473 2750 rever-

548 2795 677 2842 sione
716 2798 763 2841 et
800 2792 1140 2855 provisionibus
1177 2791 1225 2838 in
1263 2795 1510 2840 contractu
1533 2792 1665 2855 prius
1687 2793 1806 2840 inito
1829 2792 1953 2840 inter
1989 2791 2096 2839 illos
2130 2791 2366 2839 contentis
2388 2807 2474 2853 pro

551 2897 730 2931 summa
767 2880 1077 2943 quadraginta
1114 2895 1374 2927 mercatum
1414 2885 1631 2928 monetae
1670 2881 1875 2935 Scotiae,
1911 2879 2038 2927 illius
2073 2879 2311 2926 interioris
2344 2883 2475 2926 tene-

552 2970 699 3018 menti
722 2974 878 3017 terrae
902 2974 1001 3017 tam
1027 2985 1167 3032 supra
1191 2985 1332 3032 quam
1356 2969 1525 3017 subtus
1550 2985 1656 3016 eum
1681 2970 1820 3017 horto
1855 2973 1904 3016 et
1940 2968 2154 3016 omnibus
2176 2968 2475 3030 pertinentiis

554 3060 675 3106 infra
702 3060 895 3119 januam
931 3062 979 3105 et
1015 3058 1278 3106 clausuram
1304 3058 1513 3119 ejusdem
1536 3072 1736 3104 unacum
1773 3057 1918 3104 etiam
1952 3055 2034 3103 illa
2067 3060 2203 3118 parte
2227 3055 2477 3103 anterioris

553 3147 812 3195 tenementi
848 3162 909 3193 ex
930 3146 1230 3203 *occidentali
1265 3146 1415 3194 latere
1451 3146 1608 3192 dictae
1640 3145 1815 3206 januae
1851 3143 1926 3191 vel
1965 3143 2208 3191 clausurae
2246 3148 2477 3206 occupata

555 3253 639 3300 per
674 3236 826 3283 dictos
860 3233 1126 3282 Walterum
1162 3235 1372 3282 Bowack
1409 3233 1601 3295 ejusque
1639 3232 1882 3294 conjugem
1913 3231 2119 3293 jacentis
2154 3232 2275 3279 infra
2299 3232 2476 3279 dictum

557 3326 750 3386 burgum
789 3340 850 3370 ex
887 3323 1063 3370 boreali
1087 3323 1235 3371 latere
1271 3322 1361 3370 vici
1396 3338 1479 3370 seu
1513 3319 1722 3367 venellae
1759 3319 1822 3367 lie
1859 3323 2054 3367 vocatae
2087 3319 2170 3367 the
2210 3320 2475 3383 Kirkwynd
