3016 3958
1079 651 1370 706 OARTAE
1414 649 1913 706 ORIGINALES.
2385 655 2457 709 43

513 845 614 893 dies
654 843 713 891 ab
755 846 866 890 ante
908 841 1142 906 legittime
1180 841 1353 890 citasse
1396 841 1456 889 ad
1499 841 1864 904 comparendum
1900 839 1950 888 in
1985 840 2194 904 capitulo
2241 842 2455 905 predicto

511 935 571 982 ad
597 932 926 981 duodecimum
950 931 1075 978 diem
1102 929 1305 993 Augusti
1337 932 1643 1001 prenotatum
1680 929 1741 976 ad
1780 928 2062 978 auisandum
2099 928 2453 978 deliberandum

510 1022 773 1070 formaliter
810 1019 1185 1069 concludendum
1221 1022 1271 1067 et
1306 1017 1612 1067 statuendum
1648 1033 1791 1082 super
1825 1017 1970 1067 certis
1993 1018 2208 1067 materiis
2232 1020 2456 1067 honorem

511 1112 806 1160 commodum
844 1114 892 1159 et
930 1109 1190 1158 utilitatem
1231 1108 1358 1156 dicte
1397 1107 1598 1157 ecclesie
1637 1107 1926 1157 cathedralis
1966 1108 2372 1164 concernentibus,
2409 1114 2458 1158 et

512 1200 785 1265 specialiter
819 1215 961 1263 super
995 1214 1090 1246 una
1124 1197 1325 1246 materia
1359 1197 1437 1246 hic
1472 1196 1669 1245 inferius
1707 1196 1900 1252 inserta,
1940 1197 2016 1244 cui
2056 1213 2167 1244 vero
2204 1199 2454 1246 assertioni

513 1290 660 1354 ipsius
697 1289 866 1337 decani
901 1292 1003 1336 tam
1040 1287 1196 1336 dictus
1231 1287 1520 1336 reuerendus
1554 1290 1692 1350 pater
1727 1302 1867 1350 quam
1917 1287 2063 1335 etiam
2111 1287 2193 1335 alii
2241 1290 2455 1337 canonici

511 1379 709 1427 ecclesie
733 1377 946 1442 predicte
984 1392 1042 1424 ac
1079 1376 1113 1422 J
1118 1376 1328 1424 ohannes
1353 1374 1489 1438 Steyl
1511 1375 1726 1423 notarius
1762 1374 1979 1438 publicus
2001 1376 2327 1425 testimonium
2353 1395 2458 1442 per-

508 1469 761 1516 hibuerunt
800 1503 810 1513 .
848 1466 954 1521 Quo
973 1466 1102 1513 facto
1120 1465 1332 1529 prefatus
1351 1464 1567 1512 dominus
1586 1465 1792 1512 decanus
1818 1465 1879 1512 ad
1904 1465 2110 1513 hostium
2131 1465 2327 1530 capituli
2351 1484 2457 1531 pre-

511 1557 628 1605 dicti
652 1554 965 1620 personaliter
987 1554 1203 1608 accessit,
1228 1553 1496 1617 ibidemque
1521 1553 1766 1602 universos
1801 1558 1850 1602 et
1886 1553 2094 1617 singulos
2129 1555 2381 1605 canonicos
2407 1562 2455 1604 et

510 1645 845 1710 prebendarios
869 1642 1069 1692 ecclesie
1093 1641 1307 1706 predicte
1331 1640 1620 1705 singillatam
1646 1645 1695 1690 et
1720 1642 1998 1691 nominatim
2025 1644 2244 1707 repetitis
2275 1645 2454 1694 vicibus

511 1740 565 1784 ut
588 1735 732 1783 moris
755 1737 828 1782 est
852 1749 937 1797 per
961 1732 1212 1796 quemdam
1238 1730 1535 1794 capellanum
1559 1730 1675 1778 fecit
1701 1731 1954 1778 conuocari
1979 1731 2149 1795 quibus
2174 1735 2451 1784 conuocatis

511 1831 560 1874 et
585 1823 968 1888 comparentibus
991 1838 1076 1886 pro
1100 1825 1217 1869 tunc
1241 1820 1542 1884 presentibus
1559 1820 1772 1883 prefatus
1790 1821 2078 1870 reuerendus
2103 1825 2242 1885 pater
2267 1823 2455 1872 diuersa

511 1918 689 1979 puncta
711 1911 957 1977 proposuit
982 1915 1031 1959 et
1057 1911 1184 1958 inter
1208 1910 1304 1958 alia
1328 1909 1533 1973 qualiter
1555 1926 1642 1973 pro
1666 1910 1790 1957 bono
1815 1913 1864 1957 et
1888 1909 2066 1958 honore
2092 1911 2219 1959 dicte
2255 1912 2454 1961 ecclesie

513 2002 799 2067 ampliando,
824 2005 873 2049 et
897 2001 958 2049 ad
982 1999 1165 2048 cultum
1191 1999 1402 2047 diuinum
1440 1999 1488 2046 in
1526 1998 1692 2046 eadem
1717 1999 2118 2061 augmentandum
2154 2015 2216 2048 ex
2252 2001 2450 2050 consilio

512 2098 562 2142 et
586 2091 926 2142 deliberatione
961 2091 1161 2138 fratrum
1198 2106 1388 2139 suorum
1425 2090 1486 2136 ad
1521 2089 1611 2136 hoc
1645 2087 1919 2152 specialiter
1942 2092 2311 2138 conuocatorum
2337 2090 2454 2138 obli-

511 2183 644 2247 gauit
668 2198 718 2231 se
744 2179 1144 2230 excellentissimo
1180 2183 1229 2226 et
1264 2178 1511 2242 magnifico
1546 2177 1747 2241 principi
1783 2177 1973 2225 domino
2000 2177 2220 2226 Waltero
2245 2179 2454 2228 Stewart

512 2272 675 2322 comiti
698 2271 910 2336 palatino
935 2270 994 2317 de
1019 2269 1300 2318 Stratherne
1325 2272 1374 2315 et
1400 2266 1590 2314 domino
1627 2267 1684 2313 de
1723 2265 1958 2314 Brechine
1993 2267 2054 2313 ad
2090 2267 2378 2315 fundandum
2405 2269 2453 2315 in

511 2363 642 2412 dicta
665 2360 866 2409 ecclesia
889 2360 950 2407 ad
974 2358 1126 2406 altare
1162 2358 1339 2406 Sancte
1379 2355 1545 2404 Crucis
1585 2371 1729 2403 unum
1768 2354 2063 2418 capellanum
2100 2371 2187 2419 pro
2221 2361 2451 2421 perpetuo

511 2451 859 2501 celebraturum
882 2449 1058 2497 ibidem
1082 2463 1168 2512 pro
1191 2445 1440 2494 animabus
1463 2444 1785 2508 predictorum
1812 2443 2023 2508 episcopi
2059 2447 2109 2492 et
2143 2445 2370 2509 principis
2394 2462 2451 2493 ac

512 2545 864 2589 antecessorum
890 2541 940 2585 et
962 2551 1288 2586 successorum
1326 2534 1580 2582 eorundem
1621 2533 1878 2581 secundum
1915 2533 2112 2581 formam
2153 2538 2202 2581 et
2239 2538 2450 2583 tenorem

512 2634 642 2678 carte
681 2627 853 2676 exinde
892 2625 1107 2674 confecte
1146 2651 1156 2662 ·
1195 2623 1507 2686 Qamquidem
1546 2620 1883 2684 obligationem
1922 2621 2078 2670 dictus
2112 2623 2361 2686 episcopus
2397 2630 2447 2671 ut

512 2718 746 2783 prefertur
765 2732 823 2764 ea
846 2713 1110 2762 intentione
1132 2712 1262 2768 fecit,
1286 2711 1348 2759 ad
1374 2711 1657 2758 mouendum
1683 2714 1732 2757 et
1756 2709 2075 2758 inclinandum
2099 2711 2305 2759 animum
2332 2714 2447 2762 dicti

511 2806 736 2873 principis
760 2805 883 2854 sicut
908 2804 966 2850 de
989 2803 1119 2850 facto
1142 2800 1271 2857 fecit,
1294 2800 1355 2847 ad
1379 2799 1669 2847 fundandum
1689 2797 1937 2862 collegium
1958 2800 2156 2848 duorum
2181 2801 2447 2865 capellano-

511 2920 613 2953 rum
637 2905 687 2950 et
711 2916 797 2949 sex
821 2912 1071 2962 puerorum
1095 2895 1143 2943 in
1168 2893 1371 2942 ecclesia
1392 2893 1610 2956 predicta
1634 2892 1760 2940 inter
1797 2908 1914 2955 quos
1938 2896 1987 2941 et
2011 2893 2059 2941 in
2085 2895 2225 2942 domo
2264 2897 2323 2943 ad
2360 2897 2447 2944 hec

511 2993 731 3043 ordinata
787 2987 1029 3053 predictus
1083 2982 1356 3048 capellanus
1411 2981 1619 3045 episcopi
1679 2980 1994 3029 collocaretur
2039 2986 2088 3030 et
2140 2983 2443 3033 residentiam

511 3084 704 3136 faceret,
731 3094 788 3128 ac
810 3078 955 3126 etiam
980 3079 1033 3123 ut
1058 3072 1308 3122 caritatiue
1333 3071 1680 3134 imperpetuum
1717 3069 1852 3117 daret
1877 3074 1927 3118 et
1953 3072 2234 3120 concederet
2257 3074 2318 3120 ad
2342 3090 2448 3137 pro-

512 3173 640 3237 prios
662 3184 774 3218 usus
798 3165 915 3215 dicti
939 3162 1134 3227 capituli
1159 3160 1405 3210 ecclesiam
1446 3160 1503 3206 de
1543 3158 1820 3222 Cortoquhy
1856 3173 1963 3206 cum
2000 3160 2099 3208 suis
2135 3160 2366 3210 fructibus
2400 3168 2447 3211 et

513 3256 875 3310 obuentionibus
898 3252 1130 3301 uniuersis
1153 3253 1292 3314 prout
1327 3248 1442 3296 fecit
1477 3247 1600 3295 sicut
1639 3263 1724 3310 per
1758 3250 1938 3295 cartam
1976 3248 2148 3296 exinde
2184 3251 2446 3300 confectam

514 3349 638 3398 clare
664 3348 881 3394 constare
904 3340 1082 3406 poterit
1107 3338 1360 3401 unicuique
1385 3336 1590 3385 intuenti
1628 3364 1638 3373 ·
1677 3336 1743 3383 Et
1782 3336 1894 3399 quia
1929 3337 2087 3386 dictus
2122 3339 2370 3403 episcopus
2394 3347 2445 3388 ut
