3016 3958
290 2540 497 2588 XXIII.

1102 651 1394 707 OARTAE
1439 650 1939 707 ORIGINALES.
2477 653 2550 708 39

530 838 613 902 qui
632 854 718 903 pro
742 842 956 904 tempore
978 841 1120 889 fuerit
1145 847 1452 906 permanente
1472 843 1692 891 Vicarius
1717 843 1797 907 qui
1821 858 1906 907 pro
1929 847 2145 906 tempore
2168 841 2312 890 fuerit
2330 841 2486 905 capel-

531 927 691 977 lanum
724 929 870 979 alium
897 931 944 978 in
971 931 1101 979 dicta
1124 931 1309 996 capella
1334 933 1511 1002 Sancte
1547 931 1714 980 Crucis
1737 933 1796 979 ab
1823 931 1905 979 illo
1931 931 2000 980 sic
2025 920 2227 980 fundato
2263 930 2483 996 t[en]ere

532 1018 724 1067 minime
748 1023 970 1069 teneatur
1008 1049 1017 1058 ·
1056 1022 1194 1077 Quod
1218 1021 1259 1070 si
1285 1022 1440 1070 dictus
1465 1021 1738 1085 capellanus
1765 1021 1848 1085 qui
1884 1038 1970 1086 pro
2004 1025 2220 1085 tempore
2243 1021 2388 1068 fuerit
2423 1037 2484 1068 ex

530 1124 697 1170 guerre
723 1124 835 1158 casu
858 1109 1057 1158 fortuito
1081 1110 1155 1158 vel
1180 1126 1478 1175 quocumque
1501 1110 1597 1159 alio
1622 1110 1964 1176 impedimento
1987 1127 2049 1158 ex
2074 1111 2292 1175 predicta
2314 1111 2483 1158 funda-

530 1197 662 1245 tione
685 1198 995 1246 sufficientem
1032 1203 1081 1247 et
1117 1216 1374 1262 congruam
1409 1201 1805 1250 sustentationem
1841 1217 1936 1248 non
1959 1200 2182 1249 habuerit
2208 1201 2332 1264 quod
2359 1200 2485 1248 vica-

531 1287 628 1335 rius
652 1287 731 1351 qui
755 1303 840 1351 pro
864 1291 1078 1351 tempore
1101 1289 1245 1337 fuerit
1280 1290 1339 1337 de
1374 1288 1694 1340 oblationibus
1730 1290 1857 1338 dicte
1893 1289 2076 1354 capelle
2112 1290 2289 1339 Sancte
2315 1290 2482 1338 Crucis

530 1377 746 1440 predicto
770 1377 1021 1441 capellano
1043 1394 1129 1442 pro
1151 1382 1367 1442 tempore
1391 1379 1620 1427 existenti
1647 1377 1851 1445 us[que]
1878 1380 1939 1428 ad
1964 1395 2219 1442 congruam
2244 1383 2481 1427 sustenta-

528 1466 708 1514 tionem
744 1467 987 1515 tenebitur
1024 1466 1244 1532 supplere
1283 1472 1333 1516 et
1371 1468 1631 1533 adimplere
1671 1497 1680 1506 -
1719 1468 1986 1519 Collatione
2023 1485 2134 1519 vero
2171 1469 2298 1518 dicte
2324 1469 2481 1533 capel-

528 1555 654 1603 lanie
694 1556 831 1605 nobis
872 1560 921 1605 et
962 1557 1138 1606 nostris
1180 1557 1533 1607 successoribus
1573 1559 1816 1623 perpetuis
1856 1559 2151 1623 temporibus
2194 1558 2334 1623 pleno
2376 1559 2483 1620 jure

529 1649 775 1694 reseruata
813 1673 822 1683 ·
861 1646 919 1692 In
946 1662 1143 1709 quorum
1173 1646 1381 1695 omnium
1407 1651 1456 1695 et
1481 1646 1769 1710 singulorum
1793 1648 2129 1711 premissorum
2153 1648 2479 1697 testimonium

529 1735 744 1798 Sigillum
784 1739 996 1784 nostrum
1039 1752 1259 1799 magnum
1306 1736 1606 1800 presentibus
1652 1740 1726 1785 est
1773 1753 2032 1801 appensum
2076 1753 2278 1785 unacum
2322 1737 2477 1800 sigillo

524 1825 762 1873 communi
796 1825 947 1873 nostri
984 1824 1182 1889 capituli
1219 1828 1269 1873 et
1305 1824 1459 1888 sigillo
1496 1825 1612 1874 dicti
1648 1826 1811 1874 vicarii
1835 1827 1962 1890 apud
1987 1826 2234 1874 ciuitatem
2261 1831 2476 1875 nostram

527 1915 733 1963 Brechin
758 1915 941 1963 decima
977 1914 1053 1962 die
1089 1915 1264 1963 mensis
1305 1915 1469 1964 Martii
1499 1916 1640 1964 Anno
1666 1916 1862 1963 Domini
1886 1915 2137 1964 millesimo
2163 1916 2477 1980 quadringen-

523 2006 695 2054 tesimo
717 2005 959 2054 tricesimo
983 2005 1191 2054 secundo
1229 2032 1238 2042 -

526 2208 827 2256 Presentatio
847 2208 985 2257 unius
1009 2206 1258 2271 Capellani
1283 2224 1368 2271 per
1391 2208 1782 2255 communitatem
1808 2208 1867 2255 de
1900 2208 2118 2257 Monross
2142 2211 2372 2272 perpetuo
2399 2209 2479 2255 de-

522 2298 708 2345 canturi
732 2314 817 2361 pro
841 2297 1090 2345 animabus
1116 2296 1301 2345 Helisci
1326 2301 1375 2344 et
1403 2297 1583 2344 Thome
1609 2297 1862 2345 Faucuner
1885 2297 1969 2345 filii
1994 2298 2096 2346 eius
2123 2298 2204 2361 qui
2241 2299 2473 2345 dederunt

524 2387 853 2434 communitati
878 2387 1163 2450 perticatam
1188 2387 1248 2434 ad
1274 2387 1638 2434 sustentandum
1663 2385 1812 2450 ipsius
1837 2386 2165 2450 cappellanum
2207 2416 2217 2425 ·

530 2510 851 2592 Reuerendo
877 2544 923 2591 in
949 2542 1140 2591 Christo
1163 2542 1289 2606 patri
1313 2558 1370 2591 ac
1395 2543 1586 2592 domino
1609 2559 1695 2592 suo
1721 2544 1910 2591 domino
1929 2544 1963 2590 J
1967 2544 2141 2592 ohanni
2168 2545 2471 2594 miseratione

522 2634 684 2682 diuina
721 2631 947 2696 Episcopi
985 2630 1296 2679 Brechinensi
1322 2630 1410 2678 Sui
1445 2630 1647 2680 humiles
1684 2636 1734 2679 et
1770 2633 1932 2680 deuoti
1969 2632 2052 2679 filii
2089 2633 2249 2680 Dauid
2286 2634 2466 2697 Rukby

521 2723 789 2788 prepositus
829 2725 878 2770 et
919 2721 1233 2769 communitas
1276 2720 1422 2783 Burgi
1458 2721 1517 2767 de
1555 2721 1778 2768 Monross
1814 2721 2007 2784 Seipsos
2047 2737 2154 2769 cum
2196 2723 2466 2772 omnimoda

520 2812 789 2862 reuerentia
819 2815 869 2859 et
900 2810 1078 2858 honore
1103 2808 1277 2859 debitis
1298 2812 1437 2858 tanto
1461 2809 1600 2872 patri,
1625 2825 1852 2873 suamque
1876 2811 2254 2859 benedictionem
2281 2812 2468 2860 humili-

520 2908 596 2952 ter
640 2901 935 2966 implorando
974 2929 984 2938 ·
1024 2898 1307 2947 Reuerende
1354 2902 1493 2961 pater
1533 2902 1582 2945 et
1623 2899 1811 2947 domine
1854 2898 2079 2949 Discreto
2127 2900 2226 2948 viro
2273 2902 2463 2949 domino

523 2993 734 3040 Henrico
776 2990 1011 3039 Falconar
1047 2986 1292 3052 capellano
1328 2986 1471 3035 latori
1506 2987 1796 3050 presentium
1826 2987 1927 3035 viro
1961 2988 2083 3036 bone
2118 2989 2244 3038 fame
2279 3005 2337 3037 ac
2365 2989 2465 3037 lau-

522 3082 693 3131 dabilis
716 3079 1089 3130 conuersationis
1124 3082 1174 3126 et
1207 3078 1406 3127 honeste
1430 3092 1516 3140 pro
1540 3076 1787 3124 animabus
1812 3075 1998 3125 Helisci
2023 3077 2257 3127 Falconer
2282 3078 2463 3127 Thome

522 3171 754 3220 Falconer
788 3175 837 3218 et
872 3169 1080 3218 omnium
1115 3167 1323 3218 fidelium
1359 3167 1686 3215 defunctorum
1722 3167 1783 3214 ad
1818 3166 1971 3217 altare
2007 3168 2184 3216 Sancte
2212 3168 2461 3218 Trinitatis

521 3261 569 3308 in
607 3259 809 3308 ecclesia
844 3257 1103 3322 parochiali
1139 3258 1198 3304 de
1239 3257 1461 3305 Monross
1495 3259 1650 3305 vestre
1689 3255 1903 3305 dioecesis
1938 3256 2234 3306 celebraturo
2273 3286 2282 3296 ·
2321 3258 2388 3306 Et
2412 3259 2460 3306 in

519 3350 663 3398 choro
702 3349 910 3398 eiusdem
951 3348 1012 3395 ad
1051 3346 1145 3394 Dei
1187 3345 1440 3394 seruicium
1483 3345 1831 3394 decantandum
1866 3346 2045 3395 totiens
2081 3347 2300 3410 quotiens
2343 3363 2459 3411 opus
