3016 3958
450 989 519 1035 CI
528 989 566 1035 Ι.

421 2144 566 2193 CIII.

1132 609 1427 666 GARTAE
1472 611 1972 668 ORIGINALES.
2428 618 2536 671 165

601 958 994 1038 Instrumentum
1020 991 1351 1054 resignationis
1385 1009 1470 1056 per
1494 994 1694 1040 eundem
1726 993 2004 1055 Magistrum
2030 992 2282 1055 Hugonem
2308 992 2531 1055 Dowglas

591 1078 821 1126 decanum
856 1078 1086 1128 ecclesiae
1122 1079 1411 1129 cathedralis
1446 1081 1781 1130 Brechinensis
1816 1086 1866 1129 et
1901 1086 2133 1130 rectorem
2169 1082 2228 1129 de
2263 1081 2531 1129 Inuerarite

591 1167 823 1229 praedicti
870 1169 1014 1215 annui
1061 1169 1276 1218 redditus
1315 1170 1558 1218 sexdecim
1601 1169 1856 1218 solidorum
1891 1186 1978 1233 pro
2012 1169 2166 1218 salute
2201 1170 2386 1217 animae
2420 1187 2532 1218 suae

591 1256 778 1304 fundati
813 1260 863 1304 et
898 1256 1103 1305 saisinae
1132 1257 1249 1305 dicti
1272 1258 1417 1304 annui
1441 1258 1655 1306 redditus
1689 1259 1738 1306 in
1772 1259 1980 1306 favorem
2016 1257 2297 1307 venerabilis
2332 1259 2418 1306 viri
2453 1260 2534 1306 do-

594 1344 710 1391 mini
745 1345 778 1391 J
782 1345 982 1393 ohannis
1018 1345 1195 1393 Erskin
1221 1344 1454 1408 capellani
1478 1361 1536 1393 ac
1560 1346 1822 1395 communis
1843 1346 2166 1410 procuratoris
2189 1346 2534 1410 capellanorum

595 1434 907 1482 choristarum
949 1437 998 1480 et
1035 1433 1303 1481 communia
1340 1433 1671 1497 recipientium
1707 1435 1756 1482 in
1793 1435 1936 1483 choro
1978 1434 2207 1483 ecclesiae
2249 1436 2534 1484 cathedralis

596 1523 931 1571 Brechinensis
969 1551 979 1560 ·
1017 1522 1260 1586 Stephano
1286 1523 1506 1578 Annand,
1532 1539 1624 1571 uno
1642 1522 1922 1571 ballivorum
1942 1523 2164 1572 Civitatis
2188 1523 2534 1580 Brechinensis‚

593 1612 798 1669 ballivo3
834 1612 1039 1661 testibus
1073 1611 1293 1660 discretis
1328 1611 1440 1659 viris
1472 1612 1507 1658 J
1510 1611 1660 1659 acobo
1696 1612 1823 1660 Ross
1849 1591 2071 1660 thanne
2096 1612 2286 1676 Cappar
2322 1613 2534 1661 Roberto

596 1701 817 1751 Wilsoun
851 1702 885 1748 J
889 1701 1074 1749 ohanne
1111 1700 1382 1748 Hatmakar
1414 1699 1674 1748 Malcolmo
1711 1701 1915 1748 Annand
1938 1705 1988 1749 et
2011 1701 2044 1747 J
2049 1701 2232 1749 ohanne
2258 1702 2417 1749 Broun
2452 1716 2535 1748 no-

592 1790 718 1838 tario
741 1789 930 1854 publico
969 1818 979 1827 ·
1018 1789 1228 1838 Patricio
1253 1789 1470 1851 Carnegy
1490 1788 1662 1837 clerico
1677 1789 2046 1837 Sanctiandreae
2067 1790 2176 1836 dioe⁰
2203 1797 2530 1838 sacrosanctae

592 1880 720 1929 sedis
753 1879 1043 1943 apostolicae
1067 1879 1353 1927 auctoritate
1378 1878 1564 1926 notario
1602 1906 1611 1915 ·
1652 1879 1713 1926 19
1736 1879 1770 1925 J
1776 1879 1872 1926 unii
1900 1880 2024 1926 1511
2065 1906 2075 1916 =

605 2115 790 2196 Carta
813 2146 1112 2195 alienationis
1137 2161 1363 2194 concessa
1386 2162 1472 2208 per
1495 2145 1791 2192 antedictum
1818 2144 2076 2192 Henricum
2103 2144 2366 2206 Steynsone
2405 2144 2532 2191 dicto

593 2239 826 2302 Magistro
852 2236 1043 2299 Hugoni
1067 2234 1295 2298 Dowglas
1319 2235 1500 2282 decano
1525 2233 1836 2281 Brechinensi
1860 2248 1973 2281 suae
1998 2232 2149 2295 partis
2171 2232 2375 2295 praefati
2398 2236 2527 2279 tene-

590 2329 807 2384 menti,⁴a
829 2342 922 2389 qua
956 2326 1112 2373 dictus
1135 2340 1318 2372 annuus
1350 2323 1563 2370 redditus
1587 2321 1917 2386 percipiendus
1939 2326 2028 2375 est,
2052 2320 2286 2367 tenendae
2310 2320 2357 2366 in
2381 2319 2529 2366 libero

590 2416 813 2479 burgagio
848 2416 896 2462 in
930 2414 1070 2461 feodo
1095 2417 1144 2460 et
1168 2412 1465 2459 haereditate
1490 2411 1833 2474 imperpetuum
1873 2437 1883 2447 ·
1923 2409 2185 2456 Reddendo
2209 2409 2318 2455 inde
2352 2424 2528 2454 annua-

589 2507 675 2552 tim
713 2504 901 2552 domino
935 2501 1186 2565 temporali
1229 2500 1536 2547 Brechinensi
1572 2499 1737 2561 viginti
1773 2498 1991 2545 denarios
2032 2501 2251 2543 monetae
2287 2495 2477 2542 Scotiae
2515 2523 2525 2531 -

591 2595 723 2641 Data
757 2593 843 2641 sub
878 2590 1031 2654 sigillo
1066 2606 1151 2638 suo
1186 2589 1311 2652 apud
1348 2588 1603 2635 Civitatem
1641 2587 2006 2634 Brechinensem
2044 2584 2228 2631 decimo
2251 2584 2415 2645 quinto
2450 2584 2525 2630 die

592 2681 767 2730 mensis
809 2679 976 2727 Martii
1012 2694 1136 2726 anno
1172 2676 1367 2724 Domini
1391 2675 1643 2723 millesimo
1678 2673 2051 2736 quingentesimo
2087 2672 2333 2718 undecimo
2368 2686 2524 2717 coram

591 2771 666 2818 his
688 2769 891 2818 testibus
917 2767 1117 2815 dominis
1141 2765 1349 2813 Patricio
1375 2764 1521 2827 Boyis
1542 2763 1838 2811 thesaurario
1857 2760 2163 2809 Brechinensi
2185 2760 2340 2806 David
2359 2758 2524 2820 Ogilvy

591 2863 775 2907 rectore
812 2859 870 2905 de
907 2855 1147 2904 Newdosk
1186 2853 1429 2916 Stephano
1451 2851 1674 2900 ’Annand
1710 2866 1804 2897 uno
1837 2848 2115 2896 ballivorum
2153 2847 2375 2895 Civitatis
2411 2847 2526 2895 Bre-

592 2947 829 2996 chinensis
875 2945 1150 2993 Alexandro
1197 2942 1381 2990 Guthre
1429 2940 1623 2986 Andrea
1669 2939 1919 2987 -Jhonsoun
1973 2941 2022 2984 et
2073 2936 2261 2984 domino
2306 2935 2339 2981 J
2344 2935 2525 2982 ohanne

593 3037 856 3085 Jamesoun
881 3033 1126 3097 capellano
1150 3047 1255 3079 cum
1280 3029 1477 3078 diversis
1500 3026 1607 3076 aliis
1644 3055 1654 3064 ·
