3016 3958
1054 627 1487 683 LITERAE
1555 627 2014 682 PAPALES.
2393 628 2500 681 401

558 811 704 850 tamen
730 806 851 863 prius
872 821 899 848 a
919 810 977 857 te,
1004 807 1136 862 juxta
1155 808 1340 850 formam
1361 807 1542 851 inferius
1563 810 1833 858 annotatam,
1857 810 2008 850 nostro
2030 810 2075 849 et
2095 806 2289 849 Romane
2312 805 2506 848 Ecclesie

558 887 746 937 nomine,
778 886 1002 930 fidelitatis
1033 887 1175 930 debite
1208 888 1337 931 solito
1364 888 1630 943 juramento,
1658 887 1706 929 in
1736 887 2005 943 corporalem
2037 886 2355 943 possessionem
2383 885 2507 927 deca-

557 971 688 1010 natus
705 968 956 1023 juriumque
987 971 1032 1010 et
1061 968 1421 1023 pertinentiarum
1452 968 1745 1024 predictorum
1765 967 1974 1009 inducant
1994 966 2256 1009 auctoritate
2278 968 2445 1015 nostra,
2464 969 2508 1006 et

557 1047 792 1090 defendant
820 1047 1043 1090 inductum
1079 1079 1088 1088 .
1120 1079 1129 1090 .
1166 1080 1174 1089 .
1205 1047 1424 1090 Volumus
1454 1051 1602 1090 autem
1630 1047 1759 1103 quod,
1790 1047 2109 1103 quamprimum
2137 1046 2241 1089 dicti
2268 1046 2507 1088 decanatus

556 1128 875 1184 possessionem
896 1127 1030 1169 fueris
1051 1127 1200 1182 vigore
1221 1127 1490 1183 presentium
1506 1126 1730 1183 pacificam
1744 1130 1986 1177 assecutus,
2004 1127 2305 1168 canonicatum
2326 1125 2505 1167 ecclesie

557 1208 881 1252 Aberdonensis
902 1211 947 1250 et
966 1207 1231 1264 prebendam
1261 1207 1314 1249 de
1346 1192 1717 1262 Banchredeuony
1747 1208 1792 1248 in
1814 1208 1979 1257 eadem,
2001 1221 2182 1263 quorum
2206 1207 2374 1249 fructus
2408 1236 2418 1247 .
2451 1239 2461 1247 .
2497 1239 2506 1247 .

556 1289 798 1343 quindecim
820 1289 1030 1331 librarum
1053 1287 1372 1344 Sterlingorum
1404 1287 1611 1329 similium
1643 1287 1878 1328 secundum
1911 1287 2236 1329 extimationem
2267 1286 2505 1342 predictam

558 1369 749 1411 valorem
770 1382 976 1423 annuum,
994 1371 1043 1410 ut
1064 1367 1264 1409 similiter
1284 1366 1461 1417 asseris,
1483 1381 1571 1408 non
1588 1366 1814 1416 excedunt,
1837 1370 1881 1407 et
1897 1380 2006 1421 quos
2026 1366 2142 1408 inter
2157 1369 2302 1408 cetera
2323 1365 2506 1419 obtines,

558 1462 752 1504 quosque
769 1451 927 1490 extunc
946 1461 1099 1489 vacare
1119 1445 1391 1487 decernimus
1413 1445 1603 1494 omnino,
1620 1449 1751 1500 prout
1771 1445 1905 1487 etiam
1926 1444 1981 1486 ad
1997 1444 2040 1486 id
2057 1448 2101 1486 te
2122 1448 2277 1500 sponte
2293 1443 2505 1492 obtulisti,

557 1527 777 1570 dimittere
812 1526 1005 1569 tenearis
1037 1558 1046 1568 .
1079 1525 1284 1568 Formam
1318 1528 1466 1567 autem
1498 1524 1739 1580 juramenti
1773 1523 1971 1580 predicti,
2008 1527 2058 1566 ut
2089 1538 2168 1579 per
2202 1537 2297 1565 eam
2334 1523 2506 1579 plenius

556 1607 816 1658 informeris,
834 1606 1111 1662 presentibus
1132 1606 1266 1648 inseri
1287 1605 1480 1656 fecimus,
1499 1605 1624 1660 cujus
1643 1608 1772 1647 tenor
1790 1604 1843 1646 de
1866 1605 1996 1646 verbo
2018 1603 2073 1646 ad
2090 1605 2270 1646 verbum
2292 1604 2501 1660 sequitur,

555 1692 600 1730 et
620 1691 688 1730 est
707 1687 811 1730 talis
830 1687 995 1743 z-Ego
1011 1686 1242 1729 Walterus
1266 1685 1456 1728 Stewart
1475 1684 1665 1727 decanus
1686 1684 1866 1726 ecclesie
1881 1683 2189 1726 Brechinensis
2206 1684 2261 1726 ab
2278 1684 2359 1726 hac
2380 1685 2502 1733 hora,

558 1769 673 1811 utin
694 1773 839 1818 antea,
859 1767 1001 1809 fidelis
1032 1771 1076 1809 et
1107 1766 1312 1809 obediens
1344 1780 1417 1808 ero
1449 1765 1578 1807 beato
1602 1765 1746 1814 Petro,
1776 1767 2009 1819 sancteque
2036 1763 2289 1820 Apostolice
2310 1763 2506 1806 Romane

560 1849 768 1899 Ecclesie‚
785 1863 835 1890 ac
857 1849 1030 1890 domino
1054 1861 1149 1888 mco
1171 1846 1344 1889 domino
1367 1845 1552 1887 Nicolao
1574 1844 1692 1900 Pape
1708 1843 1765 1886 V.
1788 1847 1834 1886 et
1853 1843 1949 1898 ejus
1966 1844 2287 1886 successoribus
2304 1844 2508 1886 canonice

558 1929 823 1972 intrantibus
842 1942 851 1969 :
883 1943 969 1969 non
991 1941 1065 1969 ero
1086 1927 1129 1968 in
1152 1926 1348 1976 concilio,
1373 1939 1600 1974 consensu,
1621 1927 1828 1973 tractatu,
1853 1923 1922 1964 -vel
1942 1922 2073 1972 facto,
2096 1926 2146 1964 ut
2166 1922 2301 1964 vitam
2322 1923 2508 1978 perdant

560 2014 637 2052 aut
657 2010 910 2058 membrum,
945 2022 1023 2049 seu
1053 2007 1168 2062 quod
1199 2010 1351 2049 contra
1382 2006 1567 2060 alicujus
1598 2019 1747 2047 eorum
1775 2018 2018 2060 personam,
2040 2002 2109 2045 vel
2140 2003 2186 2044 in
2215 2003 2408 2059 ipsorum
2430 2008 2507 2045 aut

561 2090 740 2132 ecclesie
776 2088 971 2144 ejusdem
1013 2088 1103 2129 sive
1148 2086 1273 2129 Sedis
1313 2085 1566 2142 Apostolice
1602 2084 1893 2134 auctoritatis,
1931 2083 2123 2134 honoris,
2166 2083 2504 2139 privilegiorum,

556 2170 735 2224 jurium,
774 2169 843 2210 vel
878 2166 1215 2224 apostoli-corum
1250 2169 1529 2214 statutorum,
1565 2164 1901 2214 ordinationum,
1934 2163 2293 2214 reservationum,
2323 2163 2507 2219 disposi-

562 2250 744 2299 tionum,
780 2263 857 2290 seu
887 2227 1205 2295 mandatorum,
1245 2246 1572 2302 derogationem
1608 2245 1676 2287 vel
1715 2244 2015 2300 prejudicium,
2050 2244 2395 2286 machinationes
2429 2249 2507 2286 aut

562 2329 904 2385 conspirationes
935 2327 1072 2375 fiant;
1103 2331 1148 2369 et
1179 2327 1216 2368 si
1247 2340 1297 2368 ac
1328 2326 1529 2381 quotiens
1560 2325 1736 2380 aliquod
1764 2325 1919 2366 horum
1950 2323 2131 2366 tractari
2162 2324 2343 2373 scivero,
2377 2324 2421 2365 id
2454 2338 2507 2365 ne

562 2411 641 2452 fiat
660 2424 739 2466 pro
759 2422 887 2465 posse
908 2407 1155 2463 impediam,
1179 2410 1224 2448 et
1244 2405 1517 2461 quamtocius
1538 2404 1760 2446 commode
1792 2407 1943 2459 potero
1975 2403 2114 2445 eidem
2144 2403 2317 2445 domino
2340 2407 2504 2453 nostro,

562 2490 631 2532 vel
659 2488 787 2531 alteri
806 2502 885 2544 per
905 2501 1033 2543 quem
1058 2486 1113 2528 ad
1137 2485 1275 2541 ipsius
1303 2484 1502 2527 notitiam
1528 2484 1753 2540 pervenire
1773 2483 1926 2539 possit,
1949 2483 2230 2539 significab03
2263 2483 2504 2533 consilium,

564 2585 679 2620 vero,
703 2569 817 2625 quod
839 2568 945 2609 mihi
964 2580 1044 2623 per
1064 2581 1110 2608 se
1133 2569 1211 2608 aut
1231 2565 1412 2607 nuncios
1435 2578 1511 2607 seu
1532 2563 1704 2606 litteras
1727 2562 1933 2605 credituri
1956 2566 2073 2613 sunt,
2106 2562 2160 2604 ad
2191 2576 2340 2604 eorum
2359 2563 2509 2619 damp-

561 2665 679 2699 num,
709 2663 778 2691 me
811 2648 986 2694 sciente,
1020 2646 1180 2688 nemini
1215 2644 1433 2701 pandam;
1471 2644 1527 2686 ad
1562 2643 1839 2685 retinendum
1870 2648 1914 2684 et
1943 2642 2259 2684 defendendum
2293 2642 2508 2699 Papatum

566 2730 809 2772 Romanum
845 2731 891 2769 et
922 2725 1089 2782 regalia
1127 2724 1275 2767 Sancti
1314 2723 1434 2766 Petri
1470 2727 1623 2765 contra
1653 2737 1824 2764 omnem
1854 2722 2073 2764 hominem
2107 2721 2283 2777 adjutor
2312 2722 2375 2764 eis
2406 2736 2479 2764 ero
2497 2738 2508 2771 3

562 2809 880 2857 auctoritatem,
904 2807 1125 2853 honorem,
1147 2804 1377 2861 privilegia
1406 2807 1451 2846 et
1475 2804 1590 2858 jura,
1613 2806 1825 2858 quantum
1848 2802 1894 2843 in
1914 2815 1983 2843 me
2013 2801 2158 2852 fuerit,
2180 2800 2327 2857 potius
2348 2815 2509 2857 augere

562 2894 607 2932 et
636 2901 904 2945 promovere,
938 2888 1121 2935 statuta,
1152 2884 1462 2934 ordinationes,
1499 2882 1832 2932 reservationes,
1870 2881 2192 2937 dispositiones,
2227 2885 2271 2923 et
2306 2882 2511 2924 mandata

564 2968 811 3025 hujusmodi
834 2967 1078 3015 observare,
1110 2967 1156 3006 et
1185 2964 1248 3007 eis
1269 2963 1493 3006 intendere
1515 2963 1674 3006 curabo
1692 2977 1704 3012 ;
1735 2961 1904 3017 legatos
1928 2961 2042 3004 sedis
2063 2961 2256 3016 ejusdem
2277 2961 2512 3003 honorifice

563 3050 775 3097 tractabo,
808 3051 852 3090 et
882 3047 929 3087 in
961 3046 1051 3088 suis
1082 3043 1416 3087 necessitatibus
1446 3043 1689 3098 adjuvab03
1725 3042 1940 3083 hereticos
1970 3055 2020 3083 ac
2051 3041 2334 3091 scismaticos,
2364 3045 2414 3083 ut
2437 3041 2511 3096 qui

561 3130 691 3173 alicui
717 3142 769 3170 ex
795 3126 981 3169 Domino
1003 3128 1154 3167 nostro
1177 3122 1584 3177 successoribusque
1606 3120 1810 3177 predictis
1830 3120 2015 3162 rebelles
2034 3120 2211 3170 fuerint,
2237 3134 2316 3176 pro
2347 3121 2510 3163 viribus

562 3221 802 3266 persequar
822 3210 866 3249 et
885 3205 1148 3261 impugnabo
1183 3234 1194 3246 .
1228 3204 1297 3245 Sic
1328 3217 1396 3244 me
1424 3201 1545 3244 Deus
1575 3201 1768 3256 adjuvet,
1800 3204 1844 3242 et
1873 3201 1952 3242 hec
1986 3199 2147 3242 Sancta
2167 3199 2250 3241 Dei
2271 3199 2512 3256 Evangelia

568 3322 577 3332 .
614 3321 622 3330 .
656 3319 667 3330 .
699 3287 862 3330 Datum
894 3285 1044 3335 Rome,
1078 3283 1192 3340 apud
1218 3283 1425 3325 Sanctum
1447 3281 1641 3330 Petrum,
1672 3295 1787 3323 anno
1818 3280 2130 3323 incarnationis
2161 3279 2386 3322 Dominice
2417 3280 2512 3321 mil-

567 3368 718 3411 lesimo
740 3365 1167 3422 quadringentesimo
1189 3362 1546 3419 quinquagesimo
1568 3365 1738 3418 quarto,
1769 3362 1899 3404 tertio
1931 3360 2096 3403 decimo
2128 3359 2354 3402 Kalendas
2386 3359 2507 3410 Maii,

569 3446 853 3491 Pontificatus
874 3443 1014 3487 nostri
1035 3457 1148 3486 anno
1171 3446 1324 3485 octavo
1362 3475 1369 3483 .
1511 3499 1537 3540 3

1568 3514 1587 3539 6
