3016 3958
456 651 569 704 210
658 674 661 676 ·
1002 650 1295 705 OARTAE
1340 651 1842 708 ORIGINALES.

458 839 588 903 prius
625 839 811 888 debitas
849 843 898 887 et
937 845 1189 889 consuetas
1227 840 1431 888 acetiam
1468 857 1698 889 summam
1739 842 2052 905 quadraginta
2101 844 2396 892 denariorum

458 929 505 975 in
543 944 746 976 annuam
785 932 1218 991 augmentationem
1257 929 1408 977 nostri
1449 929 1646 978 tentalis
1687 931 1747 978 ad
1787 930 1998 993 prefatos
2033 932 2151 980 duos
2172 934 2401 983 terminos

512 1045 522 1055 ·
562 1046 572 1056 ·
609 1018 796 1066 nomine
835 1017 1094 1065 feodifirme
1133 1034 1315 1066 necnon
1354 1018 1554 1067 heredes
1591 1019 1842 1083 prescripti
1878 1019 1994 1068 dicti
2029 1020 2201 1070 nobilis
2225 1023 2400 1069 domini

463 1106 749 1171 duplicando
774 1107 951 1154 dictam
975 1107 1284 1155 feodifirmam
1311 1108 1681 1170 prescriptarum
1707 1112 1939 1156 terrarum
1965 1110 2219 1157 reseruatis
2241 1115 2402 1158 tamen

462 1196 603 1244 dictis
639 1195 890 1244 heredibus
925 1196 1071 1244 firmis
1114 1201 1162 1243 et
1204 1195 1410 1244 deuoriis
1446 1196 1678 1244 dictarum
1714 1201 1946 1245 terrarum
1983 1198 2042 1245 de
2079 1198 2318 1248 Farnwell
2353 1201 2400 1247 in
2458 1197 2460 1199 ’

460 1286 600 1333 feodo
625 1284 849 1334 balliatus
876 1288 922 1332 vt
947 1284 1226 1348 premissum
1263 1289 1337 1334 est
1370 1284 1626 1347 assignatis
1650 1285 1840 1333 minime
1865 1286 2163 1350 duplicandis
2185 1303 2273 1335 nec
2297 1305 2400 1352 per-

462 1373 703 1422 soluendis
737 1374 888 1436 primo
924 1389 1049 1422 anno
1085 1390 1245 1422 eorum
1281 1371 1505 1422 introitus
1529 1378 1669 1437 prout
1694 1390 1805 1423 vsus
1831 1378 1904 1423 est
1927 1375 2187 1423 feodifirme
2211 1381 2399 1426 tantum

461 1479 546 1525 pro
582 1462 708 1510 omni
743 1461 838 1510 alio
874 1478 1015 1510 onere
1054 1490 1065 1500 ·
1104 1490 1114 1501 ·
1154 1490 1164 1500 ·
1201 1461 1403 1511 seculari
1443 1489 1456 1501 ·
1495 1491 1505 1501 ·
1545 1491 1555 1500 ·
1594 1463 1659 1512 Et
1695 1479 1782 1512 nos
1811 1480 1922 1512 vero
1961 1493 1971 1502 ·
2010 1492 2020 1502 ·
2060 1492 2069 1502 ·
2106 1469 2236 1514 totas
2258 1471 2308 1514 et
2333 1467 2427 1514 ins

459 1556 618 1614 tegras
641 1551 851 1615 prefatas
874 1555 1027 1600 terras
1050 1555 1239 1600 nostras
1262 1551 1570 1600 dominicales
1605 1552 1663 1599 de
1700 1551 1940 1600 Farnwell
1964 1568 2070 1600 cum
2109 1581 2120 1591 ·
2160 1582 2170 1592 ·
2208 1581 2221 1593 ·
2256 1556 2402 1618 perti-

461 1640 635 1688 nentiis
659 1655 856 1687 vnacum
883 1639 1024 1688 dictis
1048 1641 1172 1689 acris
1196 1642 1322 1705 apud
1348 1640 1597 1690 ecclesiam
1622 1642 1681 1702 de
1702 1640 1940 1690 Farnwell
1964 1645 2095 1690 totas
2119 1646 2168 1690 et
2193 1643 2401 1706 integras

461 1729 674 1792 prefatas
696 1732 851 1776 terras
887 1732 1075 1777 nostras
1114 1733 1163 1777 et
1201 1729 1358 1777 villam
1401 1730 1460 1777 de
1497 1729 1770 1779 Crofthedis
1808 1758 1819 1768 ·
1857 1757 1868 1769 ·
1906 1758 1918 1770 ·
1953 1735 2083 1780 totas
2117 1736 2168 1779 et
2194 1732 2401 1794 integras

460 1817 672 1879 prefatas
694 1821 848 1865 terras
872 1802 1060 1866 nostras
1095 1818 1154 1866 de
1191 1819 1451 1882 Marytoun
1475 1834 1581 1866 cum
1606 1819 1730 1867 acris
1764 1806 2019 1867 earundem
2053 1824 2103 1868 et
2138 1819 2399 1868 salmonum

461 1905 665 1968 piscaria
689 1905 918 1969 predictis
940 1909 1071 1954 totas
1095 1910 1144 1954 et
1169 1906 1378 1969 integras
1401 1907 1614 1970 prefatas
1635 1911 1791 1957 terras
1813 1912 2003 1956 nostras
2026 1909 2085 1956 de
2116 1909 2406 1961 Esauxtoun-

514 2022 524 2032 ·
563 2022 573 2032 ·
609 2010 790 2042 necnon
827 1994 1064 2056 prefatum
1100 1994 1304 2042 officium
1341 1994 1565 2044 balliatus
1604 2024 1614 2034 ·
1654 2025 1664 2034 ·
1703 2024 1714 2034 ·
1750 1997 2190 2046 warrantizabimus
2212 1999 2401 2062 acquie-

461 2084 667 2132 tabimus
691 2088 740 2131 et
764 2083 1112 2147 imperpetuum
1139 2084 1446 2132 defendemus
1481 2085 1685 2148 Insuper
1707 2085 1920 2134 volumus
1943 2090 1993 2134 et
2019 2087 2320 2135 concedimus
2343 2103 2400 2135 ac

463 2190 547 2236 pro
571 2173 706 2221 nobis
741 2176 790 2220 et
825 2173 1001 2221 nostris
1025 2173 1376 2222 successoribus
1405 2174 1701 2222 decernimus
1735 2178 1784 2222 et
1820 2175 2090 2223 ordinamus
2114 2177 2238 2239 quod
2263 2176 2400 2224 vnica

462 2262 620 2311 sasina
642 2277 767 2309 nunc
790 2277 875 2324 per
897 2261 1134 2324 prefatum
1158 2261 1363 2309 nobilem
1400 2262 1639 2310 dominum
1678 2278 1736 2310 ac
1773 2279 1858 2326 per
1895 2278 2005 2311 suos
2041 2264 2239 2313 heredes
2278 2281 2399 2312 mas-

446 2351 592 2411 ,culos
627 2355 675 2399 et
710 2350 974 2413 assignatos
1008 2350 1296 2414 prescriptos
1320 2351 1688 2414 omnitempore
1712 2351 1915 2399 affuturo
1950 2353 2075 2415 apud
2110 2353 2395 2401 fortalicium

463 2442 520 2488 de
559 2439 798 2488 Farnwell
834 2440 1065 2487 sumenda
1104 2439 1253 2488 stabit
1291 2443 1340 2487 et
1378 2440 1615 2488 sufficiens
1653 2439 1745 2488 erit
1780 2440 1940 2488 sasina
1974 2457 2060 2504 pro
2095 2440 2312 2490 omnib'us
2347 2447 2395 2489 et
2421 2465 2431 2470 -

463 2528 657 2591 singulis
692 2527 832 2576 terris
870 2527 1135 2590 respectiue
1174 2528 1450 2592 prescriptis
1489 2544 1595 2576 cum
1629 2533 1760 2577 turre
1794 2529 2032 2577 fortalicio
2068 2531 2275 2579 maner-ie
2299 2547 2398 2579 mo·-

462 2618 652 2666 lendino
676 2617 892 2681 piscariis
925 2616 989 2664 lie
1023 2617 1250 2665 outsettis
1272 2617 1487 2680 partibus
1522 2617 1786 2680 pendiculis
1819 2622 1869 2665 et
1905 2618 2207 2681 pertinentiis
2230 2632 2398 2667 earun-

465 2709 570 2755 dem
610 2706 872 2770 respectiue
910 2721 968 2753 ac
1006 2721 1090 2769 pro
1129 2706 1257 2753 dicto
1295 2705 1521 2754 balliatus
1563 2706 1716 2753 officio
1755 2721 1863 2754 cum
1903 2707 2055 2755 feodis
2094 2706 2396 2756 libertatibus

403 2831 409 2836 -
467 2800 516 2844 et
539 2794 796 2859 priuilegiis
820 2795 1029 2843 eiusdem
1068 2794 1246 2857 absque
1283 2793 1378 2842 vlla
1413 2793 1509 2841 alia
1531 2794 1728 2857 speciali
1752 2810 1836 2843 seu
1859 2795 2135 2858 particulari
2161 2796 2320 2845 sasina
2343 2798 2401 2843 de

469 2884 644 2932 eisdem
670 2884 794 2946 apud
819 2882 958 2930 vllam
984 2882 1124 2930 aliam
1149 2886 1332 2946 partem
1357 2883 1588 2946 capienda
1610 2899 1704 2930 non
1728 2883 1949 2931 obstante
1979 2885 2103 2947 quod
2127 2900 2221 2931 non
2245 2885 2406 2959 iacent

469 2971 658 3020 insimul
706 2971 922 3032 contigue
959 2987 1099 3034 super
1133 2987 1225 3034 quo
1260 2987 1344 3034 per
1377 2975 1623 3034 presentes
1656 2972 1984 3035 dispensamus
2019 2972 2230 3035 Ideoque
2271 2974 2405 3022 vobis

474 3061 690 3109 Roberto
715 3060 922 3107 Stewart
1057 3058 1244 3107 balliuis
1267 3054 1441 3108 nostris
1463 3059 1525 3106 'in
1558 3059 1648 3106 hac
1672 3063 1808 3122 parte
1846 3087 1856 3098 ·
1894 3086 1905 3098 ο
1945 3087 1955 3098 -
1991 3061 2268 3110 mandamus
2291 3077 2406 3125 qua-

472 3155 611 3198 tenus
651 3148 759 3196 visis
793 3147 1092 3211 presentibus
1116 3147 1314 3195 indilate
1337 3150 1515 3196 statum
1539 3146 1745 3195 sasinam
1780 3147 2115 3196 hereditariam
2154 3175 2165 3186 ·
2204 3176 2214 3186 ·
2252 3175 2264 3188 ·
2299 3166 2405 3212 pre-

470 3240 677 3287 fatarum
715 3241 948 3285 terrarum
980 3240 1249 3284 nostrarum
1287 3263 1299 3273 ·
1337 3263 1348 3274 ·
1387 3263 1398 3273 -
1434 3250 1617 3283 necnon
1655 3235 1828 3299 prefati
1865 3236 2006 3284 officii
2031 3236 2253 3286 balliatus
2290 3266 2299 3275 -
2339 3267 2349 3276 -

471 3326 705 3390 prelibato
753 3323 1044 3372 Archibaldo
1094 3324 1299 3387 Ergadie
1347 3323 1510 3373 comiti
1553 3351 1564 3362 ·
1606 3350 1617 3362 ·
1656 3351 1669 3362 ·
1715 3323 1791 3372 vel
1836 3340 1923 3373 suo
1962 3314 2103 3375 ’certo
2147 3330 2400 3376 actornato
