3016 3958
232 922 525 973 CXXXIX.

369 1737 519 1785 CXL.

1100 649 1394 706 OARTAE
1439 650 1942 707 ORIGINALES.
2398 655 2508 709 213

542 894 748 978 >Carta
783 930 1073 978 feodifirmae
1116 947 1341 980 concessa
1381 948 1466 995 per
1508 934 1709 980 eundem
1754 933 2081 981 Alexandrum
2126 934 2494 983 Brechinensem

551 1020 822 1084 episcopum
846 1020 881 1066 J
885 1021 1025 1068 oanni
1054 1022 1169 1070 Low
1188 1021 1279 1069 civi
1300 1022 1522 1070 Civitatis
1544 1022 1881 1096 Brechinensis
1906 1027 1955 1070 et
1984 1022 2257 1070 Elizabetht
2285 1023 2496 1070 Donald-

548 1126 666 1158 soun
695 1111 797 1172 ejus
821 1126 1022 1174 sponsae
1062 1127 1316 1175 corumque
1340 1111 1481 1160 alteri
1507 1111 1684 1160 diutius
1708 1111 1885 1160 viventi
1922 1112 1970 1158 in
2008 1111 2264 1173 conjuncta
2287 1111 2496 1160 infeoda-

547 1200 677 1248 tione
725 1204 776 1248 et
821 1200 1103 1248 haeredibus
1150 1200 1275 1249 inter
1320 1201 1448 1264 ipsos
1479 1200 1704 1267 'legitime
1746 1201 2009 1263 procreatis
2056 1217 2139 1249 seu
2189 1201 2493 1264 procreandis

545 1294 707 1337 vastae
731 1290 890 1353 petiae
915 1293 1071 1337 terrae
1095 1289 1444 1353 suprascriptae
1468 1289 1554 1338 sub
1587 1288 1753 1351 sigillis
1789 1294 1838 1337 et
1874 1289 2298 1353 subscriptionibus
2332 1306 2492 1337 manu-

544 1377 698 1428 alibus
721 1378 888 1427 iisdem
915 1378 1085 1442 quibus
1121 1394 1264 1442 supra
1287 1378 1412 1441 apud
1452 1405 1461 1415 ·
1501 1405 1512 1416 ·
1553 1406 1562 1415 ·
1910 1379 2037 1427 1569
2078 1407 2087 1416 ·

556 1697 741 1780 Carta
785 1734 1075 1783 feodifirmae
1118 1752 1343 1787 concessa
1384 1755 1469 1803 per
1511 1739 1678 1788 Dauid
1721 1738 2173 1787 commendatarium
2210 1741 2487 1801 perpetuum

544 1823 820 1872 monasterii
870 1825 928 1872 de
979 1825 1256 1889 Drybrucht
1305 1844 1489 1888 necnon
1537 1828 1767 1877 ecclesiae
1820 1826 2108 1876 cathedralis
2157 1827 2489 1875 Brechinensis

544 1913 928 1962 archidiaconum
976 1932 1063 1979 pro
1105 1918 1406 1980 reparatione
1439 1934 1589 1967 novae
1626 1917 1884 1967 mansionis
1919 1932 2033 1965 suae
2071 1921 2120 1964 et
2162 1932 2246 1979 pro
2288 1917 2488 1979 quadam

545 2007 678 2051 certa
723 2004 953 2067 pecuniae
1000 2021 1185 2054 summa
1219 2007 1309 2056 sibi
1346 2007 1610 2056 deliberata
1644 2023 1702 2056 ac
1738 2024 1845 2056 cum
1881 2006 2120 2071 expressis
2163 2010 2391 2054 consensu
2440 2010 2488 2053 et

544 2109 740 2142 assensu
777 2093 1046 2142 Alexandri
1090 2097 1426 2149 Brechinensis
1461 2098 1671 2161 episcopi
1707 2113 1892 2145 necnon
1940 2096 2107 2144 decani
2155 2095 2487 2143 canonicorum

543 2186 591 2230 et
617 2183 814 2247 capituli
839 2184 1050 2246 ejusdem
1087 2185 1312 2248 magistro
1349 2187 1559 2234 Thomae
1597 2186 1810 2250 Ramsay
1834 2185 2155 2234 commissario
2182 2185 2488 2233 Brechinensi

543 2277 592 2320 et
631 2273 807 2336 Agneti
834 2274 1015 2321 Gardin
1040 2275 1142 2336 ejus
1177 2291 1377 2339 sponsae
1415 2292 1669 2340 eorumque
1694 2275 1833 2323 alteri
1859 2275 2036 2323 diutius
2059 2274 2236 2322 viventi
2272 2274 2319 2321 in
2355 2274 2487 2322 vitali

543 2364 733 2411 redditu
781 2364 951 2428 quibus
999 2364 1328 2414 deficientibus
1372 2365 1559 2413 Jacobo
1599 2356 1809 2428 Ramsay
1846 2380 2005 2412 eorum
2042 2363 2136 2410 filio
2178 2364 2487 2426 primogenito

540 2453 916 2517 haeredibusque
941 2453 1038 2502 suis
1062 2454 1321 2503 mansionis
1345 2470 1450 2502 cum
1478 2455 1695 2502 domibus
1718 2454 1947 2502 aedificiis
1970 2453 2122 2501 hortis
2147 2457 2196 2501 et
2222 2453 2318 2501 suis
2343 2454 2488 2516 perti-

539 2543 714 2592 nentiis
748 2544 809 2590 ad
846 2547 1098 2607 patronum
1137 2543 1253 2592 dicti
1289 2544 1705 2592 archidiaconatus
1741 2543 2004 2607 spectantis
2034 2542 2240 2604 jacentis
2265 2558 2326 2589 ex
2351 2546 2486 2605 parte

539 2631 824 2680 occidentali
850 2632 1007 2680 dictae
1045 2633 1269 2681 Civitatis
1305 2633 1643 2682 Brechinensis
1679 2633 1803 2680 inter
1841 2632 2131 2680 mansionem
2167 2631 2488 2695 praecentoris

538 2725 599 2771 ad
657 2723 879 2770 occidens
925 2723 1216 2770 mansionem
1263 2723 1523 2771 subdecani
1571 2724 1631 2770 ad
1680 2722 1836 2770 oriens
1883 2720 2206 2769 coemiterium
2261 2719 2486 2768 ecclesiae

541 2813 876 2862 Brechinensis
900 2813 960 2860 ad
985 2795 1199 2861 austrum
1225 2816 1274 2861 et
1299 2828 1599 2860 communem
1624 2811 1749 2859 viam
1774 2810 1950 2873 regiam
1975 2810 2036 2857 ad
2061 2809 2250 2857 boream
2273 2825 2285 2865 ;
2323 2814 2487 2856 tenen-

540 2905 629 2951 dae
655 2904 702 2950 in
728 2902 1009 2966 emphiteosi
1035 2905 1084 2950 et
1108 2901 1406 2950 haereditate
1431 2902 1777 2965 imperpetuum
1818 2927 1827 2937 ·
1867 2899 2129 2946 Reddendo
2157 2898 2485 2946 Brechinensi-

540 2995 627 3042 bus
662 2993 1009 3041 archidiaconis
1044 3008 1276 3040 summam
1302 2992 1464 3039 decem
1501 2990 1760 3039 solidorum
1785 2992 2004 3036 monetae
2035 2987 2225 3034 Scotiae
2261 2992 2483 3049 tanquam

539 3066 718 3132 firmam
744 3083 989 3147 antiquam
1013 3081 1131 3130 solvi
1155 3081 1343 3130 solitam
1380 3090 1563 3128 necnon
1599 3093 1827 3128 summam
1854 3076 2165 3139 quadraginta
2190 3075 2483 3126 denariorum

541 3174 749 3236 ejusdem
771 3176 989 3220 monetae
1013 3171 1061 3218 in
1080 3169 1513 3234 augmentationem
1534 3166 1730 3215 rentalis
1750 3166 1865 3212 dicti
1884 3164 2202 3212 archidiaconi
2241 3191 2250 3201 ·
2290 3164 2481 3211 Necnon

541 3262 656 3310 dicti
681 3261 906 3324 magister
931 3261 1138 3308 Thomas
1160 3259 1324 3322 Agnes
1349 3259 1450 3320 ejus
1474 3272 1647 3322 sponsa
1682 3259 1730 3303 et
1770 3254 1926 3302 dictus
1949 3254 1982 3300 J
1985 3253 2160 3301 acobus
2183 3253 2348 3314 suique
2372 3253 2480 3299 hae-

542 3354 680 3401 redes
707 3352 884 3401 dictam
923 3350 1214 3399 mansionem
1252 3349 1418 3396 hortos
1452 3363 1555 3395 cum
1595 3336 1895 3408 pertinentiis
1937 3341 2223 3391 sufficienter
2256 3340 2304 3387 in
2339 3340 2482 3388 muris
