3016 3958
191 2667 486 2710 OCLXXXI.

1009 562 1329 620 CARTAE
1369 563 1997 620 MISOELLANEAE.
2365 563 2475 620 323

529 738 742 796 Carnegie
764 738 792 782 J
795 755 934 784 oanne
957 742 1122 799 Scharp
1148 743 1312 787 Jacobo
1335 744 1562 801 Chapman
1584 744 1753 787 ciuibus
1774 744 2143 786 Brechinensibus
2165 747 2210 787 et
2230 744 2479 787 Alexandro

525 818 656 862 Watt
685 834 782 862 cum
813 822 1000 865 diuersis
1030 823 1129 866 aliis
1160 855 1170 866 .
1204 823 1499 880 Quasquidem
1529 825 1638 867 duas
1669 828 1814 867 cartas
1847 857 1855 866 .
1890 857 1900 866 .
1933 855 1943 866 .
1974 839 2053 880 pro
2084 828 2294 880 perpetuo
2325 825 2479 867 confir-

524 915 695 943 mamus
738 901 884 945 Saluis
922 904 1048 946 nobis
1086 934 1096 945 .
1138 937 1146 945 .
1186 935 1196 946 .
1231 905 1490 948 deuotarum
1530 905 1776 948 orationum
1817 909 1862 948 et
1900 919 2077 962 precum
2124 905 2346 961 suffragiis
2380 936 2389 947 .
2423 938 2432 947 .
2468 937 2477 946 .

521 982 679 1024 debitis
715 986 761 1025 et
794 984 1015 1027 consuetis
1047 1017 1056 1027 .
1090 985 1278 1042 Insuper
1312 986 1512 1029 volumus
1544 1018 1554 1028 .
1589 1016 1599 1027 .
1636 1019 1643 1027 .
1673 986 1790 1042 quod
1820 987 1900 1029 hec
1931 1018 1939 1028 .
1976 1017 1986 1028 .
2018 1018 2028 1029 .
2061 986 2331 1029 confirmatio
2364 986 2477 1028 tanti

521 1063 606 1104 erit
635 1063 805 1105 roboris
835 1094 845 1106 .
880 1094 890 1104 .
924 1095 933 1106 .
965 1078 1016 1106 ac
1052 1065 1089 1107 si
1125 1065 1276 1107 eadem
1305 1066 1420 1108 dicto
1451 1065 1554 1109 olim
1586 1065 1730 1109 Dauid
1763 1067 1854 1109 suis
1887 1066 2118 1109 heredibus
2151 1070 2196 1109 et
2228 1067 2469 1123 assignatis

520 1146 622 1184 ante
654 1142 748 1185 eius
777 1145 963 1186 mortem
992 1143 1063 1186 vel
1094 1148 1196 1187 ante
1227 1159 1375 1187 eorum
1403 1146 1547 1188 sasine
1569 1147 1889 1202 susceptionem
1921 1179 1931 1189 .
1968 1179 1977 1188 .
2010 1179 2019 1189 .
2051 1147 2156 1189 data
2187 1179 2197 1190 .
2229 1179 2240 1190 .
2273 1179 2282 1190 .
2314 1147 2473 1190 fuisset

519 1236 607 1264 non
628 1223 905 1266 obstantibus
925 1227 1065 1266 morte
1087 1225 1181 1267 eius
1202 1224 1520 1269 interueniente
1542 1229 1587 1268 et
1608 1226 1767 1268 sasinis
1798 1241 1876 1282 per
1906 1241 1981 1269 eos
2012 1228 2228 1283 susceptis
2249 1230 2351 1270 ante
2374 1242 2475 1270 con-

519 1302 757 1345 cessionem
797 1304 1067 1359 presentium
1102 1335 1113 1347 .
1150 1335 1162 1347 .
1200 1337 1210 1346 .
1251 1305 1305 1346 In
1345 1305 1467 1347 cuius
1506 1305 1572 1347 rei
1611 1306 1911 1348 testimonium
1951 1307 2051 1349 huic
2086 1339 2096 1350 .
2134 1336 2145 1350 .
2179 1340 2188 1349 .
2225 1312 2343 1349 carte
2379 1340 2387 1348 .
2418 1339 2428 1349 .
2469 1339 2473 1350 .

516 1397 723 1439 magnum
750 1384 942 1440 sigillum
973 1388 1172 1427 nostrum
1198 1386 1358 1440 apponi
1384 1386 1657 1441 precepimus
1683 1386 1889 1428 Testibus
1913 1386 2161 1442 predilectis
2186 1387 2350 1429 nostris
2371 1402 2471 1430 con-

517 1462 768 1519 sanguineis
790 1467 835 1505 et
855 1463 1114 1506 consiliariis
1133 1464 1267 1506 Esmo
1299 1464 1516 1506 Lennocie
1547 1465 1654 1507 duce
1685 1465 1841 1507 comite
1872 1465 1925 1507 de
1957 1464 2136 1507 Dernlie
2167 1467 2339 1508 domino
2362 1467 2469 1508 Tar-

515 1542 695 1584 boltoun
746 1542 956 1585 Dalkeith
997 1546 1042 1585 et
1091 1544 1297 1600 Aubigny
1338 1547 1417 1587 etc.
1462 1559 1622 1600 magno
1663 1545 1787 1601 regni
1828 1545 1968 1587 nostri
2009 1546 2262 1597 camerario,
2315 1546 2467 1589 Colino

514 1622 707 1679 Argadie
727 1623 885 1665 comite
906 1623 1080 1665 domino
1104 1623 1330 1680 Campbell
1346 1619 1390 1667 et
1411 1624 1554 1668 Lorne
1576 1628 1656 1667 etc.
1689 1625 1948 1667 cancellario
1970 1639 2021 1667 ac
2046 1625 2290 1680 justiciario
2311 1630 2460 1668 nostro

514 1702 722 1758 generali,
761 1702 1140 1746 Reuerendissimo
1176 1719 1227 1746 ac
1267 1704 1503 1747 venerabili
1538 1706 1584 1747 in
1622 1705 1797 1748 Christo
1832 1706 2030 1761 patribus
2067 1705 2255 1747 Patricio
2295 1705 2464 1748 Sancti-

514 1783 674 1825 andree
702 1783 1041 1840 archiepiscopo,
1063 1785 1256 1827 Roberto
1287 1786 1653 1828 commendatario
1681 1786 1935 1828 monasterii
1956 1786 2094 1828 nostri
2123 1786 2174 1827 de
2207 1785 2464 1828 Dunferme-

514 1863 607 1920 ling
626 1868 777 1906 nostro
804 1865 1052 1914 secretario,
1074 1864 1244 1908 dilectis
1265 1867 1429 1908 nostris
1446 1865 1732 1908 familiaribus
1749 1870 1794 1908 et
1810 1865 2069 1908 consiliariis
2090 1866 2339 1907 Alexandro
2363 1866 2464 1922 Hay

513 1947 762 1986 nostrorum
790 1944 1032 1987 rotulorum
1063 1946 1239 2001 registri
1268 1960 1318 1987 ac
1347 1945 1516 1987 consilii
1545 1945 1715 1995 clerico,
1737 1945 1956 1987 Lodouico
1979 1945 2215 1987 Bellenden
2238 1946 2290 1987 de
2314 1946 2465 1987 Auch-

513 2023 635 2065 noull
655 2023 792 2066 milite
814 2028 962 2067 nostre
978 2025 1223 2080 justiciarie
1244 2024 1414 2075 clerico,
1435 2025 1627 2068 Roberto
1650 2025 1774 2068 Scott
1788 2028 1937 2067 nostre
1958 2025 2214 2067 cancellarie
2230 2025 2457 2076 directore,

513 2109 558 2147 et
586 2105 803 2162 Magistro
825 2106 994 2149 Thoma
1015 2106 1345 2162 Buquhannane
1365 2107 1418 2148 de
1440 2106 1585 2148 Ybert
1614 2106 1753 2148 nostri
1775 2106 1931 2147 secreti
1953 2105 2088 2162 sigilli
2110 2105 2303 2154 custode,
2326 2106 2455 2161 Apud

511 2189 705 2228 castrum
739 2186 793 2228 de
832 2186 1062 2242 Striuiling
1091 2186 1257 2228 decimo
1282 2186 1352 2228 die
1382 2186 1546 2229 mensis
1578 2186 1843 2228 Nouembris
1874 2199 1988 2227 anno
2018 2184 2194 2227 Domini
2228 2184 2457 2227 millesimo

510 2267 860 2323 quingentesimo
883 2266 1206 2323 septuagesimo
1228 2270 1383 2309 octauo
1406 2270 1451 2310 et
1471 2267 1595 2322 regni
1616 2266 1754 2308 nostri
1781 2280 1895 2307 anno
1916 2264 2167 2307 duodecimo
2200 2297 2207 2307 .

510 2509 660 2552 Litera
680 2509 1021 2551 confirmationis
1043 2508 1072 2550 J
1074 2509 1197 2550 acobi
1219 2508 1460 2550 Nicolsoun
1484 2508 1622 2550 scribe
1655 2540 1663 2548 .

508 2658 711 2713 Jacobus
736 2669 819 2711 Dei
847 2669 991 2726 gratia
1014 2683 1093 2710 rex
1117 2668 1343 2711 Scotorum
1367 2667 1577 2709 Omnibus
1613 2698 1620 2707 .
1654 2699 1663 2708 .
1696 2698 1705 2707 .
1739 2665 1924 2707 salutem
1948 2665 2105 2707 Sciatis
2134 2678 2213 2706 nos
2234 2665 2451 2720 quandam

506 2752 679 2794 literam
705 2749 929 2806 pensionis
959 2763 1038 2805 per
1068 2749 1335 2804 Magistrum
1365 2747 1551 2789 Paulum
1579 2746 1740 2788 Fraser
1770 2748 2068 2800 precentorem
2096 2744 2275 2786 ecclesie
2306 2746 2454 2786 cathe-

505 2831 640 2873 dralis
677 2829 983 2872 Brechinensis
1020 2843 1118 2870 cum
1154 2829 1425 2870 auisamento
1456 2830 1502 2869 et
1531 2839 1746 2868 consensu
1782 2825 1972 2880 episcopi
2007 2824 2158 2866 decani
2193 2827 2237 2865 et
2273 2824 2452 2879 capituli

505 2911 698 2953 eiusdem
719 2910 879 2952 factam
907 2909 1065 2951 dilecto
1086 2911 1237 2950 nostro
1265 2907 1293 2949 J
1297 2907 1430 2949 acobo
1460 2906 1702 2948 Nicolsoun
1724 2905 1862 2947 scribe
1891 2904 2099 2960 burgensi
2119 2904 2172 2945 de
2194 2903 2450 2961 Edinburgh

550 3025 559 3034 .
595 3022 604 3032 .
635 2991 691 3033 ad
726 2990 902 3046 plenum
933 2988 1201 3031 intellexisse
1239 2988 1318 3029 sub
1350 2988 1430 3028 hac
1465 2986 1606 3027 forma
1637 3017 1646 3027 .
1679 2985 1741 3026 Be
1772 2985 1808 3026 it
1837 2984 1951 3025 kend
1982 2988 2027 3026 to
2058 2983 2118 3025 all
2148 2998 2247 3025 men
2278 2985 2330 3026 be
2362 2985 2451 3026 thir

504 3074 683 3126 present
711 3070 865 3113 lettres
896 3083 964 3111 me
998 3068 1184 3110 Maister
1214 3067 1349 3108 Paule
1381 3066 1541 3108 Fraser
1570 3066 1808 3107 chantoure
1840 3064 1888 3105 of
1915 3063 2103 3105 Brechin
2134 3064 2239 3106 with
2271 3064 2447 3119 speciall

505 3150 654 3192 aduise
688 3149 775 3192 and
813 3151 994 3191 consent
1032 3147 1081 3190 of
1115 3162 1196 3189 ane
1233 3146 1445 3188 reuerend
1480 3145 1624 3188 father
1659 3145 1702 3185 in
1745 3143 1838 3186 G-od
1879 3143 2128 3184 Alexander
2163 3144 2367 3199 bischope
2404 3145 2452 3185 of

506 3230 693 3271 Brechin
712 3229 787 3270 the
809 3229 946 3270 deane
967 3227 1053 3269 and
1085 3228 1295 3282 cheptcur
1315 3226 1363 3268 of
1389 3226 1462 3267 the
1485 3223 1751 3266 cathederall
1771 3223 1870 3264 kirk
1891 3222 2056 3265 thairof
2081 3223 2150 3265 for
2177 3223 2324 3265 diuers
2361 3225 2445 3265 and

506 3310 691 3352 sinderie
722 3309 957 3364 gratitudis
983 3308 1068 3350 ancl
1096 3307 1349 3363 pleissouris
1380 3306 1491 3347 done
1511 3309 1557 3347 to
1579 3318 1647 3346 me
1673 3304 1724 3345 be
1753 3318 1824 3359 my
1857 3303 1968 3346 louit
1999 3303 2139 3345 freind
2160 3304 2245 3346 and
2266 3304 2445 3360 cousing
