3016 3958
224 1506 468 1548 CCLXIII.

231 3245 473 3287 OCLXIV.

489 591 600 645 300
975 590 1295 645 GARTAE
1335 587 1838 644 MISCELLANE
1847 587 1960 642 ΑΕ.

491 768 571 810 Dei
604 800 613 809 .
650 801 658 809 .
690 800 699 810 .
731 768 896 811 decimo
917 772 1040 812 sexto
1060 769 1129 810 die
1150 769 1312 810 mensis
1340 768 1368 810 J
1371 768 1461 809 unii
1482 782 1595 810 anno
1617 766 1791 808 Domini
1812 765 2041 808 millesimo
2077 766 2426 822 quingentesimo

493 847 827 905 quadragesimo
867 862 980 890 nono
1026 861 1169 889 coram
1210 846 1279 888 his
1315 847 1502 889 testibus
1544 846 1572 888 J
1575 860 1713 888 oanne
1760 844 1959 887 Wilsone
2001 843 2187 901 Georgio
2230 844 2429 888 Wilsone

494 927 720 970 Willelmo
741 926 987 969 Davidsone
1007 930 1053 969 et
1074 926 1267 968 Gilberto
1292 925 1418 968 Paris

613 1006 826 1049 Dominus
845 1006 1054 1048 Willmus
1081 1005 1281 1062 Carnegy
1301 1008 1529 1061 preceptor
2063 1003 2114 1045 T.
2136 1003 2329 1060 Erskyne
2362 1037 2371 1045 .

723 1086 776 1128 de
796 1086 1048 1128 Masondew
1071 1099 1201 1128 manu
1222 1085 1395 1141 propria
1429 1115 1439 1125 .

494 1283 676 1338 Precept
700 1282 748 1323 of
777 1282 934 1331 seasin‚
954 1282 1030 1323 the
1056 1281 1218 1337 Bishop
1241 1281 1289 1322 of
1321 1280 1507 1322 Brechin
1527 1284 1573 1322 to
1604 1280 1721 1322 John
1745 1279 1956 1335 Carnegie
1987 1280 2071 1320 and
2109 1280 2257 1336 Agnes
2289 1279 2433 1321 Wood

606 1362 674 1403 his
697 1375 840 1417 spows
861 1361 909 1403 of
924 1361 1000 1403 the
1022 1360 1148 1402 lands
1169 1359 1216 1402 of
1233 1359 1418 1401 Edicatt.

492 1499 531 1554 J
535 1525 697 1554 oannes
728 1543 737 1553 .
771 1543 780 1553 .
814 1543 822 1552 .
856 1509 1160 1552 Brechinensis
1181 1509 1411 1565 episcopus
1431 1508 1601 1551 dilectis
1622 1509 1785 1552 nostris
1817 1509 1977 1551 Joanni
1999 1508 2087 1552 Car

492 1590 665 1632 balliuis
705 1590 868 1632 nostris
902 1621 912 1630 .
954 1622 963 1631 .
1002 1621 1010 1630 .
1047 1588 1157 1644 Quia,
1197 1588 1497 1630 assedauimus
1534 1619 1545 1630 .
1583 1620 1592 1631 .
1631 1620 1639 1630 .
1677 1603 1862 1631 unacum
1896 1603 2111 1632 consensu
2149 1622 2158 1631 .
2193 1624 2202 1632 .
2235 1623 2244 1633 .
2281 1592 2431 1633 decani

490 1674 533 1711 et
563 1670 867 1712 canonicorum
889 1668 1067 1724 capituli
1099 1668 1238 1710 nostri
1273 1699 1281 1708 .
1315 1698 1325 1708 .
1363 1699 1372 1708 .
1399 1667 1569 1709 dilectis
1605 1670 1768 1710 nostris
1805 1668 1966 1710 ‚Ioanni
2000 1669 2200 1725 Carnegy
2221 1670 2274 1712 de
2310 1670 2431 1726 Kyn-

490 1750 597 1791 nard
634 1749 860 1805 apparenti
897 1748 1061 1804 Agneti
1094 1747 1211 1789 Wod
1245 1747 1338 1788 eius
1369 1760 1526 1802 sponse
1559 1750 1604 1789 et
1636 1761 1786 1788 eorum
1823 1747 1950 1790 alteri
1985 1748 2154 1790 diucius
2190 1749 2355 1791 viuenti
2388 1750 2431 1790 in

490 1831 718 1872 coniuncta.
752 1828 1045 1870 infeodatione
1078 1826 1396 1881 heredibusque
1428 1825 1634 1868 masculis
1666 1826 1781 1868 inter
1813 1827 1934 1882 ipsos
1968 1827 2162 1883 legitime
2194 1830 2433 1884 procreatis

491 1925 567 1951 seu
608 1908 888 1965 procreandis
923 1907 1079 1962 quibus
1115 1905 1413 1947 deficientibus
1454 1905 1686 1947 heredibus
1725 1906 1932 1949 masculis
1974 1910 2019 1949 et
2055 1908 2294 1964 assignatis
2329 1909 2432 1950 dicti

492 1989 676 2031 Joannis
716 1987 1041 2043 quibuscunque
1085 2018 1093 2026 .
1137 2018 1145 2026 .
1190 2018 1198 2026 .
1240 1989 1382 2026 terras
1433 1988 1608 2026 nostras
1659 1986 1711 2026 de
1762 1985 1981 2028 Addecatt
2021 2001 2117 2028 cum
2158 1988 2434 2042 pertinentiis

488 2069 684 2122 jacentes
718 2067 763 2108 in
801 2066 979 2108 baronia
1013 2067 1164 2106 nostra
1194 2064 1246 2105 de
1274 2064 1441 2105 Kethik
1477 2064 1592 2106 infra
1621 2065 1968 2108 vicecomitatum
2005 2067 2058 2108 de
2089 2067 2269 2109 Forfare
2305 2073 2435 2124 prout

490 2149 694 2189 invcarta
728 2149 880 2188 nostra
915 2145 993 2187 eiis
1028 2145 1214 2199 desuper
1249 2143 1445 2185 confecta
1474 2143 1612 2185 lacius
1652 2148 1833 2186 cauetur
1868 2177 1877 2187 .
1917 2145 2058 2200 Quare
2100 2148 2222 2189 vobis
2258 2152 2301 2189 et
2337 2161 2432 2189 ves-

490 2232 605 2268 trum
643 2226 821 2268 cuilibet
861 2224 1122 2267 coniunctim
1163 2227 1208 2266 et
1247 2224 1421 2266 diuisim
1463 2256 1473 2266 .
1515 2256 1524 2265 .
1569 2257 1578 2266 .
1621 2224 1881 2280 precipimus
1926 2258 1933 2265 .
1976 2257 1986 2267 .
2020 2258 2029 2268 .
2068 2233 2284 2281 quatenus
2326 2260 2334 2268 .
2375 2259 2383 2268 .
2423 2261 2431 2269 .

493 2307 698 2348 saisinam
732 2338 740 2347 .
775 2338 783 2346 .
817 2338 826 2346 .
858 2305 1070 2347 dictarum
1091 2308 1308 2346 terrarum
1328 2318 1426 2346 cum
1442 2304 1722 2360 pertinenciis
1743 2305 1872 2348 dictis
1895 2305 2056 2348 Joanni
2078 2311 2122 2349 et
2144 2322 2301 2363 sponse
2336 2338 2345 2348 .
2379 2339 2387 2348 .
2422 2340 2431 2347 .

490 2385 676 2428 tradatis
709 2418 718 2426 .
751 2417 759 2426 .
795 2416 804 2425 .
838 2398 913 2426 seu
934 2383 1047 2425 alter
1067 2387 1260 2425 vestrum
1281 2383 1427 2425 tradat
1463 2414 1472 2424 .
1506 2415 1515 2424 .
1547 2416 1556 2426 .
1590 2384 1642 2424 In
1664 2384 1787 2426 cuius
1818 2384 1880 2426 rei
1901 2385 2198 2428 testimonium
2219 2389 2432 2443 presenti-

491 2466 572 2506 bus
592 2478 724 2505 manu
744 2467 895 2506 nostra
930 2462 1185 2518 subscriptis
1223 2462 1411 2518 sigillum
1449 2466 1647 2514 nostrum
1684 2465 1918 2506 rotundum
1955 2468 2022 2507 est
2055 2479 2294 2521 appensum
2316 2467 2430 2523 apud

494 2545 727 2587 Ciuitatem
768 2547 961 2585 nostram
1004 2543 1339 2584 Brechinensem
1379 2542 1448 2584 die
1491 2548 1613 2585 sexto
1654 2544 1816 2585 mensis
1859 2543 2058 2586 Octobris
2099 2559 2213 2587 anno
2255 2545 2430 2588 Domini

495 2637 527 2665 M
549 2630 592 2665 vc
613 2623 705 2664 lvi¹⁰
726 2626 771 2666 et
790 2626 938 2665 nostre
959 2623 1298 2665 consecrationis
1329 2636 1443 2664 anno
1475 2628 1581 2664 xxx⁰
1612 2624 1742 2666 tertio
1772 2625 2049 2679 presentibus
2081 2625 2237 2667 ibidem
2261 2626 2290 2668 J
2293 2641 2431 2669 oanne

494 2704 632 2745 Farar
670 2702 892 2758 capellano
927 2701 1150 2758 magistris
1193 2701 1221 2742 J
1224 2715 1364 2744 oanne
1407 2701 1612 2744 Cokburn
1653 2706 1820 2745 rectore
1857 2704 1910 2745 de
1947 2703 2147 2746 Kilmore
2184 2709 2229 2747 et
2265 2706 2432 2748 Thoma

496 2783 676 2837 Bowsye
698 2781 868 2823 notario
889 2780 1060 2836 publico
1082 2795 1180 2822 cum
1200 2781 1386 2823 diuersis
1408 2780 1507 2823 aliis
1541 2812 1552 2823 .

1679 2862 1747 2904 Jo.
1770 2862 1995 2919 episcopus
2026 2863 2329 2907 Brechinensis
2361 2899 2369 2908 .

498 3046 590 3087 The
620 3046 868 3087 reuersioun
890 3046 937 3087 of
963 3046 1036 3087 the
1058 3046 1176 3102 myln
1198 3047 1283 3088 and
1313 3045 1432 3102 myln
1461 3046 1565 3088 land
1586 3047 1634 3088 of
1671 3047 1923 3104 Caldhame,
1943 3051 2040 3098 etc„
2063 3062 2209 3103 upoun
2230 3063 2309 3090 ane
2331 3064 2428 3092 rose

613 3124 759 3166 nobill.

499 3237 597 3292 Tin
629 3249 689 3292 all
710 3249 795 3291 and
832 3249 1001 3305 syndrie
1023 3251 1182 3306 quhom
1203 3252 1238 3294 it
1258 3251 1416 3302 efferis,
1447 3254 1494 3294 to
1529 3251 1685 3307 quhais
1714 3251 1941 3309 knawlege
1961 3253 2050 3295 thir
2069 3258 2244 3309 present
2278 3255 2430 3299 lettres

501 3330 582 3372 sall
602 3333 648 3372 to
670 3343 780 3378 cum,
805 3327 826 3369 I
848 3327 1073 3385 Margaret
1109 3330 1323 3387 Carnegy,
1361 3344 1492 3387 spons
1523 3334 1570 3373 to
1602 3345 1683 3373 ane
1718 3332 1959 3374 honorabili
1988 3347 2090 3375 man
2121 3333 2271 3376 Patrik
2309 3335 2433 3391 Kyn-
