3016 3958
558 601 670 656 302
1044 598 1359 654 CARTAE
1399 595 2028 653 MISCELLANEAE.

558 779 718 821 didisse
752 809 761 819 .
796 809 806 820 .
838 810 847 821 .
880 778 1122 821 honorabili
1154 779 1245 819 viro
1278 776 1526 818 Alexandro
1557 775 1786 830 Lyndesay
1816 774 1868 816 de
1900 773 2046 829 Wayn
2077 773 2307 815 heredibus
2339 774 2426 815 suis
2454 778 2497 816 et

561 859 798 916 assignatis
831 891 840 900 .
872 892 881 901 .
915 892 923 901 .
957 874 1089 900 unum
1119 860 1413 900 tenementum
1456 870 1552 896 cum
1584 855 1710 896 horto
1753 858 1797 896 et
1836 853 1974 896 cauda
2009 853 2200 895 eiusdem
2237 853 2366 910 (Nos.
2409 855 2493 895 114

563 939 647 981 and
671 939 859 994 CXVI.)
886 940 1038 993 jacens
1069 953 1121 979 ex
1151 941 1275 993 parte
1307 935 1562 978 occidentali
1594 934 1799 976 Ciuitatis
1833 932 2141 976 Brechinensis
2169 932 2284 975 inter
2302 947 2501 975 mansum

563 1019 828 1076 precentoris
851 1018 1154 1060 Brechinensis
1174 1017 1229 1058 ad
1250 1017 1394 1058 oriens
1411 1019 1456 1056 et
1472 1013 1684 1056 venellam
1705 1012 1877 1069 collegii
1904 1012 2212 1054 Brechinensis
2227 1012 2283 1055 ad
2304 1017 2501 1064 austrum

565 1113 833 1141 communem
866 1099 979 1140 viam
1009 1096 1172 1153 regiam
1205 1096 1259 1138 ad
1289 1097 1478 1144 boream,
1512 1108 1609 1135 cum
1639 1107 1728 1135 una
1757 1107 1859 1135 acra
1889 1096 2004 1135 terre
2035 1091 2213 1135 arabilis
2244 1106 2342 1134 cum
2372 1092 2505 1148 perti·

566 1179 724 1220 nentiis
742 1179 914 1233 jacente.
945 1192 998 1219 ex
1027 1180 1150 1232 parte
1172 1174 1426 1218 occidentali
1454 1174 1566 1215 dicte
1598 1173 1805 1215 Ciuitatis
1825 1172 1941 1215 inter
1960 1175 2103 1215 terras
2132 1171 2339 1214 heredum
2369 1186 2505 1227 quon-

566 1259 664 1299 dam
687 1257 923 1299 Alexandri
948 1257 1137 1311 Ramsay
1169 1255 1224 1297 ad
1254 1254 1451 1297 occidens
1482 1258 1624 1296 terras
1654 1252 1870 1308 quondam
1903 1252 2087 1295 Joannis
2111 1251 2251 1294 Lioun
2278 1252 2333 1295 ad
2364 1252 2506 1294 oriens

566 1343 708 1379 terras
729 1336 1017 1378 archidiaconi
1043 1334 1349 1377 Brechinensis
1370 1334 1424 1376 ad
1453 1334 1631 1376 boream
1661 1337 1705 1374 et
1734 1336 1876 1375 terras
1898 1332 2106 1374 heredum
2128 1332 2343 1388 quondam
2365 1331 2509 1374 Dauid

571 1417 739 1459 Nethre
761 1417 814 1459 ad
835 1420 1045 1465 austrum,
1069 1416 1249 1458 aeetiam
1270 1415 1377 1456 duas
1397 1414 1539 1470 petias
1559 1418 1674 1456 terre
1697 1428 1794 1455 cum
1817 1413 1907 1455 suis
1943 1413 2218 1469 pertinentiis
2238 1413 2435 1468 jacentes
2457 1427 2507 1454 ex

569 1501 693 1552 parte
729 1495 982 1538 occidentali
1018 1496 1130 1537 dicte
1171 1494 1377 1537 Ciuitatis
1408 1493 1712 1536 Brechinensis
1741 1493 1857 1535 inter
1885 1496 2027 1534 terras
2056 1493 2263 1535 heredum
2294 1493 2510 1550 quondam

573 1575 601 1617 J
605 1575 786 1618 ohannis
811 1575 955 1617 Broun
978 1574 1032 1615 ad
1054 1575 1197 1615 oriens
1234 1573 1447 1615 venellam
1479 1587 1560 1630 que
1582 1573 1739 1615 dicitur
1768 1573 1842 1614 the
1867 1572 2137 1614 Schonthuss
2158 1571 2306 1626 Wynd
2327 1572 2381 1614 ad
2404 1573 2512 1614 occi-

574 1655 681 1697 dens
702 1659 746 1696 et
767 1658 979 1702 austrum,
1020 1653 1154 1694 aliam·
1170 1653 1328 1709 petiam
1350 1656 1467 1694 terre
1496 1653 1715 1707 jacentem
1751 1652 1866 1694 inter
1885 1654 2027 1694 terras
2062 1651 2277 1708 quondam
2313 1653 2511 1708 magistri

573 1734 724 1776 Jacobi
761 1734 943 1787 Murray
975 1731 1186 1788 capellani
1208 1732 1262 1773 ad
1285 1732 1428 1774 oriens
1459 1735 1619 1774 terram
1657 1731 1872 1786 quondam
1894 1731 2056 1773 domini
2091 1730 2235 1773 Dauid
2275 1732 2424 1774 Broun
2460 1733 2514 1774 ad

575 1813 773 1856 occidens
795 1811 1004 1853 venellam
1029 1811 1332 1852 extendentem
1349 1810 1404 1851 ad
1421 1809 1628 1852 Dubtoun
1650 1809 1705 1851 ad
1725 1811 1899 1851 boream
1921 1813 1965 1851 et
1979 1809 2193 1851 venellam
2211 1812 2514 1854 extendentem

576 1893 630 1934 ad
654 1892 847 1934 Corsden
867 1891 922 1932 ad
943 1894 1155 1938 austrum,
1178 1904 1274 1931 cum
1297 1889 1383 1931 alia
1403 1903 1505 1930 acra
1521 1892 1635 1931 terre
1658 1888 1837 1931 arabilis
1858 1903 1955 1930 cum
1976 1889 2250 1945 pertinentiis
2265 1891 2439 1945 jacente
2462 1906 2515 1933 ex

575 1973 723 2015 eadem
745 1975 870 2028 parte
891 1970 1003 2012 dicte
1030 1970 1236 2012 Ciuitatis
1258 1983 1342 2024 que
1371 1972 1552 2010 vocatur
1583 1967 1907 2010 Brounishillok
1940 1999 1950 2009 .
1985 1999 1995 2010 .
2027 2000 2037 2010 .
2070 1969 2184 2011 inter
2212 1974 2355 2012 terras
2385 1986 2519 2026 quon-

575 2053 674 2094 dam
709 2051 923 2093 Johannis
959 2049 1124 2091 Guthre
1161 2049 1216 2091 ad
1254 2049 1397 2090 oriens
1429 2052 1570 2090 terras
1605 2048 1657 2089 de
1694 2047 1850 2089 Hauoh
1871 2047 1923 2089 de
1960 2047 2144 2091 Brechin
2168 2049 2222 2091 ad
2254 2050 2452 2093 occidens
2474 2055 2519 2093 et

577 2136 773 2175 austrum
795 2134 839 2172 et
864 2127 1044 2187 [terras]
1069 2132 1246 2171 vocatas
1266 2127 1322 2168 lie
1343 2126 1610 2169 Weitlandis
1627 2127 1682 2168 ad
1697 2127 2056 2177 boriam‚necnon
2073 2143 2201 2170 unam
2223 2130 2384 2185 petiam
2407 2135 2518 2174 terre

579 2211 756 2255 arabilis
786 2217 1076 2265 nuncupatam
1112 2207 1331 2264 Clapottis
1354 2211 1398 2249 et
1423 2207 1587 2250 Cobbis
1609 2206 1709 2247 land
1741 2221 1838 2247 cum
1875 2207 2148 2263 pertinentiis
2195 2209 2294 2263 (No.
2324 2210 2515 2267 CXVI.)

580 2308 633 2334 ex
655 2292 803 2333 eadem
825 2289 1079 2332 occidentali
1113 2293 1238 2345 parte
1258 2288 1370 2330 dicte
1397 2287 1604 2330 Ciuitatis
1636 2287 1939 2330 Brechinensis
1969 2288 2188 2342 jacentem
2220 2305 2299 2345 pro
2336 2292 2518 2346 quadam

678 2404 687 2412 .
728 2385 896 2412 summa
931 2369 1110 2424 pecunie
1147 2401 1155 2410 .
1195 2400 1204 2410 .
1243 2400 1252 2409 .
1292 2367 1497 2408 Tenenda
1532 2399 1542 2409 .
1580 2399 1590 2409 .
1632 2397 1642 2407 .
1677 2367 1849 2422 prefata
1882 2370 2133 2410 tenementa
2168 2373 2210 2412 et
2246 2374 2388 2413 terras
2420 2405 2429 2414 .
2464 2403 2475 2413 .
2508 2406 2517 2414 .

580 2451 747 2508 prefato
789 2449 1036 2491 Alexandro
1076 2448 1304 2503 Lyndesay
1339 2448 1390 2489 de
1427 2446 1574 2502 W'ayn
1609 2447 1837 2488 heredibus
1875 2451 1919 2489 et
1953 2447 2190 2503 assignatis
2225 2449 2277 2491 de
2319 2464 2519 2506 supremo

582 2531 770 2573 Domino
791 2533 940 2572 nostro
965 2529 1191 2570 Scotorum
1212 2527 1332 2583 Rege
1354 2531 1398 2568 et
1432 2527 1521 2568 suis
1556 2527 1877 2568 successoribus
1907 2527 1950 2568 in
1975 2527 2099 2570 feodo
2116 2532 2161 2570 et
2180 2529 2421 2573 hereditate
2442 2531 2520 2572 im-

582 2613 836 2667 perpetuum
869 2639 878 2649 .
911 2640 920 2650 .
957 2641 965 2650 .
996 2607 1229 2649 Reddendo
1251 2607 1349 2648 inde
1386 2606 1610 2648 annuatim
1643 2638 1652 2648 .
1685 2637 1695 2647 .
1729 2637 1740 2647 .
1773 2620 1972 2662 supremo
2008 2605 2195 2650 Domino
2230 2613 2380 2652 nostro
2409 2610 2521 2666 Regi

586 2695 630 2732 et
663 2689 752 2730 suis
784 2687 1103 2730 successoribus
1126 2686 1310 2727 seruicia
1346 2685 1470 2727 liberi
1500 2685 1700 2741 burgagii
1733 2686 1880 2727 debita
1910 2718 1919 2727 .
1955 2716 1964 2726 .
1996 2718 2006 2727 .
2043 2686 2121 2742 (et)
2142 2702 2276 2729 unum
2297 2689 2520 2732 denarium

635 2802 644 2810 .
677 2801 686 2810 .
718 2771 889 2809 monete
932 2766 1075 2808 Scotie
1123 2797 1132 2807 .
1166 2796 1176 2806 .
1208 2797 1217 2806 .
1264 2765 1435 2806 nomine
1468 2764 1565 2806 albe
1601 2765 1720 2806 firme
1757 2798 1766 2807 .
1800 2798 1809 2807 .
1843 2797 1852 2807 .
1886 2765 1937 2806 In
1972 2766 2094 2807 cuius
2129 2767 2191 2808 rei
2227 2769 2521 2812 testimonium

590 2848 778 2904 sigillum
798 2861 941 2887 meum
961 2845 1183 2901 proprium
1204 2859 1387 2886 unacum
1411 2844 1726 2900 subscriptione
1747 2845 1961 2887 calamum
1982 2849 2187 2901 tangente
2207 2861 2285 2902 per
2304 2850 2520 2891 notarium

590 2927 876 2982 subscriptum
898 2940 964 2966 me
985 2925 1202 2966 nesciente
1225 2924 1493 2965 subscribere
1513 2924 1786 2979 presentibus
1807 2928 1875 2966 est
1895 2938 2132 2980 appensum
2154 2926 2268 2981 apud
2284 2926 2429 2983 Wayn
2451 2930 2519 2971 die

590 3007 697 3048 xxii⁰
733 3005 893 3047 mensis
926 3004 1090 3060 Aprilis
1111 3018 1222 3045 anno
1250 3003 1425 3045 Domini
1447 3003 1675 3045 millesimo
1697 3003 2043 3059 quingentesimo
2066 3006 2384 3060 septuagesimo
2406 3023 2518 3050 nono

589 3100 734 3128 coram
754 3085 823 3125 his
857 3084 1039 3125 testibus
1060 3083 1210 3125 Watte
1239 3083 1381 3125 Roose
1412 3083 1464 3124 de
1502 3083 1713 3125 Murtoun
1748 3082 1957 3138 magistro
1991 3082 2176 3140 Georgio
2213 3084 2441 3143 Lyndesay
2477 3093 2520 3131 et

590 3165 781 3208 Henrieo
798 3163 933 3205 Traill
956 3163 1236 3204 seruitoribus
1257 3162 1360 3204 dicti
1377 3161 1611 3204 Alexandri
1629 3164 1673 3203 et
1692 3160 1836 3203 Dauid
1859 3160 2014 3218 Coling
2031 3163 2198 3205 notario
2219 3165 2389 3219 publico
2423 3198 2432 3208 .
2466 3201 2473 3209 .
2509 3200 2519 3210 .

1055 3243 1090 3291 Ι,
1123 3242 1319 3284 William
1360 3241 1505 3283 Broun
1541 3241 1646 3282 with
1677 3255 1749 3295 my
1783 3241 1900 3282 hand
1927 3244 1975 3283 at
1994 3241 2068 3283 the
2094 3256 2178 3297 pen
2214 3243 2283 3286 led
2303 3245 2356 3287 be
2378 3245 2521 3291 Dauid

1226 3321 1381 3378 Coling
1402 3325 1546 3364 notter
1567 3320 1729 3376 publict
1749 3324 1795 3362 at
1815 3334 1885 3376 my
1906 3321 2141 3364 command.
