3016 3958
506 648 579 702 90
1093 646 1384 702 CARTAE
1429 646 1926 702 ORIGINALES.

509 840 731 900 patentes
768 864 778 875 ·
814 835 961 900 Apud
1002 835 1242 899 Striuelyn
1281 837 1483 900 septimo
1523 837 1599 884 die
1637 836 1860 885 Octobris
1893 851 2017 885 anno
2052 837 2182 900 regni
2205 838 2355 886 nostri
2380 853 2454 886 se-

511 926 665 974 cundo
703 953 714 964 ·
751 925 965 974 Alterius
1005 941 1117 973 vero
1155 928 1287 972 carte
1326 925 1503 973 domini
1542 925 1743 974 Roberti
1778 925 1901 988 regis
1933 928 2072 973 tenor
2095 926 2306 989 sequitur
2343 955 2353 964 ·
2393 955 2403 964 ·
2442 954 2453 964 ·

512 1015 754 1063 Robertus
793 1043 802 1051 ·
843 1042 853 1051 ·
893 1042 902 1052 ·
943 1012 1058 1075 [No.
1100 1013 1198 1079 ΙΙ.]
1240 1041 1250 1052 ·
1289 1041 1299 1052 ·
1339 1041 1350 1052 ·
1388 1014 1550 1062 Tertie
1589 1030 1699 1062 vero
1740 1017 1872 1062 carte
1911 1013 2113 1063 Roberti
2154 1015 2276 1078 regis
2316 1019 2454 1063 tenor

564 1130 574 1141 ·
614 1131 624 1140 ·
662 1107 735 1152 est
770 1102 894 1158 talis,
923 1103 1166 1151 Robertus
1205 1131 1215 1140 ·
1253 1130 1265 1140 ·
1304 1131 1314 1140 ·
1355 1101 1469 1164 [No.
1507 1103 1624 1168 IV.]
1666 1131 1676 1140 ·
1717 1131 1726 1140 ·
1766 1131 1776 1141 ·
1811 1101 1956 1150 Carte
1981 1102 2143 1150 Dauid
2168 1103 2290 1165 regis
2313 1107 2452 1151 tenor

510 1192 727 1256 sequitur
765 1220 774 1229 ·
815 1220 824 1229 ·
865 1220 875 1229 ·
914 1191 1073 1239 Dauid
1114 1219 1124 1228 -
1164 1219 1174 1229 ·
1214 1219 1224 1229 ·
1268 1190 1389 1253 [No-t
1411 1192 1484 1257 9.]
1525 1220 1535 1230 ·
1575 1219 1586 1230 ·
1626 1220 1635 1228 ·
1675 1191 1894 1254 Cognitio
1929 1191 2058 1239 facta
2081 1193 2205 1255 apud
2232 1192 2453 1255 Brechyn

512 1297 671 1329 coram
713 1281 903 1328 domino
948 1279 1168 1328 Waltero
1214 1281 1273 1327 de
1324 1280 1496 1343 Bigare
1535 1308 1544 1318 ·
1584 1308 1594 1318 ·
1634 1309 1644 1318 ·
1681 1296 1766 1344 per
1805 1280 2097 1344 subscriptos
2136 1281 2323 1343 juratos
2368 1282 2452 1329 viz.

514 1370 728 1419 dominos
753 1370 916 1418 Dauid
957 1370 1015 1417 de
1056 1370 1266 1418 Graham
1304 1373 1354 1417 et
1391 1369 1426 1416 J
1431 1369 1663 1417 ohannem
1699 1370 1758 1418 de
1794 1370 2100 1418 Strathachin
2124 1369 2299 1419 milites
2324 1370 2457 1419 Hen-

514 1460 663 1507 ricum
689 1460 747 1507 de
773 1459 1115 1522 Fothringham
1150 1459 1184 1505 J
1189 1458 1422 1507 ohannem
1458 1459 1518 1506 de
1554 1458 1713 1521 Rossy
1739 1457 2032 1506 Willelmum
2067 1458 2214 1506 filium
2239 1460 2344 1507 Ade
2367 1459 2402 1506 J
2405 1476 2454 1508 o-

515 1550 719 1597 hannem
755 1549 814 1596 de
852 1547 1090 1595 Wellame
1113 1547 1146 1594 J
1151 1548 1384 1596 ohannem
1417 1546 1603 1610 Lamby
1641 1546 1923 1595 Nioholaum
1949 1546 2078 1595 Scall
2104 1547 2370 1596 Robertum
2396 1549 2454 1596 de

515 1638 745 1700 Balbirny
792 1636 1120 1684 Alexandrum
1168 1637 1226 1684 de
1274 1637 1505 1685 Stratoun
1551 1635 1823 1683 Johannem
1866 1635 2112 1685 Wischart
2161 1636 2454 1686 Willelmum

516 1727 754 1776 Maksoun
776 1727 810 1773 J
817 1726 1050 1774 ohannem
1087 1726 1146 1773 de
1182 1725 1500 1774 Inchmethan
1524 1725 1557 1771 J
1563 1725 1795 1773 ohannem
1832 1725 1891 1772 de
1928 1723 2188 1772 Gallouhill
2211 1724 2370 1773 Dauid
2395 1727 2454 1774 de

515 1815 807 1864 Foulartoun
850 1814 1131 1863 Nicholaum
1174 1815 1233 1863 de
1276 1813 1458 1862 Tulach
1504 1813 1766 1862 Patricium
1809 1813 1867 1861 de
1915 1812 2160 1876 Striuelyn
2209 1813 2455 1863 Andream

515 1905 774 1969 Dempstar
796 1902 1080 1952 auunculum
1103 1904 1138 1950 J
1141 1905 1374 1951 ohannem
1395 1903 1453 1951 de
1474 1901 1697 1951 Allardes
1720 1905 1770 1950 et
1794 1903 2034 1950 Andream
2059 1903 2118 1950 de
2144 1901 2404 1953 Gledstane
2442 1932 2452 1942 ·

515 1994 608 2050 Qui
654 2008 823 2056 magno
869 1997 1169 2042 sacramento
1206 2020 1217 2030 ·
1257 2021 1266 2029 ·
1308 2020 1318 2030 ·
1356 1990 1474 2053 [No.
1512 1992 1601 2057 16]
1644 2018 1654 2029 ·
1697 2019 1708 2029 ·
1747 2019 1758 2029 ·
1793 1990 2007 2039 Alterius
2048 2007 2159 2039 vero
2200 1995 2330 2040 carte
2373 1994 2455 2041 do-

514 2084 629 2130 mini
665 2083 825 2130 Dauid
865 2082 1012 2145 Regis
1043 2086 1182 2130 tenor
1215 2081 1430 2145 sequitur
1467 2107 1476 2119 ·
1514 2108 1527 2118 ν
1565 2107 1576 2118 ·
1613 2079 1774 2127 Dauid
1813 2078 1907 2128 Dei
1941 2080 2096 2142 gratia
2135 2080 2245 2128 Rex
2287 2081 2454 2130 Scoto-

514 2189 617 2220 rum
663 2171 857 2220 Dilecto
893 2170 1022 2218 fideli
1068 2174 1232 2219 nostro
1280 2169 1501 2218 Waltero
1539 2170 1598 2216 de
1641 2168 1815 2231 Bigare
1852 2168 2125 2216 Camerario
2172 2174 2333 2218 nostro
2379 2171 2453 2219 vel

514 2262 615 2309 eius
647 2260 802 2308 locum
826 2259 1010 2308 tenenti
1045 2275 1129 2307 seu
1162 2258 1437 2307 tenentibus
1470 2273 1528 2305 ac
1558 2257 1845 2305 Vicecomiti
1872 2261 1931 2308 vet
1967 2257 2158 2307 balliuis
2192 2260 2367 2309 nostris
2391 2262 2449 2308 de

517 2350 686 2398 Forfar
720 2348 794 2396 vel
830 2364 991 2396 eorum
1025 2347 1406 2396 locatenentibus
1448 2345 1663 2394 Salutem
1710 2346 1759 2393 in
1797 2345 2006 2394 Domino
2043 2374 2053 2383 -
2091 2347 2215 2402 Quia
2251 2348 2453 2398 vidimus

513 2444 612 2487 tam
649 2442 808 2488 cartas
843 2437 969 2486 clare
1009 2437 1236 2484 memorie
1277 2435 1457 2487 domini
1497 2435 1649 2499 patris
1688 2434 1840 2482 nostri
1879 2450 2020 2498 quam
2055 2434 2254 2483 aliorum
2290 2453 2450 2499 regum

516 2529 676 2577 Scotie
699 2527 1083 2591 predecessorum
1107 2529 1375 2575 nostrorum
1399 2524 1544 2572 etiam
1584 2524 1834 2586 quamdam
1872 2523 2185 2586 cognitionem
2225 2541 2287 2572 ex
2324 2542 2454 2574 man-

516 2619 629 2665 dato
665 2620 828 2665 nostro
864 2631 950 2678 per
991 2613 1314 2662 Camerarium
1348 2617 1562 2683 nostrum
1599 2612 1724 2676 apud
1764 2612 1970 2660 Brechin
2003 2612 2180 2661 factam
2214 2630 2300 2677 per
2333 2632 2451 2679 quas

517 2706 781 2770 Episcopus
815 2708 866 2752 et
901 2703 1128 2751 Canonici
1155 2701 1384 2753 ,Ecclesie
1415 2700 1717 2749 Cathedralis
1752 2701 2085 2750 Brechinensis
2108 2717 2287 2751 meram
2309 2703 2450 2753 liber—

511 2799 662 2843 tatem
698 2793 788 2841 fori
826 2791 1021 2855 singulis
1045 2792 1212 2839 diebus
1237 2790 1485 2841 dominicis
1522 2790 1570 2837 in
1608 2789 1807 2837 ciuitate
1847 2789 2156 2839 Brechinensi
2191 2790 2318 2840 clare
2341 2809 2448 2843 nos-

513 2887 685 2931 cuntur
706 2882 880 2930 habere
906 2881 1057 2928 Vobis
1093 2884 1142 2928 et
1181 2879 1375 2927 cuilibet
1409 2883 1619 2927 vestrum
1655 2878 1821 2926 stricte
1845 2877 2147 2942 precipiendo
2170 2882 2447 2932 mandamus

515 2976 748 3035 quatenus
789 2971 848 3017 de
889 2973 1052 3017 cetero
1087 2968 1266 3017 dictum
1303 2968 1458 3016 forum
1495 2967 1825 3033 quoquomodo
1861 2982 1954 3014 non
1992 2967 2262 3031 impediatis
2297 2987 2383 3019 nec
2418 2989 2447 3020 a

514 3075 700 3123 quoquo
723 3058 940 3122 impediri
977 3073 1062 3105 seu
1097 3056 1279 3104 turbari
1318 3055 1609 3120 permittatis
1645 3082 1656 3093 ·
1693 3055 1800 3103 Non
1833 3055 2054 3104 obstante
2079 3056 2446 3125 quibuscumque

511 3148 666 3196 literis
710 3147 886 3196 nostris
932 3163 1021 3209 que
1069 3145 1118 3191 in
1165 3145 1453 3193 contrarium
1494 3161 1524 3191 a
1563 3143 1700 3191 nobis
1733 3147 2013 3191 emanarunt
2051 3172 2062 3182 ·
2098 3144 2277 3194 Datum
2320 3153 2443 3212 apud

516 3237 762 3284 Abit-dene
801 3234 1056 3282 Dominica
1091 3233 1140 3280 in
1178 3233 1322 3281 ramis
1360 3232 1625 3296 palmarum
1662 3232 1804 3279 Anno
1842 3232 1996 3294 Regni
2031 3233 2180 3282 nostri
2206 3238 2393 3299 xxxvij⁰
2434 3268 2442 3277 ·

514 3325 726 3374 Alterius
761 3339 872 3372 vero
911 3326 1041 3371 carte
1081 3321 1259 3369 domini
1298 3321 1461 3369 Dauid
1503 3319 1649 3383 Regis
1672 3323 1811 3368 tenor
1847 3349 1858 3358 ·
1897 3349 1906 3358 ·
1947 3349 1956 3358 ·
1993 3325 2065 3369 est
2090 3322 2202 3370 talis
2240 3351 2249 3361 ·
2287 3325 2446 3375 Dauid
