3016 3958
1070 637 1076 645 '
1141 636 1436 691 CARTAE
1481 638 1979 695 ORIGINALES.
2431 651 2538 705 195

323 908 562 957 CXXIX.
601 880 786 961 Carta
826 914 1114 963 feodifirmae
1162 930 1388 964 concessa
1434 933 1518 979 per
1566 917 1722 965 David
1766 919 1928 966 Broun
1976 924 2025 968 et
2076 922 2303 970 Thomam
2353 926 2526 989 Fynla-

587 1017 705 1050 soun
730 1003 1002 1066 capellanos
1025 1003 1192 1052 altaris
1226 1004 1435 1052 omnium
1474 1009 1743 1054 sanctorum
1781 1007 1902 1055 infra
1937 1009 2184 1059 ecclesiam
2210 1013 2526 1062 cathedralem

590 1092 957 1141 Brechinensem
1006 1109 1092 1156 per
1133 1094 1367 1157 quondam
1412 1094 1564 1142 bonae
1605 1096 1859 1144 memoriae
1900 1098 2175 1161 magistrum
2219 1100 2527 1150 Wilhelmum

589 1180 828 1228 Meldrum
853 1182 1238 1230 archidiaconum
1273 1182 1660 1232 Dunkeldensem
1697 1200 1753 1231 ac
1787 1185 2010 1233 vicarium
2037 1188 2401 1238 Brechinensem
2426 1192 2529 1238 fun-

587 1271 687 1318 dati
712 1286 818 1318 cum
844 1272 1083 1335 expressis
1107 1286 1339 1320 consensu
1369 1276 1417 1320 et
1442 1288 1638 1321 assensu
1660 1273 1949 1323 honorabilis
1972 1275 2058 1323 viri
2083 1277 2295 1340 magistri
2319 1279 2526 1328 Thomae

588 1359 827 1407 Meldrum
865 1362 924 1408 de
961 1361 1087 1424 Segy
1116 1344 1306 1424 patroni
1332 1361 1566 1408 dictarum
1592 1361 1958 1425 capellaniarum
1994 1365 2027 1410 J
2032 1365 2204 1412 ohanni
2230 1367 2413 1430 Lyddel
2437 1369 2525 1416 civi

585 1448 808 1498 Civitatis
834 1449 1171 1498 Brechinensis
1206 1454 1255 1498 et
1294 1450 1544 1498 Elizabeth
1572 1450 1772 1514 Wemys
1796 1451 1896 1513 ejus
1920 1453 2104 1516 conjugi
2130 1458 2178 1502 et
2203 1471 2360 1503 eorum
2390 1457 2527 1505 alteri

583 1537 764 1587 diutius
798 1539 976 1587 viventi
1010 1539 1059 1586 in
1095 1539 1350 1602 conjuncta
1385 1539 1705 1587 infeodatione
1741 1544 1790 1588 et
1825 1541 2106 1591 haeredibus
2141 1544 2265 1592 inter
2299 1545 2425 1609 ipsos
2458 1546 2523 1594 le-

580 1627 744 1690 gitime
780 1629 1046 1691 procreatis
1079 1643 1164 1678 seu
1198 1629 1505 1692 procreandis
1530 1629 1698 1692 quibus
1733 1630 1856 1677 forte
1885 1627 2210 1681 deficientibus
2244 1633 2521 1683 haeredibus

581 1717 698 1766 dicti
732 1718 766 1764 J
771 1718 971 1766 ohannis
1007 1717 1363 1782 quibuscunque
1399 1718 1527 1766 illius
1562 1718 1720 1782 petiae
1755 1722 1912 1766 terrae
1948 1720 2139 1769 arabilis
2168 1723 2422 1784 praedictis
2446 1738 2522 1771 ca-

579 1806 799 1869 pellaniis
846 1811 1117 1855 annexatae
1154 1807 1365 1870 jacentis
1406 1824 1468 1855 ex
1515 1811 1654 1872 parte
1695 1807 1914 1856 orientali
1953 1809 2108 1857 dictae
2146 1811 2365 1860 Civitatis
2406 1812 2521 1861 Bre-

578 1897 816 1946 chinensis
840 1898 967 1945 inter
989 1901 1143 1946 terras
1168 1897 1372 1945 Roberti
1398 1898 1694 1961 Buchquhan
1719 1898 1779 1945 ad
1805 1898 2033 1946 orientem
2068 1899 2283 1946 horreum
2310 1900 2516 1949 Thomae

579 1987 778 2034 Ricardi
803 1990 850 2035 et
876 1991 1030 2036 terras
1055 1987 1290 2035 dictorum
1315 1986 1666 2051 capellanorum
1684 1990 1878 2036 vocatas
1898 1986 2067 2036 Scallis
2091 1988 2224 2035 aiker
2246 1990 2304 2036 ad
2326 1989 2514 2038 boream

577 2079 625 2123 et
667 2081 822 2125 terras
857 2077 1113 2124 eorundem
1150 2077 1212 2124 ad
1247 2080 1461 2125 austrum
1502 2092 1559 2124 ac
1595 2079 1727 2124 ortos
1763 2076 1821 2123 de
1860 2076 2065 2123 Brechin
2098 2078 2159 2124 ad
2196 2075 2512 2134 occidentem;

574 2166 810 2213 tenendae
847 2166 906 2213 de
942 2164 1203 2229 capellanis
1230 2166 1348 2214 dicti
1382 2165 1550 2214 altaris
1584 2165 1633 2212 in
1667 2165 1930 2213 feodifirma
1953 2169 2001 2213 et
2026 2162 2323 2214 haereditate
2346 2166 2514 2230 imper-

574 2259 770 2319 petuum
810 2283 820 2293 ·
860 2256 1125 2303 Reddendo
1165 2255 1276 2303 inde
1323 2254 1568 2302 annuatim
1609 2253 1866 2317 capellanis
1913 2254 2027 2302 dicti
2073 2254 2237 2303 altaris
2283 2271 2510 2303 summam

573 2344 827 2393 tresdecim
864 2344 1121 2394 solidorum
1157 2348 1206 2393 et
1242 2348 1448 2409 quatuor
1482 2343 1778 2392 denariorum
1816 2347 2034 2391 monetae
2071 2342 2259 2391 Scotiae
2283 2347 2507 2407 tanquam

573 2434 754 2481 firmam
789 2434 920 2497 prius
954 2433 1076 2482 solui
1111 2432 1301 2482 solitam
1335 2449 1422 2497 pro
1457 2433 1623 2480 eadem
1657 2447 1858 2479 unacum
1888 2447 2070 2479 summa
2093 2431 2288 2494 triginta
2312 2432 2505 2479 duorum

574 2523 883 2573 denariorum*
907 2526 1127 2571 monetae
1163 2523 1407 2586 predictae
1443 2522 1492 2569 in
1526 2519 1955 2584 augmentationem
1995 2520 2256 2582 praesentis
2297 2520 2503 2568 infeodae

571 2612 718 2661 tionis
740 2611 985 2659 annuatim
1023 2639 1034 2650 ·
1071 2611 1204 2659 Data
1238 2611 1324 2660 sub
1357 2610 1522 2674 sigillis
1545 2609 1643 2658 suis
1667 2624 1866 2656 unacum
1890 2607 2041 2670 sigillo
2077 2611 2125 2655 et
2160 2607 2500 2670 subscriptione

572 2700 781 2749 manuali
807 2701 924 2748 dicti
948 2701 1160 2764 magistri
1188 2701 1399 2748 Thomae
1436 2698 1675 2746 Meldrum
1712 2698 1769 2744 de
1805 2697 1927 2759 Segy
1954 2696 2079 2759 apud
2104 2695 2357 2743 Civitatem
2384 2696 2501 2743 Bre-

570 2790 840 2838 chinensem
867 2790 943 2837 die
969 2793 1140 2853 quarto
1163 2790 1339 2838 mensis
1365 2788 1486 2835 Maii
1507 2802 1630 2835 anno
1649 2785 1843 2833 Domini
1860 2783 2107 2832 millesimo
2131 2784 2500 2847 quingentesimo

569 2879 927 2943 quadragesimo
968 2878 1172 2942 septimo
1212 2894 1372 2926 coram
1412 2877 1487 2925 his
1527 2874 1730 2924 testibus
1770 2873 1804 2919 J
1808 2873 1991 2921 ohanne
2039 2872 2230 2935 Smytht
2280 2872 2495 2920 Waltero

567 2969 737 3017 Inness
761 2967 1038 3016 Alexandro
1063 2966 1256 3014 Cullace
1282 2965 1484 3014 dominis
1506 2964 1700 3012 Andrea
1723 2961 1978 3010 Finlasoun
2015 2966 2063 3009 et
2100 2961 2306 3009 Ricardo
2340 2960 2497 3008 Finla-

565 3073 682 3106 soun
707 3056 965 3121 capellanis
989 3072 1094 3104 cum
1120 3055 1317 3104 diversis
1340 3054 1447 3103 aliis
1484 3081 1494 3092 ·
