3022 3964
465 2573 557 2620 XI.

575 622 647 674 14
1127 625 1416 681 CARTAE
1459 587 1959 680 ORIGINALES.

572 809 788 859 annualis
811 811 1023 861 redditus
1046 812 1260 862 leuandis
1283 814 1342 860 de
1365 813 1506 862 terris
1529 813 1626 861 suis
1650 813 1708 860 de
1735 811 1976 860 Kirktoun
1999 814 2050 858 et
2074 810 2288 860 Haltoun
2310 811 2503 859 baronie

572 899 631 945 de
668 898 934 948 Inuerarite
972 900 1235 949 iacentibus
1274 902 1397 948 infra
1441 901 1822 949 vicecomitatum
1864 900 1923 947 de
1965 898 2149 954 Forfar,
2183 900 2242 946 de
2276 900 2501 947 mandato

572 990 736 1035 nostro
758 988 905 1036 visam
943 1017 952 1026 ·
994 1018 1003 1027 ·
1043 1017 1053 1026 ·
1089 987 1380 1037 intellexisse
1415 989 1476 1037 ad
1511 987 1701 1052 plenum
1737 989 1784 1035 in
1822 988 1911 1035 hec
1948 986 2090 1035 verba
2126 986 2355 1035 Omnibus
2391 1014 2402 1024 ·
2441 1014 2451 1024 ·
2491 1014 2500 1023 ·

576 1073 691 1135 [No.
731 1075 852 1142 IX.]
898 1077 1243 1141 Quamquidem
1280 1082 1460 1126 cartam
1498 1106 1510 1116 -
1549 1107 1559 1115 -
1598 1106 1608 1115 ·
1645 1077 1694 1125 in
1718 1076 1935 1125 omnibus
1972 1103 1983 1113 ·
2021 1103 2032 1113 ·
2072 1103 2082 1113 ·
2118 1074 2406 1122 ratificamus
2455 1078 2504 1121 et

574 1163 861 1212 auctoritate
906 1165 1264 1227 gubernacionis
1313 1167 1466 1229 Regni
1511 1165 1714 1230 predicti
1753 1164 1889 1213 nobis
1923 1163 2184 1218 commisse,
2219 1163 2279 1210 ad
2317 1177 2505 1210 manum

574 1255 807 1300 mortuam
843 1253 1189 1317 imperpetuum
1226 1255 1555 1303 confirmamus
1592 1283 1603 1293 ·
1640 1254 1701 1302 In
1738 1254 1873 1302 cuius
1909 1253 2002 1300 Rei
2038 1251 2362 1300 testimonium
2399 1266 2506 1313 pre-

575 1341 699 1388 senti
724 1345 855 1389 carte
879 1346 1042 1390 nostre
1080 1343 1453 1391 confirmacionis
1489 1342 1691 1403 sigillum
1730 1341 1871 1390 officii
1905 1340 2055 1389 nostri
2086 1339 2263 1403 apponi
2298 1338 2508 1402 precepi-

575 1444 679 1477 mus
717 1457 727 1466 ·
765 1430 986 1478 Testibus
1025 1432 1285 1479 reuerendo
1323 1432 1372 1479 in
1409 1431 1601 1480 Christo
1636 1434 1773 1495 patre
1820 1429 2038 1479 Gilberto
2079 1428 2316 1492 Episcopo
2358 1427 2509 1474 Aber-

577 1518 771 1566 donensi
795 1517 1077 1566 cancellario
1101 1519 1284 1583 Scocie‚
1321 1519 1598 1568 Alexandro
1633 1519 1807 1568 comite
1845 1520 1904 1566 de
1944 1518 2090 1573 Marr,
2131 1515 2411 1566 Alexandro
2449 1517 2507 1563 de

579 1606 832 1668 Lyndesay
865 1606 962 1654 filio
998 1610 1047 1654 et
1081 1607 1255 1655 herede
1280 1607 1397 1656 dicti
1427 1608 1614 1658 comitis
1651 1609 1710 1656 de
1749 1607 2010 1656 Craufurde
2045 1606 2300 1669 nepotibus
2335 1605 2508 1653 nostris

579 1694 781 1749 dilectis,
799 1694 1028 1760 ,Iohanne
1054 1695 1312 1744 Senescalli
1337 1696 1544 1744 Domino
1581 1697 1640 1744 de
1676 1695 1902 1744 Buchane
1936 1694 2032 1742 filio
2066 1698 2228 1742 nostro
2252 1693 2507 1748 carissimo,

582 1782 827 1830 Willelmo
871 1784 929 1830 de
967 1784 1219 1847 Lyndesay
1267 1785 1326 1831 de
1373 1785 1544 1847 Rossy,
1581 1783 1800 1832 Waltero
1835 1785 1894 1832 de
1931 1783 2183 1847 Lyndesay
2227 1782 2374 1830 fratre
2409 1797 2506 1836 suo,

579 1871 808 1920 militibus
846 1900 855 1908 ·
894 1870 1168 1920 Alexandro
1203 1873 1261 1920 de
1298 1871 1497 1935 Ogilvile
1532 1872 1808 1920 vicecomite
1845 1873 1902 1919 de
1938 1871 2107 1919 Forfar
2141 1875 2190 1918 et
2226 1871 2419 1917 Andrea
2451 1871 2510 1917 de

583 1961 776 2022 Hawyk
813 1961 1070 2009 secretario
1105 1965 1269 2010 nostro
1307 1989 1317 1998 ·
1355 1962 1495 2024 Apud
1535 1961 1681 2010 Perth
1730 1959 1953 2009 vicesimo
2000 1963 2170 2023 quarto
2219 1959 2295 2006 die
2337 1958 2509 2006 mensis

581 2048 827 2096 Februarii
851 2065 976 2096 anno
1001 2048 1200 2097 Domini
1222 2048 1470 2098 millesimo
1488 2048 1948 2112 quadringentesimo
1971 2051 2109 2096 sexto
2147 2075 2158 2085 ·
2196 2047 2260 2094 Et
2283 2047 2511 2110 guberna·

582 2137 730 2185 cionis
752 2141 912 2185 nostre
936 2153 1059 2184 anno
1083 2138 1235 2200 primo
1273 2166 1283 2175 ·

584 2336 889 2384 Confirmatio
926 2336 1212 2385 Donationis
1239 2340 1471 2384 terrarum
1496 2337 1555 2384 de
1578 2336 1856 2399 Cortoquhy
1879 2335 2041 2383 comiti
2075 2336 2133 2382 de
2162 2335 2356 2383 Atholie
2398 2350 2510 2381 una—

583 2441 689 2472 cum
712 2424 1023 2472 aduocatione
1050 2423 1248 2472 ecclesie
1287 2453 1297 2462 ·

592 2547 872 2626 Robertus
896 2577 1012 2625 Dux
1037 2577 1238 2626 Albanie
1277 2607 1287 2616 ·
1326 2606 1336 2616 ·
1376 2606 1386 2617 ·
1424 2580 1725 2628 Gubernator
1743 2580 1896 2643 Regni
1914 2581 2073 2630 Scotie
2112 2609 2122 2618 ·
2159 2580 2390 2628 Omnibus
2407 2596 2512 2643 pro-

586 2666 657 2713 bis
679 2665 945 2713 hominibus
967 2665 1122 2713 tocius
1147 2667 1300 2728 Regni
1323 2666 1526 2730 predicti
1563 2667 1748 2717 clericis
1784 2673 1834 2717 et
1870 2669 2006 2718 laicis
2041 2669 2253 2718 Salutem
2291 2697 2301 2707 ·
2339 2669 2513 2716 Sciatis

585 2770 671 2802 nos
695 2753 879 2802 dedisse
904 2754 1191 2802 concessisse
1215 2758 1265 2802 et
1288 2755 1377 2802 hac
1400 2756 1608 2818 presenti
1636 2760 1771 2805 carta
1796 2761 1959 2806 nostra
1995 2758 2291 2806 confirmasse
2317 2757 2513 2805 Carissi-

585 2856 665 2888 mo
687 2841 824 2888 fratri
847 2844 1008 2888 nostro
1027 2841 1246 2889 Waltero
1272 2842 1530 2891 Senescalli
1553 2843 1715 2892 comiti
1740 2844 1932 2893 Atholie
1956 2849 2006 2894 et
2030 2846 2088 2893 (16
2113 2845 2290 2893 Catnes
2323 2844 2462 2892 militi
2500 2873 2510 2882 ·

589 2944 750 2978 omnes
772 2933 821 2976 et
845 2927 1051 2990 singulas
1073 2933 1226 2977 terras
1249 2930 1441 2978 baronie
1465 2932 1524 2978 (16
1548 2930 1836 2995 Cortoqwhy
1858 2947 1963 2980 cum
1989 2932 2292 2996 pertinenciis
2313 2947 2510 2980 vnacum

588 3015 899 3064 aduocatione
923 3015 1121 3063 ecclesie
1145 3017 1452 3079 parrochialis
1471 3018 1684 3067 eiusdem
1722 3047 1732 3056 ·
1769 3019 1979 3069 iacentes
1993 3020 2118 3068 infra
2134 3020 2512 3069 vicecomitatum

590 3106 648 3152 de
690 3104 859 3151 Forfar
896 3131 905 3141 ·
943 3103 1048 3158 Que
1085 3105 1276 3167 quidem
1310 3110 1436 3154 terre
1466 3121 1577 3154 cum
1611 3107 1916 3170 pertinenciis
1950 3111 1999 3156 et
2032 3107 2343 3156 aduocatione
2385 3108 2511 3157 dicte

589 3191 787 3238 ecclesie
823 3190 1012 3238 fuerunt
1051 3191 1279 3240 carissimi
1326 3193 1658 3256 consanguinei
1702 3193 1854 3242 nostri
1901 3194 2177 3242 Archibaldi
2223 3194 2409 3242 comitis
2455 3196 2513 3243 de

591 3279 801 3341 Douglas
851 3306 862 3317 ·
913 3279 978 3326 Et
1014 3294 1132 3342 quas
1167 3279 1291 3328 idem
1332 3281 1674 3337 Archebaldus,
1711 3298 1806 3338 non
1842 3283 1888 3330 vi
1923 3287 2006 3332 aut
2040 3287 2169 3332 metu
2207 3285 2390 3338 ductus,
2427 3300 2514 3332 nec
