3016 3958
1159 653 1264 708 DE
1319 644 1925 710 ABERBROTHOQ
2398 654 2509 709 269

552 837 657 876 runt
677 837 722 877 et
742 835 1096 890 approbauerunt
1126 866 1136 876 .
1168 834 1228 876 Et
1248 834 1380 877 etiam
1410 834 1466 877 ad
1495 834 1690 891 ipsorum
1711 833 1903 877 omnium
1933 836 1980 875 et
2009 831 2281 889 singulorum
2302 834 2506 875 obserua-

551 914 718 956 cionem
753 914 799 956 in
833 917 1092 971 perpetuum
1128 915 1208 957 sub
1243 914 1368 971 penis
1402 914 1629 971 premissis
1662 914 1708 955 in
1749 914 1912 956 virtute
1953 911 2187 954 iuramenti
2226 912 2413 967 prestiti,
2458 927 2504 954 se

551 995 797 1051 specialiter
832 995 1137 1051 obligauerunt
1170 997 1215 1037 et
1250 1008 1455 1050 expresse
1485 1025 1496 1036 .
1530 994 1583 1036 In
1619 1008 1803 1050 quorum
1840 993 2033 1035 omnium
2067 991 2367 1035 testimonium
2403 992 2503 1034 huic

551 1075 817 1118 ordinacioni
847 1089 981 1131 penes
1013 1074 1240 1117 ecclesiam
1271 1074 1621 1130 Brechynensem
1651 1073 1698 1115 in
1726 1076 1986 1130 perpetuum
2015 1071 2274 1123 remanenti,
2314 1071 2504 1128 sigillum

550 1159 749 1199 nostrum
786 1170 871 1197 vna
907 1169 1005 1197 cum
1041 1153 1186 1211 sigillo
1221 1154 1439 1196 communi
1478 1153 1735 1196 monasterii
1769 1153 1952 1209 predicti
1991 1152 2173 1195 fecimus
2213 1151 2374 1209 apponi
2406 1185 2415 1193 .
2446 1152 2506 1195 Et

550 1236 690 1278 eidem
707 1235 974 1278 ordinacioni
987 1238 1135 1277 nostre
1151 1248 1286 1290 penes
1300 1233 1597 1290 supradictum
1618 1233 1930 1275 monasterium
1945 1232 1991 1274 in
2004 1235 2263 1288 perpetuum
2279 1232 2501 1282 residenti,

552 1316 742 1372 sigillum
764 1318 962 1358 nostrum
980 1328 1065 1356 vna
1084 1328 1179 1356 cum
1204 1313 1348 1370 sigillo
1368 1313 1630 1356 venerabilis
1650 1313 1791 1370 patris
1811 1312 1975 1356 domini
1999 1312 2028 1355 J
2030 1312 2215 1355 ohannis
2247 1311 2330 1354 Dei
2360 1313 2503 1369 gratia

551 1396 868 1452 Brechynensis
901 1394 1092 1450 episcopi
1114 1394 1352 1450 supradicti
1382 1397 1428 1437 et
1457 1394 1675 1436 communi
1706 1393 1850 1450 sigillo
1884 1392 2062 1449 capituli
2097 1391 2415 1448 Brechynensis
2435 1396 2504 1434 est

549 1491 789 1534 appensum
821 1509 831 1519 .
863 1476 1024 1518 Actum
1046 1479 1090 1517 et
1111 1475 1358 1517 ordinatum
1390 1488 1441 1517 ac
1470 1474 1703 1516 diffinitum
1733 1474 1779 1515 in
1809 1472 1999 1529 capitulo
2026 1471 2282 1515 monasterii
2302 1472 2355 1514 de
2377 1472 2505 1514 Abir—

550 1558 730 1601 brothoc
766 1556 971 1599 vicesimo
1006 1555 1147 1612 primo
1182 1555 1251 1597 die
1289 1554 1491 1597 Octobris
1524 1586 1533 1596 .
1570 1554 1701 1596 Anno
1737 1553 1879 1610 gratie
1923 1552 2154 1595 millesimo
2194 1553 2502 1595 trecentesimo

548 1642 705 1695 quarto
735 1671 745 1681 .

550 1813 834 1857 Confirmatio
857 1811 1040 1868 Turpini
1063 1810 1251 1868 episcopi
1273 1811 1326 1852 de
1349 1810 1537 1852 Brechin
1559 1810 1613 1852 de
1635 1809 1803 1852 decima
1832 1807 1939 1853 retis
1972 1841 1979 1849 .

319 1959 522 2002 CCXVI.
550 1948 783 2017 Turpinus
819 1958 901 2001 Dei
937 1958 1082 2015 gratia
1113 1958 1342 2014 episcopus
1376 1957 1429 1999 de
1461 1957 1663 2007 Brechin,
1700 1958 1916 2001 vniuersis
1952 1963 2101 2003 sancte
2136 1957 2291 2001 matris
2322 1954 2499 1997 ecclesie

548 2041 651 2083 filiis
676 2041 861 2083 salutem
883 2039 929 2081 in
950 2037 1126 2081 Christo
1160 2068 1171 2078 .
1205 2037 1354 2080 Sciant
1375 2041 1602 2094 presentes
1633 2042 1679 2081 et
1707 2038 1842 2081 futuri
1864 2053 1944 2081 nos
1965 2039 2135 2082 dedisse
2161 2042 2206 2080 et
2235 2035 2501 2079 concessisse

546 2126 591 2164 et
610 2122 692 2165 hac
712 2124 835 2163 carta
855 2124 1008 2162 nostra
1028 2118 1309 2161 confirmasse
1331 2117 1426 2160 Deo
1448 2121 1493 2160 et
1512 2118 1692 2160 ecclesie
1716 2118 1866 2162 Sancti
1887 2119 2053 2162 Thome
2075 2118 2267 2161 martiris
2287 2117 2339 2160 de
2361 2117 2499 2159 Aber-

547 2203 728 2246 brothoc
749 2205 794 2244 et
814 2200 1038 2243 monachis
1058 2198 1219 2241 ibidem
1239 2197 1333 2240 Deo
1356 2198 1647 2240 seruientibus
1668 2198 1879 2241 decimam
1900 2200 2027 2242 vnius
2058 2198 2243 2256 plenarii
2263 2197 2384 2247 retis,
2406 2201 2500 2239 ten-

548 2284 704 2327 endam
725 2283 769 2325 in
789 2281 972 2323 liberam
1003 2284 1048 2323 et
1077 2283 1332 2336 perpetuam
1363 2279 1645 2321 elemosinam
1666 2279 1719 2321 de
1741 2280 1866 2322 nobis
1887 2283 1932 2322 et
1960 2279 2282 2322 successoribus
2309 2277 2498 2325 nostris;

548 2364 663 2421 quod
683 2366 776 2405 rete
797 2361 1051 2404 Willelmus
1071 2375 1149 2402 rex
1171 2360 1289 2402 dedit
1309 2363 1355 2402 et
1374 2359 1589 2403 concessit
1609 2359 1674 2401 eis
1696 2373 1827 2415 super
1846 2373 2003 2415 aquam
2024 2359 2077 2401 de
2099 2357 2325 2401 Northesk
2356 2388 2365 2398 .
2396 2356 2498 2398 Hiis

547 2445 736 2488 testibus
758 2443 949 2498 Hugone
966 2441 1166 2497 episcopo
1187 2439 1335 2482 Sancti
1352 2439 1526 2481 Andree
1557 2470 1567 2481 .
1600 2438 1743 2481 Bricio
1759 2439 1902 2495 priore
1919 2439 2211 2481 Keledeorum
2227 2438 2280 2479 de
2297 2436 2496 2486 Brechin,

548 2524 626 2566 W.
661 2522 965 2566 archidiacono
1005 2520 1153 2562 Sancti
1189 2519 1363 2561 Andree
1400 2522 1445 2561 et
1478 2518 1725 2560 Matussale
1758 2518 1935 2568 decano,
1978 2518 2157 2560 Andrea
2196 2517 2420 2574 capellano
2453 2520 2497 2558 et

550 2604 733 2647 Matheo
766 2600 950 2644 sacrista
970 2599 1150 2642 ecclesie
1170 2599 1223 2640 de
1245 2597 1447 2647 Brechin,
1469 2601 1515 2640 et
1535 2598 1714 2653 insuper
1745 2597 1925 2653 Gilbryd
1955 2597 2112 2639 comite
2146 2596 2199 2638 de
2233 2596 2428 2652 Anegus,
2452 2602 2498 2638 et

552 2683 808 2728 Douenaldo
820 2679 956 2727 Abbe
977 2682 1030 2723 de
1053 2681 1239 2722 Brechin
1261 2709 1271 2720 .
1307 2678 1438 2735 (A.D.
1469 2677 1688 2734 1178-80.)

551 2858 834 2903 Confirmatio
858 2856 1078 2912 Radulphi
1099 2855 1289 2912 episcopi
1310 2853 1362 2895 de
1385 2852 1572 2895 Brechin
1592 2853 1644 2894 de
1666 2852 1832 2895 decima
1852 2853 1959 2895 retis
1991 2883 2002 2894 .

293 3015 523 3058 CCXVII,
552 2996 666 3051 Hiis
697 3007 884 3050 testibus
907 3004 1102 3047 Guidone
1124 3003 1294 3044 Abbate
1325 3001 1377 3042 de
1408 3000 1621 3050 Lundors‚
1660 2998 1870 3056 Gregorio
1903 2999 2234 3048 Archidiacono,
2269 2999 2494 3042 Willelmo

549 3088 734 3139 officiali,
759 3087 941 3130 Matheo
963 3085 1140 3134 decano,
1164 3081 1413 3125 Alexandro
1435 3081 1487 3124 de
1510 3081 1700 3123 Muhaut
1732 3112 1741 3121 .
1777 3078 1909 3134 (A.D.
1939 3080 2218 3136 1198-1218.)
