3016 3958
261 923 371 970 CLI
382 922 445 970 X.

306 1814 454 1860 CLX.

284 2790 460 2838 CLXI.

463 637 574 691 230
1010 635 1302 692 OARTAE
1348 633 1850 691 ORIGINALES.

473 882 821 981 Praeceptum
863 918 921 965 de
961 917 1086 965 clare
1125 920 1314 965 constat
1353 917 1516 963 datum
1554 930 1640 979 per
1679 914 2006 963 Alexandrum
2044 914 2409 963 Brechinensem

470 1008 743 1071 episcopum
798 1006 1014 1055 Roberto
1066 1005 1284 1069 Kynneir
1332 1006 1391 1053 de
1443 1004 1669 1053 Botheris
1729 1003 1902 1052 ballivo
1960 1019 2046 1052 suo
2096 1008 2148 1051 ut
2198 1004 2410 1051 traderet

472 1096 693 1145 saisinam
741 1095 867 1144 illius
918 1094 1174 1144 molendini
1225 1110 1476 1158 granorum
1522 1093 1585 1141 lie
1634 1092 1745 1142 litill
1797 1093 1927 1156 myln
1980 1093 2239 1157 nuncupati
2294 1092 2409 1154 [No.

473 1185 819 1251 CXXXVII]
848 1184 1124 1232 Alexandro
1162 1185 1374 1247 Ramsay
1407 1184 1602 1232 haeredi
1638 1184 1871 1231 antedicti
1910 1182 2173 1231 Alexandri
2211 1182 2423 1245 Ramsay

475 1276 547 1323 sni
582 1274 734 1338 patris
772 1302 781 1312 ·
819 1274 1042 1323 Tcstibus
1082 1274 1239 1321 David
1278 1274 1538 1337 Dempster
1574 1273 1828 1321 feoditario
1873 1274 1930 1319 de
1968 1271 2163 1319 Peithill
2216 1272 2423 1335 Georgio

477 1364 701 1412 Tullocht
716 1363 996 1412 Alexandro
1014 1363 1172 1412 Leslie
1196 1363 1229 1409 J
1235 1379 1386 1411 oanne
1406 1362 1539 1426 Myln
1561 1361 1887 1427 [in]—Brechin
1909 1364 2233 1408 commorante
2252 1361 2423 1423 magis-

475 1458 552 1501 tro
578 1454 761 1501 Thoma
786 1454 997 1516 Ramsay
1020 1453 1054 1499 J
1058 1468 1209 1501 oanne
1236 1452 1367 1515 Nory
1392 1455 1440 1499 et
1466 1450 1692 1499 Villelmo
1718 1451 1931 1515 Ramsay
1954 1452 2154 1500 notariis
2169 1451 2370 1515 publicis
2408 1479 2419 1488 ·

480 1546 508 1592 7
535 1542 783 1591 Februarii
809 1542 940 1592 1597
979 1571 988 1580 ·

491 1779 676 1859 Carta
714 1810 1085 1859 confirmationis
1121 1811 1252 1858 facta
1289 1826 1374 1873 per
1412 1810 1592 1859 dictum
1632 1810 1970 1858 Alexandrum
2008 1811 2281 1874 episcopum
2308 1811 2424 1857 Bre-

480 1902 749 1949 chinensem
773 1899 973 1948 alterius
997 1903 1158 1947 cartae
1183 1914 1437 1947 concessae
1462 1914 1546 1962 per
1559 1899 1826 1962 praefatum
1856 1898 2186 1947 Alexandrum
2214 1899 2425 1961 Ramsay

473 1992 709 2053 juniorem
755 1989 974 2037 Villelmo
1013 1988 1295 2037 Fullartoun
1335 1989 1393 2036 de
1433 1988 1572 2036 Ardo
1613 1992 1662 2037 et
1704 1988 1988 2036 haeredibus
2028 1988 2126 2036 suis
2169 1987 2424 2036 molendini

482 2079 791 2144 suprascripti
833 2079 1081 2126 undecimo
1123 2079 1199 2126 die
1246 2079 1423 2126 mensis
1470 2077 1718 2125 Februarii
1760 2093 1884 2125 anno
1932 2077 2127 2125 Domini
2175 2077 2424 2125 millesimo

485 2168 858 2233 quingentesimo
895 2168 1198 2230 nonagesimo
1234 2167 1438 2231 septimo
1477 2183 1636 2215 coram
1674 2167 1748 2215 his
1784 2167 1990 2215 testibus
2026 2167 2152 2215 inter
2182 2167 2302 2215 alios
2328 2167 2425 2214 Ro-

485 2260 621 2306 berto
649 2258 868 2321 Kynneir
894 2257 1068 2305 vicario
1093 2255 1407 2305 Brechinensi
1432 2257 1615 2305 Thoma
1652 2257 1782 2304 Narn
1819 2257 2047 2304 servitore
2072 2257 2188 2304 dicti
2213 2255 2423 2303 Villelmi

485 2352 534 2395 et
579 2348 613 2394 J
617 2362 769 2394 oanne
818 2346 1037 2409 Kynneir
1090 2346 1187 2394 filio
1233 2346 1351 2394 dicti
1399 2346 1602 2394 Roberti
1640 2373 1651 2384 ·
1689 2346 1835 2393 Carta
1881 2345 2252 2394 confirmationis
2295 2346 2426 2394 facta

486 2452 644 2483 coram
681 2435 755 2483 his
791 2435 996 2483 testibus
1032 2434 1066 2482 J
1070 2451 1222 2483 oanne
1263 2436 1365 2498 Ley
1403 2435 1632 2484 servitore
1672 2435 1790 2483 dicti
1828 2435 2038 2499 episcopi
2079 2434 2179 2501 [et]
2222 2436 2427 2499 Georgio

487 2526 648 2588 Noray
672 2525 721 2573 in
746 2524 953 2572 Brechin
991 2553 1001 2562 ·
1041 2525 1103 2572 18
1131 2524 1251 2572 Maii
1279 2525 1408 2572 1598
1447 2553 1457 2562 ·

495 2758 888 2842 Instrumentum
919 2794 1123 2842 saisinae
1156 2809 1301 2857 super
1332 2793 1651 2857 resignatione
1691 2794 1914 2841 Andreae
1954 2792 2139 2841 Gutbre
2169 2792 2281 2839 olim
2319 2790 2420 2857 [in]

488 2883 692 2930 Brechin
715 2898 839 2930 nunc
862 2883 910 2930 in
937 2883 1046 2931 Dod
1071 2884 1288 2947 degentis
1310 2883 1360 2931 in
1383 2884 1602 2932 manibus
1632 2883 1834 2931 Roberti
1873 2882 2093 2946 Kynneir
2127 2881 2265 2930 unius
2288 2881 2423 2931 balli-

485 2988 647 3020 vorum
686 2975 736 3018 et
775 2972 966 3034 Georgii
1005 2973 1173 3020 Arrott
1211 2973 1426 3035 magistri
1463 2973 1659 3036 hospitii
1697 2972 1972 3020 antedictae
2011 2971 2235 3019 Civitatis
2274 2972 2422 3018 domi-

484 3076 651 3108 norum
689 3060 980 3123 superiorum
1018 3076 1209 3109 suorum
1247 3061 1295 3108 in
1333 3062 1542 3109 favorem
1582 3060 1815 3108 Willelmi
1844 3061 2084 3109 Mortown
2108 3060 2424 3109 calcifactoris

484 3149 601 3197 civis
625 3148 957 3196 Brechinensis
980 3148 1106 3197 illius
1130 3149 1289 3213 petiae
1314 3153 1477 3196 vastae
1501 3152 1660 3196 terrae
1697 3148 1794 3197 sive
1830 3149 1963 3196 fundi
1998 3149 2221 3213 antiquae
2255 3151 2423 3199 domus

486 3237 670 3300 collegii
709 3236 756 3283 in
795 3253 888 3299 qua
924 3239 1196 3286 sacerdotes
1233 3238 1364 3285 chori
1400 3237 1735 3285 Brechinensis
1769 3238 2024 3285 manebant
2059 3254 2165 3285 cum
2202 3238 2421 3287 clausura

485 3327 695 3388 ejusdem
734 3354 744 3363 ·
782 3324 1015 3373 Solvendo
1040 3326 1195 3374 dictus
1222 3325 1493 3374 Willelmus
1527 3329 1576 3373 et
1612 3326 1841 3374 haeredes
1876 3327 1947 3374 sui
1984 3327 2113 3374 dicto
2137 3327 2344 3391 hospitio
2368 3333 2417 3376 et
