<?xml version="1.0" encoding="UTF-8"?>
<!DOCTYPE html PUBLIC "-//W3C//DTD XHTML 1.0 Transitional//EN"
    "http://www.w3.org/TR/xhtml1/DTD/xhtml1-transitional.dtd">
<html xmlns="http://www.w3.org/1999/xhtml" xml:lang="en" lang="en">
 <head>
  <title>
</title>
<meta http-equiv="Content-Type" content="text/html;charset=utf-8" />
  <meta name='ocr-system' content='tesseract 3.04.00' />
  <meta name='ocr-capabilities' content='ocr_page ocr_carea ocr_par ocr_line ocrx_word'/>
</head>
<body>
  <div class='ocr_page' id='page_1' title='image "./registrumepiscop02brecuoft_0038.png"; bbox 0 0 3022 3964; ppageno 0'>
   <div class='ocr_carea' id='block_1_1' title="bbox 335 1878 507 1925">
    <p class='ocr_par' dir='ltr' id='par_1_1' title="bbox 335 1878 507 1925">
     <span class='ocr_line' id='line_1_1' title="bbox 335 1878 507 1925; baseline 0.006 -1"><span class='ocrx_word' id='word_1_1' title='bbox 335 1878 507 1925; x_wconf 93' lang='lat' dir='ltr'><strong>XVII.</strong></span> 
     </span>
    </p>
   </div>
   <div class='ocr_carea' id='block_1_2' title="bbox 539 604 1934 667">
    <p class='ocr_par' dir='ltr' id='par_1_2' title="bbox 539 604 1934 667">
     <span class='ocr_line' id='line_1_2' title="bbox 539 604 1934 667; baseline -0.004 2"><span class='ocrx_word' id='word_1_2' title='bbox 539 604 615 658; x_wconf 83' lang='lat'>24</span> <span class='ocrx_word' id='word_1_3' title='bbox 1104 610 1394 667; x_wconf 80' lang='lat' dir='ltr'><strong>CARTAE</strong></span> <span class='ocrx_word' id='word_1_4' title='bbox 1439 609 1934 666; x_wconf 82' lang='lat' dir='ltr'>ORIGINALES.</span> 
     </span>
    </p>
   </div>
   <div class='ocr_carea' id='block_1_3' title="bbox 532 796 2466 1487">
    <p class='ocr_par' dir='ltr' id='par_1_3' title="bbox 532 796 2466 1487">
     <span class='ocr_line' id='line_1_3' title="bbox 538 796 2466 863; baseline 0.003 -20"><span class='ocrx_word' id='word_1_5' title='bbox 538 811 644 844; x_wconf 89' lang='lat' dir='ltr'>meo</span> <span class='ocrx_word' id='word_1_6' title='bbox 666 796 887 862; x_wconf 87' lang='lat' dir='ltr'>episcopo</span> <span class='ocrx_word' id='word_1_7' title='bbox 922 803 975 847; x_wconf 91' lang='lat' dir='ltr'>ut</span> <span class='ocrx_word' id='word_1_8' title='bbox 1013 799 1191 848; x_wconf 89' lang='lat' dir='ltr'>dictum</span> <span class='ocrx_word' id='word_1_9' title='bbox 1227 805 1300 850; x_wconf 92' lang='lat' dir='ltr'>est</span> <span class='ocrx_word' id='word_1_10' title='bbox 1336 801 1458 848; x_wconf 89' lang='lat' dir='ltr'>infra</span> <span class='ocrx_word' id='word_1_11' title='bbox 1493 800 1665 848; x_wconf 90' lang='lat' dir='ltr'>festum</span> <span class='ocrx_word' id='word_1_12' title='bbox 1698 800 1872 863; x_wconf 81' lang='lat' dir='ltr'>pasche</span> <span class='ocrx_word' id='word_1_13' title='bbox 1895 799 2159 862; x_wconf 87' lang='lat' dir='ltr'>proximum</span> <span class='ocrx_word' id='word_1_14' title='bbox 2184 800 2393 848; x_wconf 87' lang='lat' dir='ltr'>futurum</span> <span class='ocrx_word' id='word_1_15' title='bbox 2418 805 2466 849; x_wconf 90' lang='lat' dir='ltr'>et</span> 
     </span>
     <span class='ocr_line' id='line_1_4' title="bbox 536 883 2465 954; baseline 0.004 -23"><span class='ocrx_word' id='word_1_16' title='bbox 536 884 624 932; x_wconf 92' lang='lat' dir='ltr'>hec</span> <span class='ocrx_word' id='word_1_17' title='bbox 650 883 968 954; x_wconf 91' lang='lat' dir='ltr'>[omnimodo]</span> <span class='ocrx_word' id='word_1_18' title='bbox 994 888 1094 936; x_wconf 89' lang='lat' dir='ltr'>sine</span> <span class='ocrx_word' id='word_1_19' title='bbox 1118 889 1282 937; x_wconf 90' lang='lat' dir='ltr'>fraude</span> <span class='ocrx_word' id='word_1_20' title='bbox 1321 894 1370 937; x_wconf 87' lang='lat' dir='ltr'>et</span> <span class='ocrx_word' id='word_1_21' title='bbox 1406 888 1514 937; x_wconf 90' lang='lat' dir='ltr'>dolo</span> <span class='ocrx_word' id='word_1_22' title='bbox 1549 888 1806 952; x_wconf 90' lang='lat' dir='ltr'>adimplere</span> <span class='ocrx_word' id='word_1_23' title='bbox 1831 888 2020 936; x_wconf 91' lang='lat' dir='ltr'>domino</span> <span class='ocrx_word' id='word_1_24' title='bbox 2044 904 2149 937; x_wconf 90' lang='lat' dir='ltr'>meo</span> <span class='ocrx_word' id='word_1_25' title='bbox 2172 889 2392 954; x_wconf 87' lang='lat' dir='ltr'>episcopo</span> <span class='ocrx_word' id='word_1_26' title='bbox 2416 896 2465 938; x_wconf 87' lang='lat' dir='ltr'>vt</span> 
     </span>
     <span class='ocr_line' id='line_1_5' title="bbox 535 974 2465 1040; baseline 0.003 -20"><span class='ocrx_word' id='word_1_27' title='bbox 535 974 798 1037; x_wconf 84' lang='lat' dir='ltr'>predictum</span> <span class='ocrx_word' id='word_1_28' title='bbox 823 979 895 1024; x_wconf 90' lang='lat' dir='ltr'>est</span> <span class='ocrx_word' id='word_1_29' title='bbox 920 976 1075 1040; x_wconf 87' lang='lat' dir='ltr'>obligo</span> <span class='ocrx_word' id='word_1_30' title='bbox 1099 994 1172 1026; x_wconf 92' lang='lat' dir='ltr'>me</span> <span class='ocrx_word' id='word_1_31' title='bbox 1210 995 1302 1026; x_wconf 91' lang='lat' dir='ltr'>non</span> <span class='ocrx_word' id='word_1_32' title='bbox 1339 978 1559 1026; x_wconf 89' lang='lat' dir='ltr'>obstante</span> <span class='ocrx_word' id='word_1_33' title='bbox 1594 976 1892 1026; x_wconf 90' lang='lat' dir='ltr'>assedatione</span> <span class='ocrx_word' id='word_1_34' title='bbox 1917 976 2058 1024; x_wconf 88' lang='lat' dir='ltr'>michi</span> <span class='ocrx_word' id='word_1_35' title='bbox 2080 976 2210 1025; x_wconf 88' lang='lat' dir='ltr'>facta</span> <span class='ocrx_word' id='word_1_36' title='bbox 2233 978 2465 1026; x_wconf 88' lang='lat' dir='ltr'>dictarum</span> 
     </span>
     <span class='ocr_line' id='line_1_6' title="bbox 535 1065 2462 1130; baseline 0.003 -20"><span class='ocrx_word' id='word_1_37' title='bbox 535 1067 766 1111; x_wconf 87' lang='lat' dir='ltr'>terrarum</span> <span class='ocrx_word' id='word_1_38' title='bbox 803 1065 861 1113; x_wconf 90' lang='lat' dir='ltr'>de</span> <span class='ocrx_word' id='word_1_39' title='bbox 897 1065 1160 1129; x_wconf 84' lang='lat' dir='ltr'>Straheyne</span> <span class='ocrx_word' id='word_1_40' title='bbox 1194 1083 1279 1130; x_wconf 90' lang='lat' dir='ltr'>per</span> <span class='ocrx_word' id='word_1_41' title='bbox 1313 1067 1491 1114; x_wconf 90' lang='lat' dir='ltr'>dictum</span> <span class='ocrx_word' id='word_1_42' title='bbox 1528 1066 1764 1115; x_wconf 89' lang='lat' dir='ltr'>dominum</span> <span class='ocrx_word' id='word_1_43' title='bbox 1802 1082 1954 1113; x_wconf 91' lang='lat' dir='ltr'>meum</span> <span class='ocrx_word' id='word_1_44' title='bbox 1980 1066 2249 1130; x_wconf 89' lang='lat' dir='ltr'>episcopum</span> <span class='ocrx_word' id='word_1_45' title='bbox 2288 1071 2337 1115; x_wconf 91' lang='lat' dir='ltr'>et</span> <span class='ocrx_word' id='word_1_46' title='bbox 2372 1067 2462 1115; x_wconf 92' lang='lat' dir='ltr'>hoc</span> 
     </span>
     <span class='ocr_line' id='line_1_7' title="bbox 535 1152 2462 1218; baseline 0.002 -19"><span class='ocrx_word' id='word_1_47' title='bbox 535 1152 621 1200; x_wconf 89' lang='lat' dir='ltr'>sub</span> <span class='ocrx_word' id='word_1_48' title='bbox 659 1169 780 1216; x_wconf 84' lang='lat' dir='ltr'>pena</span> <span class='ocrx_word' id='word_1_49' title='bbox 817 1154 1114 1208; x_wconf 84' lang='lat' dir='ltr'>forisfacture</span> <span class='ocrx_word' id='word_1_50' title='bbox 1152 1156 1466 1204; x_wconf 87' lang='lat' dir='ltr'>assedationis</span> <span class='ocrx_word' id='word_1_51' title='bbox 1502 1155 1646 1203; x_wconf 88' lang='lat' dir='ltr'>michi</span> <span class='ocrx_word' id='word_1_52' title='bbox 1669 1155 1795 1203; x_wconf 87' lang='lat' dir='ltr'>facte</span> <span class='ocrx_word' id='word_1_53' title='bbox 1833 1183 1844 1194; x_wconf 85' lang='lat'><strong>·</strong></span> <span class='ocrx_word' id='word_1_54' title='bbox 1882 1154 2062 1203; x_wconf 90' lang='lat' dir='ltr'>Datum</span> <span class='ocrx_word' id='word_1_55' title='bbox 2103 1156 2228 1218; x_wconf 92' lang='lat' dir='ltr'>apud</span> <span class='ocrx_word' id='word_1_56' title='bbox 2258 1156 2462 1203; x_wconf 90' lang='lat' dir='ltr'>Brechin</span> 
     </span>
     <span class='ocr_line' id='line_1_8' title="bbox 534 1241 2464 1307; baseline 0.001 -17"><span class='ocrx_word' id='word_1_57' title='bbox 534 1242 620 1290; x_wconf 87' lang='lat' dir='ltr'>sub</span> <span class='ocrx_word' id='word_1_58' title='bbox 645 1241 798 1305; x_wconf 85' lang='lat' dir='ltr'>sigillo</span> <span class='ocrx_word' id='word_1_59' title='bbox 823 1259 928 1291; x_wconf 90' lang='lat' dir='ltr'>meo</span> <span class='ocrx_word' id='word_1_60' title='bbox 953 1244 1253 1307; x_wconf 76' lang='lat' dir='ltr'><strong>presentibus</strong></span> <span class='ocrx_word' id='word_1_61' title='bbox 1277 1244 1620 1292; x_wconf 88' lang='lat' dir='ltr'>venerabilibus</span> <span class='ocrx_word' id='word_1_62' title='bbox 1637 1244 1750 1292; x_wconf 86' lang='lat' dir='ltr'>viris</span> <span class='ocrx_word' id='word_1_63' title='bbox 1768 1243 1970 1291; x_wconf 87' lang='lat' dir='ltr'>dominis</span> <span class='ocrx_word' id='word_1_64' title='bbox 1986 1247 2180 1292; x_wconf 84' lang='lat' dir='ltr'>cantore</span> <span class='ocrx_word' id='word_1_65' title='bbox 2204 1248 2253 1292; x_wconf 93' lang='lat' dir='ltr'>et</span> <span class='ocrx_word' id='word_1_66' title='bbox 2277 1244 2464 1292; x_wconf 87' lang='lat' dir='ltr'>officiali</span> 
     </span>
     <span class='ocr_line' id='line_1_9' title="bbox 533 1330 2463 1397; baseline 0.002 -20"><span class='ocrx_word' id='word_1_67' title='bbox 533 1330 659 1378; x_wconf 91' lang='lat' dir='ltr'>dicte</span> <span class='ocrx_word' id='word_1_68' title='bbox 684 1330 882 1380; x_wconf 80' lang='lat' dir='ltr'>ecclesie</span> <span class='ocrx_word' id='word_1_69' title='bbox 908 1332 1241 1382; x_wconf 88' lang='lat' dir='ltr'>Brechinensis</span> <span class='ocrx_word' id='word_1_70' title='bbox 1266 1333 1444 1382; x_wconf 91' lang='lat' dir='ltr'>Datum</span> <span class='ocrx_word' id='word_1_71' title='bbox 1471 1334 1595 1396; x_wconf 90' lang='lat' dir='ltr'>apud</span> <span class='ocrx_word' id='word_1_72' title='bbox 1622 1332 1840 1395; x_wconf 88' lang='lat' dir='ltr'>Brechyn</span> <span class='ocrx_word' id='word_1_73' title='bbox 1876 1337 2046 1395; x_wconf 89' lang='lat' dir='ltr'>quarto</span> <span class='ocrx_word' id='word_1_74' title='bbox 2070 1333 2146 1380; x_wconf 90' lang='lat' dir='ltr'>die</span> <span class='ocrx_word' id='word_1_75' title='bbox 2171 1334 2463 1397; x_wconf 75' lang='lat' dir='ltr'>Septembris</span> 
     </span>
     <span class='ocr_line' id='line_1_10' title="bbox 532 1421 1217 1487; baseline 0.004 -20"><span class='ocrx_word' id='word_1_76' title='bbox 532 1435 656 1468; x_wconf 91' lang='lat' dir='ltr'>anno</span> <span class='ocrx_word' id='word_1_77' title='bbox 679 1424 769 1468; x_wconf 88' lang='lat' dir='ltr'>etc.</span> <span class='ocrx_word' id='word_1_78' title='bbox 795 1421 936 1468; x_wconf 83' lang='lat' dir='ltr'>xxix0</span> <span class='ocrx_word' id='word_1_79' title='bbox 972 1422 1166 1487; x_wconf 81' lang='lat'>[1429]</span> <span class='ocrx_word' id='word_1_80' title='bbox 1208 1451 1217 1460; x_wconf 89' lang='lat'><strong>·</strong></span> 
     </span>
    </p>
   </div>
   <div class='ocr_carea' id='block_1_4' title="bbox 531 1619 2458 1686">
    <p class='ocr_par' dir='ltr' id='par_1_4' title="bbox 531 1619 2458 1686">
     <span class='ocr_line' id='line_1_11' title="bbox 531 1619 2458 1686; baseline 0.003 -20"><span class='ocrx_word' id='word_1_81' title='bbox 531 1619 770 1683; x_wconf 87' lang='lat' dir='ltr'>Obligatio</span> <span class='ocrx_word' id='word_1_82' title='bbox 793 1621 988 1684; x_wconf 90' lang='lat' dir='ltr'>capituli</span> <span class='ocrx_word' id='word_1_83' title='bbox 1013 1638 1154 1686; x_wconf 89' lang='lat' dir='ltr'>super</span> <span class='ocrx_word' id='word_1_84' title='bbox 1175 1623 1316 1670; x_wconf 87' lang='lat' dir='ltr'>factis</span> <span class='ocrx_word' id='word_1_85' title='bbox 1340 1623 1528 1671; x_wconf 88' lang='lat' dir='ltr'>comitis</span> <span class='ocrx_word' id='word_1_86' title='bbox 1553 1622 1746 1671; x_wconf 91' lang='lat' dir='ltr'>Atholie</span> <span class='ocrx_word' id='word_1_87' title='bbox 1783 1623 1958 1670; x_wconf 89' lang='lat' dir='ltr'>domini</span> <span class='ocrx_word' id='word_1_88' title='bbox 1984 1624 2041 1671; x_wconf 89' lang='lat' dir='ltr'>de</span> <span class='ocrx_word' id='word_1_89' title='bbox 2068 1624 2272 1672; x_wconf 89' lang='lat' dir='ltr'>Brechin</span> <span class='ocrx_word' id='word_1_90' title='bbox 2312 1630 2361 1672; x_wconf 85' lang='lat' dir='ltr'>et</span> <span class='ocrx_word' id='word_1_91' title='bbox 2401 1627 2458 1672; x_wconf 89' lang='lat' dir='ltr'>de</span> 
     </span>
    </p>
   </div>
   <div class='ocr_carea' id='block_1_5' title="bbox 537 1709 1517 1774">
    <p class='ocr_par' dir='ltr' id='par_1_5' title="bbox 537 1709 1517 1774">
     <span class='ocr_line' id='line_1_12' title="bbox 537 1709 1517 1774; baseline 0.002 -18"><span class='ocrx_word' id='word_1_92' title='bbox 537 1709 812 1772; x_wconf 87' lang='lat' dir='ltr'>Cortoquhy</span> <span class='ocrx_word' id='word_1_93' title='bbox 851 1738 860 1747; x_wconf 91' lang='lat'><strong>·</strong></span> <span class='ocrx_word' id='word_1_94' title='bbox 1119 1715 1171 1758; x_wconf 87' lang='lat' dir='ltr'>to</span> <span class='ocrx_word' id='word_1_95' title='bbox 1195 1727 1255 1774; x_wconf 87' lang='lat' dir='ltr'>ye</span> <span class='ocrx_word' id='word_1_96' title='bbox 1278 1711 1517 1774; x_wconf 82' lang='lat' dir='ltr'>byschope</span> 
     </span>
    </p>
   </div>
   <div class='ocr_carea' id='block_1_6' title="bbox 896 1739 1097 1748">
    <p class='ocr_par' dir='ltr' id='par_1_6' title="bbox 896 1739 1097 1748">
     <span class='ocr_line' id='line_1_13' title="bbox 896 1739 1097 1748; baseline 0 0"><span class='ocrx_word' id='word_1_97' title='bbox 896 1739 1097 1748; x_wconf 95' lang='lat' dir='ltr'> </span> 
     </span>
    </p>
   </div>
   <div class='ocr_carea' id='block_1_7' title="bbox 529 1864 2461 3349">
    <p class='ocr_par' dir='ltr' id='par_1_7' title="bbox 529 1864 2461 3349">
     <span class='ocr_line' id='line_1_14' title="bbox 537 1864 2461 1931; baseline 0.003 -20"><span class='ocrx_word' id='word_1_98' title='bbox 537 1864 559 1926; x_wconf 97' lang='lat'>[</span> <span class='ocrx_word' id='word_1_99' title='bbox 896 1868 918 1931; x_wconf 97' lang='lat'>]</span> <span class='ocrx_word' id='word_1_100' title='bbox 958 1865 1103 1913; x_wconf 92' lang='lat' dir='ltr'>Cristi</span> <span class='ocrx_word' id='word_1_101' title='bbox 1149 1865 1364 1914; x_wconf 87' lang='lat' dir='ltr'>fidelibus</span> <span class='ocrx_word' id='word_1_102' title='bbox 1398 1869 1643 1929; x_wconf 72' lang='lat' dir='ltr'>presentes</span> <span class='ocrx_word' id='word_1_103' title='bbox 1677 1865 1865 1914; x_wconf 76' lang='lat' dir='ltr'>litteras</span> <span class='ocrx_word' id='word_1_104' title='bbox 1903 1866 2185 1930; x_wconf 88' lang='lat' dir='ltr'>inspecturis</span> <span class='ocrx_word' id='word_1_105' title='bbox 2219 1869 2293 1916; x_wconf 85' lang='lat' dir='ltr'>vel</span> <span class='ocrx_word' id='word_1_106' title='bbox 2330 1870 2461 1917; x_wconf 91' lang='lat' dir='ltr'>audi-</span> 
     </span>
     <span class='ocr_line' id='line_1_15' title="bbox 531 1954 2460 2018; baseline 0.003 -16"><span class='ocrx_word' id='word_1_107' title='bbox 531 1954 651 2003; x_wconf 89' lang='lat' dir='ltr'>turis</span> <span class='ocrx_word' id='word_1_108' title='bbox 683 1954 718 2001; x_wconf 90' lang='lat' dir='ltr'><strong>J</strong></span> <span class='ocrx_word' id='word_1_109' title='bbox 722 1954 930 2002; x_wconf 90' lang='lat' dir='ltr'>ohannes</span> <span class='ocrx_word' id='word_1_110' title='bbox 963 1954 1270 2018; x_wconf 86' lang='lat' dir='ltr'>permissione</span> <span class='ocrx_word' id='word_1_111' title='bbox 1306 1954 1466 2002; x_wconf 89' lang='lat' dir='ltr'>diuina</span> <span class='ocrx_word' id='word_1_112' title='bbox 1503 1954 1766 2018; x_wconf 88' lang='lat' dir='ltr'>Episcopus</span> <span class='ocrx_word' id='word_1_113' title='bbox 1801 1955 2134 2005; x_wconf 87' lang='lat' dir='ltr'>Brechinensis</span> <span class='ocrx_word' id='word_1_114' title='bbox 2171 1958 2376 2007; x_wconf 91' lang='lat' dir='ltr'>decanus</span> <span class='ocrx_word' id='word_1_115' title='bbox 2411 1964 2460 2007; x_wconf 89' lang='lat' dir='ltr'>et</span> 
     </span>
     <span class='ocr_line' id='line_1_16' title="bbox 529 2042 2459 2107; baseline 0.002 -16"><span class='ocrx_word' id='word_1_116' title='bbox 529 2042 788 2107; x_wconf 90' lang='lat' dir='ltr'>capitulum</span> <span class='ocrx_word' id='word_1_117' title='bbox 813 2043 1021 2091; x_wconf 90' lang='lat' dir='ltr'>eiusdem</span> <span class='ocrx_word' id='word_1_118' title='bbox 1047 2042 1249 2091; x_wconf 90' lang='lat' dir='ltr'>salutem</span> <span class='ocrx_word' id='word_1_119' title='bbox 1285 2043 1333 2090; x_wconf 92' lang='lat' dir='ltr'>in</span> <span class='ocrx_word' id='word_1_120' title='bbox 1373 2042 1580 2091; x_wconf 89' lang='lat' dir='ltr'>Domino</span> <span class='ocrx_word' id='word_1_121' title='bbox 1618 2071 1628 2080; x_wconf 91' lang='lat'><strong>·</strong></span> <span class='ocrx_word' id='word_1_122' title='bbox 1665 2043 1840 2092; x_wconf 89' lang='lat' dir='ltr'>Sciatis</span> <span class='ocrx_word' id='word_1_123' title='bbox 1874 2060 1960 2093; x_wconf 92' lang='lat' dir='ltr'>nos</span> <span class='ocrx_word' id='word_1_124' title='bbox 1995 2046 2204 2094; x_wconf 88' lang='lat' dir='ltr'>unanimi</span> <span class='ocrx_word' id='word_1_125' title='bbox 2230 2063 2459 2097; x_wconf 90' lang='lat' dir='ltr'>consensu</span> 
     </span>
     <span class='ocr_line' id='line_1_17' title="bbox 531 2131 2460 2200; baseline 0.002 -20"><span class='ocrx_word' id='word_1_126' title='bbox 531 2136 579 2180; x_wconf 93' lang='lat' dir='ltr'>et</span> <span class='ocrx_word' id='word_1_127' title='bbox 602 2148 795 2181; x_wconf 88' lang='lat' dir='ltr'>assensu</span> <span class='ocrx_word' id='word_1_128' title='bbox 818 2131 1118 2196; x_wconf 87' lang='lat' dir='ltr'>vtilitateque</span> <span class='ocrx_word' id='word_1_129' title='bbox 1154 2136 1203 2180; x_wconf 90' lang='lat' dir='ltr'>et</span> <span class='ocrx_word' id='word_1_130' title='bbox 1237 2133 1413 2180; x_wconf 87' lang='lat' dir='ltr'>honore</span> <span class='ocrx_word' id='word_1_131' title='bbox 1438 2132 1636 2180; x_wconf 86' lang='lat' dir='ltr'>ecclesie</span> <span class='ocrx_word' id='word_1_132' title='bbox 1660 2137 1820 2181; x_wconf 90' lang='lat' dir='ltr'>nostre</span> <span class='ocrx_word' id='word_1_133' title='bbox 1855 2136 2149 2197; x_wconf 85' lang='lat' dir='ltr'>prepensatis</span> <span class='ocrx_word' id='word_1_134' title='bbox 2173 2135 2319 2184; x_wconf 90' lang='lat' dir='ltr'>libere</span> <span class='ocrx_word' id='word_1_135' title='bbox 2354 2153 2460 2200; x_wconf 88' lang='lat' dir='ltr'>pro-</span> 
     </span>
     <span class='ocr_line' id='line_1_18' title="bbox 530 2222 2458 2289; baseline 0.003 -21"><span class='ocrx_word' id='word_1_136' title='bbox 530 2222 712 2270; x_wconf 86' lang='lat' dir='ltr'>misisse</span> <span class='ocrx_word' id='word_1_137' title='bbox 747 2225 796 2270; x_wconf 92' lang='lat' dir='ltr'>et</span> <span class='ocrx_word' id='word_1_138' title='bbox 832 2222 1118 2270; x_wconf 88' lang='lat' dir='ltr'>concessisse</span> <span class='ocrx_word' id='word_1_139' title='bbox 1153 2237 1210 2269; x_wconf 88' lang='lat' dir='ltr'>ac</span> <span class='ocrx_word' id='word_1_140' title='bbox 1244 2238 1329 2285; x_wconf 87' lang='lat' dir='ltr'>per</span> <span class='ocrx_word' id='word_1_141' title='bbox 1362 2226 1606 2286; x_wconf 90' lang='lat' dir='ltr'>presentes</span> <span class='ocrx_word' id='word_1_142' title='bbox 1651 2224 1910 2271; x_wconf 83' lang='lat' dir='ltr'>concedere</span> <span class='ocrx_word' id='word_1_143' title='bbox 1957 2227 2005 2271; x_wconf 91' lang='lat' dir='ltr'>et</span> <span class='ocrx_word' id='word_1_144' title='bbox 2055 2224 2332 2287; x_wconf 88' lang='lat' dir='ltr'>promittere</span> <span class='ocrx_word' id='word_1_145' title='bbox 2373 2242 2458 2289; x_wconf 92' lang='lat' dir='ltr'>pro</span> 
     </span>
     <span class='ocr_line' id='line_1_19' title="bbox 530 2310 2459 2374; baseline 0.003 -17"><span class='ocrx_word' id='word_1_146' title='bbox 530 2310 666 2358; x_wconf 90' lang='lat' dir='ltr'>nobis</span> <span class='ocrx_word' id='word_1_147' title='bbox 689 2313 739 2357; x_wconf 93' lang='lat' dir='ltr'>et</span> <span class='ocrx_word' id='word_1_148' title='bbox 763 2310 1110 2358; x_wconf 88' lang='lat' dir='ltr'>successoribus</span> <span class='ocrx_word' id='word_1_149' title='bbox 1133 2310 1307 2358; x_wconf 85' lang='lat' dir='ltr'>nostris</span> <span class='ocrx_word' id='word_1_150' title='bbox 1330 2311 1456 2374; x_wconf 91' lang='lat' dir='ltr'>quod</span> <span class='ocrx_word' id='word_1_151' title='bbox 1491 2311 1649 2359; x_wconf 90' lang='lat' dir='ltr'>omnia</span> <span class='ocrx_word' id='word_1_152' title='bbox 1683 2315 1732 2359; x_wconf 92' lang='lat' dir='ltr'>et</span> <span class='ocrx_word' id='word_1_153' title='bbox 1767 2311 1950 2374; x_wconf 85' lang='lat' dir='ltr'>singula</span> <span class='ocrx_word' id='word_1_154' title='bbox 1983 2317 2208 2361; x_wconf 88' lang='lat' dir='ltr'>contenta</span> <span class='ocrx_word' id='word_1_155' title='bbox 2243 2315 2290 2360; x_wconf 91' lang='lat' dir='ltr'>in</span> <span class='ocrx_word' id='word_1_156' title='bbox 2326 2321 2459 2363; x_wconf 87' lang='lat' dir='ltr'>carta</span> 
     </span>
     <span class='ocr_line' id='line_1_20' title="bbox 532 2397 2459 2463; baseline 0.003 -17"><span class='ocrx_word' id='word_1_157' title='bbox 532 2398 763 2461; x_wconf 87' lang='lat' dir='ltr'>magnifici</span> <span class='ocrx_word' id='word_1_158' title='bbox 787 2402 836 2446; x_wconf 93' lang='lat' dir='ltr'>et</span> <span class='ocrx_word' id='word_1_159' title='bbox 860 2399 1069 2461; x_wconf 89' lang='lat' dir='ltr'>potentis</span> <span class='ocrx_word' id='word_1_160' title='bbox 1092 2399 1317 2462; x_wconf 89' lang='lat' dir='ltr'>principis</span> <span class='ocrx_word' id='word_1_161' title='bbox 1342 2397 1549 2447; x_wconf 90' lang='lat' dir='ltr'>Walteri</span> <span class='ocrx_word' id='word_1_162' title='bbox 1587 2400 1733 2463; x_wconf 86' lang='lat' dir='ltr'>Regis</span> <span class='ocrx_word' id='word_1_163' title='bbox 1757 2400 1839 2447; x_wconf 90' lang='lat' dir='ltr'>filii</span> <span class='ocrx_word' id='word_1_164' title='bbox 1866 2400 2072 2450; x_wconf 84' lang='lat' dir='ltr'>Palatini</span> <span class='ocrx_word' id='word_1_165' title='bbox 2097 2403 2155 2450; x_wconf 91' lang='lat' dir='ltr'>de</span> <span class='ocrx_word' id='word_1_166' title='bbox 2181 2403 2459 2452; x_wconf 90' lang='lat' dir='ltr'>Stratherne</span> 
     </span>
     <span class='ocr_line' id='line_1_21' title="bbox 533 2486 2459 2556; baseline 0.003 -20"><span class='ocrx_word' id='word_1_167' title='bbox 533 2486 731 2536; x_wconf 93' lang='lat' dir='ltr'>Atholie</span> <span class='ocrx_word' id='word_1_168' title='bbox 756 2491 805 2535; x_wconf 93' lang='lat' dir='ltr'>et</span> <span class='ocrx_word' id='word_1_169' title='bbox 831 2487 1062 2535; x_wconf 89' lang='lat' dir='ltr'>Cathanie</span> <span class='ocrx_word' id='word_1_170' title='bbox 1099 2488 1286 2535; x_wconf 82' lang='lat' dir='ltr'>comitis</span> <span class='ocrx_word' id='word_1_171' title='bbox 1322 2488 1497 2535; x_wconf 89' lang='lat' dir='ltr'>domini</span> <span class='ocrx_word' id='word_1_172' title='bbox 1533 2489 1591 2536; x_wconf 91' lang='lat' dir='ltr'>de</span> <span class='ocrx_word' id='word_1_173' title='bbox 1630 2488 1835 2536; x_wconf 91' lang='lat' dir='ltr'>Brechin</span> <span class='ocrx_word' id='word_1_174' title='bbox 1873 2494 1921 2537; x_wconf 92' lang='lat' dir='ltr'>et</span> <span class='ocrx_word' id='word_1_175' title='bbox 1958 2491 2016 2538; x_wconf 91' lang='lat' dir='ltr'>de</span> <span class='ocrx_word' id='word_1_176' title='bbox 2056 2490 2378 2556; x_wconf 87' lang='lat' dir='ltr'>Cortoquwhy</span> <span class='ocrx_word' id='word_1_177' title='bbox 2401 2494 2459 2541; x_wconf 93' lang='lat' dir='ltr'>de</span> 
     </span>
     <span class='ocr_line' id='line_1_22' title="bbox 530 2576 2461 2642; baseline 0.003 -19"><span class='ocrx_word' id='word_1_178' title='bbox 530 2576 805 2624; x_wconf 90' lang='lat' dir='ltr'>fundatione</span> <span class='ocrx_word' id='word_1_179' title='bbox 842 2580 1071 2639; x_wconf 88' lang='lat' dir='ltr'>perpetua</span> <span class='ocrx_word' id='word_1_180' title='bbox 1118 2577 1311 2623; x_wconf 89' lang='lat' dir='ltr'>duorum</span> <span class='ocrx_word' id='word_1_181' title='bbox 1361 2576 1707 2640; x_wconf 89' lang='lat' dir='ltr'>capellanorum</span> <span class='ocrx_word' id='word_1_182' title='bbox 1744 2582 1793 2625; x_wconf 90' lang='lat' dir='ltr'>et</span> <span class='ocrx_word' id='word_1_183' title='bbox 1829 2595 1914 2626; x_wconf 85' lang='lat' dir='ltr'>sex</span> <span class='ocrx_word' id='word_1_184' title='bbox 1961 2595 2212 2642; x_wconf 87' lang='lat' dir='ltr'>puerorum</span> <span class='ocrx_word' id='word_1_185' title='bbox 2249 2581 2295 2628; x_wconf 91' lang='lat' dir='ltr'>in</span> <span class='ocrx_word' id='word_1_186' title='bbox 2331 2581 2461 2630; x_wconf 90' lang='lat' dir='ltr'>dicta</span> 
     </span>
     <span class='ocr_line' id='line_1_23' title="bbox 532 2665 2460 2732; baseline 0.002 -19"><span class='ocrx_word' id='word_1_187' title='bbox 532 2665 733 2714; x_wconf 88' lang='lat' dir='ltr'>ecclesia</span> <span class='ocrx_word' id='word_1_188' title='bbox 756 2681 842 2728; x_wconf 88' lang='lat' dir='ltr'>pro</span> <span class='ocrx_word' id='word_1_189' title='bbox 865 2669 1095 2728; x_wconf 91' lang='lat' dir='ltr'>perpetuo</span> <span class='ocrx_word' id='word_1_190' title='bbox 1121 2665 1281 2712; x_wconf 90' lang='lat' dir='ltr'>diuina</span> <span class='ocrx_word' id='word_1_191' title='bbox 1304 2665 1703 2714; x_wconf 89' lang='lat' dir='ltr'>celebraturorum</span> <span class='ocrx_word' id='word_1_192' title='bbox 1740 2667 2093 2716; x_wconf 89' lang='lat' dir='ltr'>obseruabimus</span> <span class='ocrx_word' id='word_1_193' title='bbox 2129 2684 2186 2715; x_wconf 90' lang='lat' dir='ltr'>ac</span> <span class='ocrx_word' id='word_1_194' title='bbox 2221 2669 2460 2732; x_wconf 88' lang='lat' dir='ltr'>integrali-</span> 
     </span>
     <span class='ocr_line' id='line_1_24' title="bbox 531 2753 2459 2820; baseline 0.002 -19"><span class='ocrx_word' id='word_1_195' title='bbox 531 2759 607 2802; x_wconf 87' lang='lat' dir='ltr'>ter</span> <span class='ocrx_word' id='word_1_196' title='bbox 624 2753 863 2802; x_wconf 89' lang='lat' dir='ltr'>obseruari</span> <span class='ocrx_word' id='word_1_197' title='bbox 881 2753 1107 2802; x_wconf 87' lang='lat' dir='ltr'>faciemus</span> <span class='ocrx_word' id='word_1_198' title='bbox 1131 2754 1179 2801; x_wconf 91' lang='lat' dir='ltr'>in</span> <span class='ocrx_word' id='word_1_199' title='bbox 1203 2753 1418 2802; x_wconf 88' lang='lat' dir='ltr'>omnibus</span> <span class='ocrx_word' id='word_1_200' title='bbox 1441 2759 1490 2802; x_wconf 91' lang='lat' dir='ltr'>et</span> <span class='ocrx_word' id='word_1_201' title='bbox 1513 2770 1598 2818; x_wconf 87' lang='lat' dir='ltr'>per</span> <span class='ocrx_word' id='word_1_202' title='bbox 1621 2756 1778 2802; x_wconf 91' lang='lat' dir='ltr'>omnia</span> <span class='ocrx_word' id='word_1_203' title='bbox 1803 2759 1855 2802; x_wconf 91' lang='lat' dir='ltr'>ut</span> <span class='ocrx_word' id='word_1_204' title='bbox 1879 2756 1926 2802; x_wconf 92' lang='lat' dir='ltr'>in</span> <span class='ocrx_word' id='word_1_205' title='bbox 1950 2760 2084 2804; x_wconf 87' lang='lat' dir='ltr'>carta</span> <span class='ocrx_word' id='word_1_206' title='bbox 2107 2757 2315 2805; x_wconf 89' lang='lat' dir='ltr'>eiusdem</span> <span class='ocrx_word' id='word_1_207' title='bbox 2334 2759 2459 2820; x_wconf 90' lang='lat' dir='ltr'>prin—</span> 
     </span>
     <span class='ocr_line' id='line_1_25' title="bbox 534 2842 2456 2909; baseline 0.002 -19"><span class='ocrx_word' id='word_1_208' title='bbox 534 2843 652 2906; x_wconf 92' lang='lat' dir='ltr'>cipis</span> <span class='ocrx_word' id='word_1_209' title='bbox 675 2844 733 2890; x_wconf 90' lang='lat' dir='ltr'>de</span> <span class='ocrx_word' id='word_1_210' title='bbox 756 2842 1031 2890; x_wconf 90' lang='lat' dir='ltr'>fundatione</span> <span class='ocrx_word' id='word_1_211' title='bbox 1056 2842 1301 2891; x_wconf 89' lang='lat' dir='ltr'>antedicta</span> <span class='ocrx_word' id='word_1_212' title='bbox 1325 2842 1509 2906; x_wconf 90' lang='lat' dir='ltr'>plenius</span> <span class='ocrx_word' id='word_1_213' title='bbox 1532 2843 1815 2899; x_wconf 87' lang='lat' dir='ltr'>continetur,</span> <span class='ocrx_word' id='word_1_214' title='bbox 1841 2848 1890 2892; x_wconf 90' lang='lat' dir='ltr'>et</span> <span class='ocrx_word' id='word_1_215' title='bbox 1914 2844 2025 2907; x_wconf 90' lang='lat' dir='ltr'>quia</span> <span class='ocrx_word' id='word_1_216' title='bbox 2048 2845 2203 2892; x_wconf 88' lang='lat' dir='ltr'>dictus</span> <span class='ocrx_word' id='word_1_217' title='bbox 2238 2845 2456 2909; x_wconf 91' lang='lat' dir='ltr'>princeps</span> 
     </span>
     <span class='ocr_line' id='line_1_26' title="bbox 535 2930 2456 2995; baseline 0.001 -16"><span class='ocrx_word' id='word_1_218' title='bbox 535 2932 710 2979; x_wconf 92' lang='lat' dir='ltr'>dictam</span> <span class='ocrx_word' id='word_1_219' title='bbox 757 2935 966 2979; x_wconf 91' lang='lat' dir='ltr'>nostram</span> <span class='ocrx_word' id='word_1_220' title='bbox 1024 2930 1271 2980; x_wconf 88' lang='lat' dir='ltr'>ecclesiam</span> <span class='ocrx_word' id='word_1_221' title='bbox 1320 2933 1380 2980; x_wconf 92' lang='lat' dir='ltr'>ad</span> <span class='ocrx_word' id='word_1_222' title='bbox 1428 2931 1606 2979; x_wconf 88' lang='lat' dir='ltr'>cultum</span> <span class='ocrx_word' id='word_1_223' title='bbox 1656 2932 1866 2980; x_wconf 89' lang='lat' dir='ltr'>diuinum</span> <span class='ocrx_word' id='word_1_224' title='bbox 1913 2934 2309 2995; x_wconf 88' lang='lat' dir='ltr'>augmentandum</span> <span class='ocrx_word' id='word_1_225' title='bbox 2356 2938 2456 2982; x_wconf 90' lang='lat' dir='ltr'>tam</span> 
     </span>
     <span class='ocr_line' id='line_1_27' title="bbox 533 3020 2458 3085; baseline 0.001 -16"><span class='ocrx_word' id='word_1_226' title='bbox 533 3021 785 3069; x_wconf 87' lang='lat' dir='ltr'>honorifice</span> <span class='ocrx_word' id='word_1_227' title='bbox 809 3020 992 3068; x_wconf 90' lang='lat' dir='ltr'>dotauit</span> <span class='ocrx_word' id='word_1_228' title='bbox 1031 3048 1041 3057; x_wconf 93' lang='lat'><strong>·</strong></span> <span class='ocrx_word' id='word_1_229' title='bbox 1078 3021 1196 3068; x_wconf 88' lang='lat' dir='ltr'>Ideo</span> <span class='ocrx_word' id='word_1_230' title='bbox 1219 3025 1413 3084; x_wconf 90' lang='lat' dir='ltr'>propter</span> <span class='ocrx_word' id='word_1_231' title='bbox 1435 3021 1524 3068; x_wconf 92' lang='lat' dir='ltr'>hoc</span> <span class='ocrx_word' id='word_1_232' title='bbox 1549 3025 1598 3067; x_wconf 91' lang='lat' dir='ltr'>et</span> <span class='ocrx_word' id='word_1_233' title='bbox 1622 3020 1718 3068; x_wconf 92' lang='lat' dir='ltr'>alia</span> <span class='ocrx_word' id='word_1_234' title='bbox 1751 3020 1953 3068; x_wconf 86' lang='lat' dir='ltr'>seruicia</span> <span class='ocrx_word' id='word_1_235' title='bbox 1990 3020 2153 3068; x_wconf 86' lang='lat' dir='ltr'>diuina</span> <span class='ocrx_word' id='word_1_236' title='bbox 2189 3021 2458 3085; x_wconf 86' lang='lat' dir='ltr'>amplianda</span> 
     </span>
     <span class='ocr_line' id='line_1_28' title="bbox 534 3108 2458 3174; baseline 0.001 -18"><span class='ocrx_word' id='word_1_237' title='bbox 534 3109 669 3158; x_wconf 91' lang='lat' dir='ltr'>nobis</span> <span class='ocrx_word' id='word_1_238' title='bbox 701 3125 732 3156; x_wconf 84' lang='lat' dir='ltr'>a</span> <span class='ocrx_word' id='word_1_239' title='bbox 770 3109 898 3156; x_wconf 92' lang='lat' dir='ltr'>dicto</span> <span class='ocrx_word' id='word_1_240' title='bbox 921 3108 1131 3172; x_wconf 81' lang='lat' dir='ltr'>principe</span> <span class='ocrx_word' id='word_1_241' title='bbox 1156 3108 1343 3164; x_wconf 89' lang='lat' dir='ltr'>collata,</span> <span class='ocrx_word' id='word_1_242' title='bbox 1381 3108 1613 3157; x_wconf 85' lang='lat' dir='ltr'>voluimus</span> <span class='ocrx_word' id='word_1_243' title='bbox 1649 3113 1699 3157; x_wconf 90' lang='lat' dir='ltr'>et</span> <span class='ocrx_word' id='word_1_244' title='bbox 1736 3109 2104 3158; x_wconf 89' lang='lat' dir='ltr'>consentiuimus</span> <span class='ocrx_word' id='word_1_245' title='bbox 2141 3125 2198 3157; x_wconf 83' lang='lat' dir='ltr'>ac</span> <span class='ocrx_word' id='word_1_246' title='bbox 2235 3126 2320 3172; x_wconf 88' lang='lat' dir='ltr'>per</span> <span class='ocrx_word' id='word_1_247' title='bbox 2354 3127 2458 3174; x_wconf 91' lang='lat' dir='ltr'>pre-</span> 
     </span>
     <span class='ocr_line' id='line_1_29' title="bbox 533 3197 2457 3261; baseline 0.001 -15"><span class='ocrx_word' id='word_1_248' title='bbox 533 3202 693 3247; x_wconf 89' lang='lat' dir='ltr'>sentes</span> <span class='ocrx_word' id='word_1_249' title='bbox 740 3197 954 3246; x_wconf 88' lang='lat' dir='ltr'>districte</span> <span class='ocrx_word' id='word_1_250' title='bbox 1001 3197 1260 3259; x_wconf 84' lang='lat' dir='ltr'>obligamus</span> <span class='ocrx_word' id='word_1_251' title='bbox 1305 3213 1391 3246; x_wconf 92' lang='lat' dir='ltr'>nos</span> <span class='ocrx_word' id='word_1_252' title='bbox 1436 3201 1486 3245; x_wconf 93' lang='lat' dir='ltr'>et</span> <span class='ocrx_word' id='word_1_253' title='bbox 1531 3201 1719 3246; x_wconf 89' lang='lat' dir='ltr'>nostros</span> <span class='ocrx_word' id='word_1_254' title='bbox 1779 3212 2074 3261; x_wconf 84' lang='lat' dir='ltr'>successores</span> <span class='ocrx_word' id='word_1_255' title='bbox 2137 3197 2362 3247; x_wconf 87' lang='lat' dir='ltr'>Decanos</span> <span class='ocrx_word' id='word_1_256' title='bbox 2409 3204 2457 3247; x_wconf 89' lang='lat' dir='ltr'>et</span> 
     </span>
     <span class='ocr_line' id='line_1_30' title="bbox 535 3285 2458 3349; baseline 0.001 -14"><span class='ocrx_word' id='word_1_257' title='bbox 535 3286 787 3335; x_wconf 90' lang='lat' dir='ltr'>canonicos</span> <span class='ocrx_word' id='word_1_258' title='bbox 819 3289 1064 3349; x_wconf 88' lang='lat' dir='ltr'>presentes</span> <span class='ocrx_word' id='word_1_259' title='bbox 1088 3290 1136 3333; x_wconf 92' lang='lat' dir='ltr'>et</span> <span class='ocrx_word' id='word_1_260' title='bbox 1159 3286 1342 3333; x_wconf 90' lang='lat' dir='ltr'>futuros</span> <span class='ocrx_word' id='word_1_261' title='bbox 1376 3286 1436 3332; x_wconf 90' lang='lat' dir='ltr'>ad</span> <span class='ocrx_word' id='word_1_262' title='bbox 1474 3286 1652 3333; x_wconf 84' lang='lat' dir='ltr'>firmam</span> <span class='ocrx_word' id='word_1_263' title='bbox 1690 3289 1740 3334; x_wconf 92' lang='lat' dir='ltr'>et</span> <span class='ocrx_word' id='word_1_264' title='bbox 1773 3289 2047 3349; x_wconf 87' lang='lat' dir='ltr'>perpetuam</span> <span class='ocrx_word' id='word_1_265' title='bbox 2083 3285 2458 3336; x_wconf 89' lang='lat' dir='ltr'>obseruationem</span> 
     </span>
    </p>
   </div>
  </div>
 </body>
</html>
