3016 3958
346 2159 520 2206 XXII.

1106 632 1398 687 CARTAE
1443 632 1942 688 ORIGINALES.
2429 630 2501 688 37

549 834 658 867 cum
683 818 845 870 multis
869 820 977 870 aliis
1015 850 1024 860 ·
1063 823 1410 888 Quamquidem
1435 827 1616 872 cartam
1656 851 1666 861 ·
1705 851 1715 860 ·
1754 851 1765 860 ·
1801 838 1886 886 pro
1911 823 2047 871 nobis
2071 827 2121 872 et
2145 822 2494 872 successoribus

550 910 726 959 nostris
759 911 822 957 ad
856 915 1091 960 mortuam
1130 929 1320 961 manum
1355 913 1702 978 imperpetuum
1738 913 2069 961 confirmamus
2105 912 2267 961 saluis·
2287 912 2423 960 nobis
2447 917 2496 959 et

550 1000 899 1050 successoribus
922 1001 1097 1051 nostris
1120 1003 1387 1051 orationum
1415 1002 1648 1066 suffragiis
1673 1003 1953 1050 deuotarum
1991 1002 2050 1049 In
2087 1002 2221 1050 cuius
2257 1002 2325 1049 rei
2359 1001 2497 1049 testi-

552 1089 758 1136 monium
783 1091 992 1152 presenti
1015 1095 1147 1140 carte
1173 1095 1334 1141 nostre
1359 1108 1579 1156 magnum
1602 1091 1809 1155 sigillum
1834 1095 2049 1139 nostrum
2074 1091 2249 1155 apponi
2285 1090 2497 1154 precepi-

551 1194 655 1227 mus
691 1179 913 1228 'festibus
937 1182 1198 1229 reuerendo
1233 1181 1281 1229 in
1318 1181 1510 1230 Christo
1542 1185 1680 1245 patre
1715 1181 1939 1229 Johanne
1965 1180 2188 1244 episcopo
2215 1179 2497 1243 Glasguensi

550 1268 834 1316 cancellario
874 1273 1037 1318 nostro
1076 1269 1111 1316 J
1115 1270 1300 1319 ohanne
1343 1270 1606 1319 Forestarii
1654 1269 1916 1318 camerario
1964 1273 2128 1318 nostro
2167 1269 2389 1318 Waltero
2433 1269 2492 1316 de

549 1356 719 1420 Ogilvy
747 1357 974 1420 magistro
1009 1358 1205 1423 hospitii
1240 1359 1392 1408 nostri
1427 1358 1658 1408 militibus
1695 1363 1746 1407 et
1782 1359 2010 1422 magistro
2050 1358 2294 1407 Willelmo
2334 1358 2498 1407 Foulis

547 1446 789 1510 preposito
825 1447 884 1494 de
920 1447 1146 1496 Bothuile
1170 1449 1366 1497 custode
1403 1448 1576 1512 priuati
1615 1447 1756 1511 sigilli
1791 1448 1942 1496 nostri
1979 1450 2105 1512 apud
2132 1449 2278 1496 Perth
2315 1448 2498 1496 decimo

548 1541 722 1585 octauo
746 1536 822 1584 die
847 1537 1022 1586 mensis
1047 1538 1251 1601 Augusti
1274 1554 1400 1586 anno
1425 1538 1553 1602 regni
1579 1537 1729 1586 nostri
1754 1536 1978 1586 vicesimo
2014 1542 2154 1586 sexto
2193 1565 2204 1576 ·

547 1739 650 1787 The
675 1740 911 1804 Bischope
936 1743 1029 1789 and
1055 1740 1359 1789 Channounis
1393 1741 1735 1790 Mortification
1769 1741 1838 1790 off
1865 1758 1924 1804 ye
1966 1741 2074 1789 Rud
2112 1740 2394 1804 Cheplanrie
2420 1758 2493 1789 or-

549 1828 740 1893 daining
761 1829 912 1893 yarby
951 1830 1033 1878 the
1073 1830 1249 1878 Viccar
1290 1831 1343 1878 of
1378 1831 1623 1879 Montross
1657 1830 1732 1878 for
1763 1846 1824 1893 ye
1859 1834 1990 1892 tyme
2025 1834 2078 1878 to
2113 1846 2172 1893 ye
2209 1830 2492 1894 Cheplanrie

547 1918 658 1981 yrof
690 1946 700 1956 ·
738 1919 849 1982 xxvj
877 1935 913 1967 s.
939 1921 969 1967 8
995 1921 1040 1967 d.

617 2008 905 2073 Tempillhill
929 2009 997 2058 off
1028 2010 1213 2058 Kethik
1235 2009 1310 2058 for
1332 2010 1364 2057 2
1389 2010 1549 2058 merks
1571 2013 1624 2058 to
1646 2026 1707 2073 ye
1731 2009 1955 2073 hospitall
1981 2010 2036 2073 (2)

560 2132 846 2215 Uniuersis
871 2165 1047 2214 Sancte
1086 2165 1260 2214 Matris
1295 2163 1494 2214 ecclesie
1529 2163 1638 2212 filiis
1673 2165 1734 2212 ad
1771 2180 1967 2228 quorum
2000 2164 2220 2212 notitiam
2250 2169 2494 2228 presentes

546 2256 684 2304 litere
707 2254 1010 2320 peruenerint
1036 2253 1249 2302 Salutem
1274 2254 1323 2301 in
1347 2269 1404 2302 eo
1429 2253 1523 2318 qui,
1546 2257 1619 2302 est
1656 2254 1863 2302 omnium
1889 2269 2000 2301 vera
2027 2252 2166 2302 Salus
2205 2281 2214 2290 ·
2254 2254 2495 2302 Noueritis

545 2362 632 2395 nos
654 2346 687 2392 J
692 2346 924 2393 ohannem
949 2344 1252 2393 miseratione
1277 2343 1440 2391 diuina
1464 2342 1753 2407 Episcopum
1779 2343 2149 2392 Brechinensem
2169 2358 2277 2390 cum
2295 2343 2494 2392 consilio

545 2438 594 2483 et
618 2450 813 2483 assensu
837 2433 1035 2497 capituli
1059 2433 1211 2482 nostri
1235 2433 1296 2480 ad
1320 2433 1411 2480 hoc
1439 2431 1713 2496 specialiter
1735 2432 2001 2489 conuocati,
2038 2433 2085 2479 in
2121 2449 2214 2496 quo
2248 2438 2493 2495 presentes

542 2527 693 2579 erant,
720 2522 953 2586 Magister
978 2521 1224 2571 Gilbertus
1257 2521 1496 2577 Decanus,
1532 2521 1767 2570 Dominus
1803 2521 2050 2570 Gilbertus
2085 2521 2277 2578 Cantor,
2316 2522 2492 2584 Magis-

540 2617 616 2661 ter
641 2613 868 2661 Gofridus
894 2610 1234 2666 Cancellarius,
1270 2610 1507 2659 Dominus
1540 2610 1574 2657 J
1579 2610 1790 2658 ohannes
1826 2609 1965 2673 Lyell
2001 2610 2358 2666 Thesaurarins,
2384 2626 2490 2658 cum

541 2702 743 2750 diuersis
778 2700 886 2748 aliis
925 2699 1167 2748 canonicis
1205 2698 1518 2762 capellaniam
1542 2698 1790 2746 fundatam
1827 2699 1874 2746 in
1911 2698 2096 2762 capella
2120 2699 2296 2747 Sancte
2322 2699 2488 2748 Crucis

541 2792 599 2838 de
638 2791 883 2838 Montross
920 2805 1006 2853 per
1043 2788 1298 2836 discretum
1334 2786 1485 2835 virum
1525 2787 1809 2850 Magistrum
1850 2787 2077 2835 Thomam
2107 2786 2213 2835 Bell
2240 2788 2486 2835 officialem

539 2884 753 2929 nostrum
791 2894 848 2927 ac
886 2877 1114 2926 vicarium
1151 2879 1431 2940 perpetuum
1457 2875 1666 2923 eiusdem
1702 2874 1813 2922 ville
1850 2876 1908 2922 de
1946 2875 2190 2924 Montross
2226 2876 2485 2924 ratificasse

538 2969 826 3033 approbasse
867 2971 916 3015 et
958 2959 1259 3014 contii-masse
1303 2979 1487 3012 necnon
1534 2964 1770 3013 ratificare
1811 2964 2074 3027 approbare
2117 2968 2166 3012 et
2213 2965 2486 3012 confirmare

539 3059 811 3121 dictamque
849 3055 1178 3104 fundationem
1217 3058 1266 3102 et
1309 3053 1620 3118 capellaniam
1663 3053 1712 3100 in
1752 3053 1970 3101 omnibus
2013 3053 2111 3101 suis
2152 3053 2485 3102 donationibus

539 3151 588 3195 et
634 3146 937 3194 libertatibus
983 3148 1135 3193 ratam
1182 3147 1232 3193 et
1279 3147 1462 3207 gratam
1511 3158 1596 3206 pro
1642 3142 1779 3191 nobis
1825 3146 1874 3190 et
1915 3142 2265 3190 successoribus
2310 3143 2484 3191 nostris

539 3235 759 3284 habuisse
796 3238 845 3283 et
875 3234 1223 3298 imperpetuum
1258 3232 1448 3280 habitas
1471 3235 1521 3280 et
1545 3231 1792 3279 habituras
1828 3259 1839 3269 ·
1877 3231 1943 3278 Et
1979 3235 2032 3279 ut
2067 3247 2152 3295 per
2186 3230 2480 3294 capellanum

540 3325 668 3372 dicte
709 3322 969 3387 capellanie
1010 3323 1207 3370 fundate
1248 3321 1297 3368 in
1333 3320 1463 3369 dicta
1498 3319 1682 3383 capella
1717 3320 1892 3368 Sancte
1941 3319 2107 3368 Crucis
2143 3320 2200 3366 de
2239 3319 2481 3368 Montross
