3016 3958
174 1620 466 1665 CCCXCIII.

972 617 1294 676 CARTAE
1335 611 1964 673 MISOELLANEAE.
2336 613 2446 672 373

492 822 618 865 Saint
648 821 840 865 Nicolas’
871 822 1003 879 Craig
1029 823 1185 865 within
1215 822 1289 865 the
1319 835 1395 864 sea
1424 819 1550 863 mark
1579 819 1627 862 of
1655 819 1730 862 the
1757 817 1852 861 said
1881 817 2024 874 burgh
2057 815 2105 858 of
2136 815 2325 867 Dundie,
2358 816 2443 858 and

486 902 594 945 with
615 902 689 945 the
711 902 907 946 fortalice
929 902 1014 946 and
1044 902 1167 959 place
1199 902 1247 944 of
1274 903 1348 945 the
1378 901 1472 944 said
1500 901 1634 957 cwig,
1665 898 1936 949 advocation,
1969 897 2193 948 donation,
2217 896 2303 939 and
2323 897 2444 953 right

488 982 536 1024 of
551 985 790 1040 patronage
811 982 860 1025 of
875 983 950 1026 the
971 982 1224 1039 chaplainry
1245 982 1294 1024 of
1317 981 1379 1024 St.
1403 981 1584 1023 Nicolas
1605 979 1791 1022 founded
1813 978 1966 1022 within
1988 979 2063 1021 the
2087 992 2221 1029 same,
2243 978 2445 1034 together

485 1062 593 1105 with
615 1063 690 1105 the
713 1062 982 1113 advocation,
1006 1062 1226 1113 donation‚
1250 1061 1336 1104 and
1356 1061 1477 1117 right
1497 1061 1546 1103 of
1561 1063 1802 1117 patronage
1824 1059 1872 1102 of
1891 1059 1974 1101 five
1996 1057 2288 1115 chaplainries
2310 1057 2358 1100 of
2377 1058 2441 1100 St.

490 1143 659 1199 George
680 1143 756 1186 the
776 1142 948 1199 Martyr
968 1142 1053 1185 and
1085 1142 1134 1185 of
1160 1141 1397 1184 Allhallow
1418 1140 1671 1197 chaplainry
1692 1138 1882 1182 founded
1903 1138 2058 1181 within
2080 1139 2154 1181 the
2178 1138 2272 1181 said
2293 1138 2444 1195 parish

487 1223 586 1265 kirk
607 1223 656 1266 of
673 1223 860 1265 Dundie.
920 1223 983 1266 At
1003 1221 1318 1279 Halyrudhous
1339 1221 1417 1265 9th
1440 1220 1612 1271 March,
1642 1220 1764 1264 1597.

493 1464 725 1507 Concessio
743 1463 795 1506 de
810 1463 972 1506 Nethir
990 1462 1257 1506 Petfortheis
1274 1461 1448 1504 Andree
1471 1461 1724 1504 Arbuthnet
1743 1460 1796 1502 de
1818 1460 1968 1502 eodem
1994 1474 2044 1502 ac
2065 1460 2298 1502 heredibus
2319 1461 2414 1515 ejus
2437 1493 2445 1501 .

491 1613 529 1667 J
533 1627 694 1669 acobus
716 1630 799 1669 etc.
831 1659 840 1669 .
874 1656 883 1667 .
920 1658 929 1667 .
959 1640 1040 1668 nos
1072 1656 1081 1667 .
1113 1657 1124 1666 .
1157 1657 1167 1667 .
1200 1624 1362 1667 virtute
1387 1623 1474 1666 acti
1499 1623 1640 1666 nostri
1660 1621 1937 1679 parliamenti
1961 1635 2092 1678 penes
2115 1621 2447 1664 annexationem

493 1740 502 1749 .
535 1740 544 1750 .
578 1738 587 1750 .
619 1710 837 1750 terrarum
858 1704 1252 1748 ecclesiasticarum
1282 1736 1292 1747 .
1323 1736 1332 1746 .
1363 1736 1371 1745 .
1403 1703 1697 1746 concessimus
1729 1733 1741 1744 .
1773 1735 1781 1745 .
1815 1733 1825 1746 .
1859 1702 1952 1745 sine
1988 1734 1995 1742 .
2030 1732 2040 1742 .
2075 1733 2085 1743 .
2117 1715 2319 1758 regressu
2352 1733 2361 1743 .
2393 1734 2404 1743 .
2437 1733 2446 1743 .

492 1787 665 1829 Andree
687 1786 939 1828 Arbuthnet
968 1785 1021 1827 de
1052 1784 1201 1827 eodem
1233 1784 1278 1825 in
1309 1783 1433 1826 vitali
1454 1783 1626 1826 redditu
1659 1814 1670 1825 .
1701 1814 1712 1826 .
1745 1815 1756 1826 .
1788 1787 1833 1826 et
1863 1782 2053 1825 Patricio
2085 1783 2336 1824 Arbuthnet
2367 1796 2445 1823 suo

489 1867 580 1910 filio
600 1867 797 1924 legitimo
819 1869 927 1908 natu
947 1865 1137 1908 maximo
1156 1864 1476 1921 heredibusque
1509 1864 1599 1906 suis
1627 1863 1835 1906 masculis
1866 1863 1920 1905 de
1951 1877 2130 1919 corpore
2153 1877 2231 1905 suo
2252 1861 2445 1917 legitime

489 1947 768 2003 procreandis
809 1946 966 2002 quibus
1005 1945 1305 1987 deficientibus
1341 1943 1506 1987 Jacobo
1542 1945 1795 1987 Arbuthnet
1830 1958 1909 1986 suo
1944 1943 2071 1985 fratri
2106 1957 2314 1999 germano
2355 1941 2445 1983 filio

490 2027 686 2084 legitimo
708 2026 811 2068 dicti
833 2025 1006 2068 Andree
1029 2024 1216 2068 secundo
1237 2024 1385 2081 genito
1408 2027 1451 2067 et
1471 2024 1702 2066 heredibus
1732 2024 1823 2066 suis
1843 2023 2049 2066 masculis
2079 2023 2132 2064 de
2165 2037 2344 2078 corpore
2367 2036 2445 2064 suo

490 2107 684 2162 legitime
727 2106 966 2163 procreatis
1003 2138 1013 2148 .
1048 2138 1057 2148 .
1092 2138 1102 2147 .
1136 2105 1293 2161 quibus
1333 2104 1633 2147 deficientibus
1665 2135 1677 2146 .
1706 2134 1717 2145 .
1753 2137 1763 2146 .
1794 2103 2176 2161 propinquioribus
2216 2102 2448 2144 heredibus

491 2187 698 2230 masculis
739 2187 843 2228 dicti
883 2186 1059 2229 Andree
1093 2216 1103 2227 .
1135 2218 1145 2228 .
1180 2216 1190 2227 .
1222 2189 1268 2227 et
1307 2184 1546 2240 assignatis
1589 2184 1680 2227 suis
1724 2182 2052 2240 quibuscunque
2085 2214 2096 2225 .
2129 2214 2139 2225 .
2172 2214 2181 2224 .
2214 2182 2363 2224 villam
2405 2187 2448 2223 et

491 2272 634 2310 terras
655 2268 707 2309 de
730 2266 892 2309 Nethir
913 2266 1178 2309 Petfortheis
1200 2279 1298 2307 cum
1332 2297 1342 2308 .
1376 2295 1387 2306 .
1419 2298 1430 2307 .
1461 2264 1738 2321 pertinentiis
1769 2295 1779 2306 .
1813 2297 1822 2306 .
1857 2294 1868 2304 .
1895 2264 2093 2320 jacentes
2119 2262 2164 2303 in
2193 2261 2376 2304 baronia
2397 2262 2449 2302 de

493 2347 662 2390 Kethik
694 2347 812 2389 infra
846 2346 1082 2389 dominium
1118 2345 1171 2387 de
1209 2345 1412 2387 Breichin
1448 2349 1492 2387 et
1524 2343 1872 2386 vicecomitatum
1907 2346 2105 2386 nostrum
2136 2343 2189 2384 de
2220 2342 2402 2385 Forfare
2436 2373 2445 2382 .

494 2427 761 2483 Quequidem
801 2430 917 2469 terre
953 2458 963 2468 .
1002 2456 1013 2467 .
1050 2454 1060 2462 -
1101 2425 1301 2482 perprius
1346 2424 1601 2467 Alexandro
1645 2424 1874 2466 Ookburne
1914 2424 1967 2465 de
2009 2423 2171 2465 Nethir
2205 2423 2447 2465 Petforthie

497 2541 505 2550 .
537 2541 546 2550 .
582 2541 594 2561 .‚
623 2506 884 2550 hereditarie
925 2506 1231 2563 pertinuerunt
1262 2538 1272 2548 .
1308 2538 1318 2547 .
1354 2537 1364 2547 .
1399 2504 1648 2547 immediate
1689 2504 1741 2546 de
1784 2504 1986 2560 episcopo
2028 2503 2312 2546 Brechinensi
2346 2535 2355 2545 .
2391 2533 2400 2543 .
2436 2534 2445 2542 .

493 2602 572 2644 pro
593 2591 787 2643 tempore
810 2590 911 2630 ante
932 2586 1095 2629 dictum
1127 2618 1136 2628 .
1169 2617 1179 2628 .
1212 2618 1222 2627 .
1254 2589 1400 2627 actum
1431 2584 1735 2627 annexationis
1768 2614 1779 2625 .
1811 2615 1820 2624 .
1856 2614 1866 2624 .
1897 2587 2017 2626 tente
2049 2598 2099 2625 ac
2127 2597 2204 2639 per
2228 2583 2446 2639 prefatum

493 2668 792 2710 Alexandrum
828 2699 838 2710 .
875 2697 885 2707 .
924 2697 935 2708 .
970 2681 1068 2708 cum
1110 2698 1119 2708 .
1157 2695 1166 2706 .
1207 2697 1217 2706 .
1258 2679 1473 2707 consensu
1516 2664 1701 2706 «loannis
1747 2663 1977 2705 Cokburne
2022 2663 2074 2704 de
2127 2662 2443 2719 Olerkingtoun

491 2748 656 2791 domini
676 2747 852 2790 Ricardi
875 2746 1106 2789 Cokburne
1136 2745 1189 2788 de
1220 2744 1503 2801 Auchorsyke
1525 2743 1676 2786 militis
1698 2743 1800 2786 olim
1823 2743 1960 2785 nostri
1982 2742 2187 2785 scaccarii
2210 2757 2323 2784 nunc
2344 2757 2445 2784 vero

540 2860 549 2871 .
580 2860 591 2872 .
621 2828 763 2870 nostri
799 2826 955 2869 secreti
987 2825 1121 2882 sigilli
1152 2825 1344 2867 custodis
1374 2828 1419 2867 et
1449 2824 1628 2866 Patricii
1655 2823 1853 2866 Fortoun
1883 2822 2115 2879 burgensis
2150 2823 2278 2879 burgi
2306 2823 2447 2865 nostri

493 2913 547 2954 de
582 2911 872 2968 Hadingtoun
908 2912 1157 2952 curatorum
1189 2908 1295 2951 dicti
1330 2907 1571 2950 Alexandri
1602 2940 1612 2951 .
1644 2939 1654 2950 .
1687 2940 1697 2951 .
1730 2922 1780 2950 ac
1821 2907 1957 2950 eciam
1989 2939 1998 2949 .
2034 2938 2044 2948 .
2078 2938 2089 2948 .
2120 2907 2224 2950 dicti
2269 2907 2447 2950 Andree

492 2993 746 3036 Arbuthnet
780 2991 833 3033 de
869 2990 1017 3033 eodem
1053 2988 1495 3031 liberetenementarii
1529 2987 1717 3044 dictique
1754 2986 1933 3030 Patricii
1965 2986 2218 3030 Arbuthnet
2258 2987 2327 3029 sui
2366 2987 2446 3029 filii

493 3071 724 3115 feodatarii
745 3069 1025 3127 proprietatis
1046 3069 1259 3112 dictarum
1281 3071 1495 3111 terrarum
1525 3081 1605 3123 per
1633 3069 1754 3124 ipsos
1778 3067 2026 3109 immediate
2047 3067 2100 3109 de
2120 3068 2290 3124 prefato
2312 3081 2446 3123 quon-

495 3153 594 3196 dam
623 3151 793 3194 Joanne
825 3149 1053 3193 Ookburne
1087 3151 1132 3191 et
1162 3147 1395 3190 heredibus
1424 3147 1515 3190 suis
1547 3150 1592 3189 et
1623 3150 1938 3203 consequenter
1957 3147 2242 3203 imposterum
2274 3147 2327 3189 de
2359 3161 2447 3188 me-

494 3236 664 3275 morato
701 3231 951 3273 Alexandro
983 3229 1214 3273 Gokburne
1252 3242 1330 3271 suo
1364 3227 1454 3270 filio
1490 3231 1536 3270 et
1570 3227 1727 3269 herede
1759 3228 1954 3284 predicto
1986 3232 2208 3271 tentarum
2240 3228 2368 3270 modo
2401 3229 2445 3269 in

494 3310 817 3354 infeofamentis
838 3311 1025 3366 desuper
1043 3309 1172 3352 factis
1203 3312 1248 3351 et
1277 3307 1495 3351 concessis
1516 3310 1719 3350 contento
1748 3311 1792 3350 et
1821 3321 1900 3364 per
1921 3322 2268 3363 vnumquemque
2297 3321 2446 3349 eorum

495 3391 687 3434 vnamini
728 3405 941 3435 consensu
976 3421 986 3432 .
1022 3422 1030 3432 .
1062 3423 1071 3432 .
1105 3403 1292 3445 suosque
1332 3391 1636 3445 procuratores
1675 3419 1686 3430 .
1726 3418 1736 3430 .
1772 3420 1782 3431 .
1820 3392 1865 3431 et
1903 3372 2105 3445 patentes
2152 3402 2254 3430 suas
2293 3387 2445 3430 literas
