3016 3958
941 627 1261 685 OARTAE
1301 627 1930 684 MISCELLANEAE.
2296 624 2406 685 375

458 805 507 848 of
537 808 730 857 tenants,
763 808 850 850 and
882 807 1010 850 other
1042 807 1278 850 casualties
1311 808 1588 851 whatsoever
1620 807 1669 850 of
1699 807 1838 850 which
1870 807 1925 848 he
1959 820 2049 848 was
2084 807 2128 848 in
2162 807 2411 862 possession

454 886 602 929 before
633 888 709 930 the
739 891 812 931 act
844 888 893 930 of
919 888 1199 938 annexation‚
1223 888 1330 931 with
1350 902 1500 944 power
1529 891 1575 931 to
1605 887 1738 944 uplift
1768 886 1829 930 all
1859 887 1933 930 the
1961 886 2116 944 profits
2137 886 2220 928 due
2257 890 2303 928 to
2335 887 2409 928 the

453 965 577 1022 King
616 980 666 1009 as
708 968 918 1023 superior,
954 968 1023 1010 for
1054 972 1262 1024 payment
1296 967 1445 1024 yearly
1487 968 1536 1010 of
1570 968 1686 1024 forty
1720 967 1868 1010 merks
1906 965 2035 1011 scote
2066 970 2112 1009 to
2142 966 2217 1009 the
2249 980 2408 1009 crown.

453 1043 597 1088 Dated
618 1050 665 1089 at
686 1046 1005 1090 Haliruidhous
1026 1048 1115 1090 2nd
1134 1048 1278 1106 April,
1307 1051 1415 1092 1598
1442 1048 1576 1106 [1588
1595 1047 1632 1105 l]

173 1285 426 1327 CCCXCV.
452 1273 723 1343 Preeeptum
761 1291 880 1330 carte
916 1287 1158 1330 feudifirme
1194 1289 1308 1330 facte
1347 1321 1356 1330 .
1396 1321 1406 1330 .
1445 1321 1454 1330 .
1493 1288 1522 1330 J
1524 1289 1658 1331 acobo
1700 1288 2002 1345 Levingstoun
2037 1287 2163 1330 fratri
2198 1300 2404 1343 germano

451 1367 637 1409 Joannis
657 1367 956 1424 Levingstoun
977 1368 1030 1409 de
1051 1366 1287 1424 Donypace
1318 1368 1636 1423 heredibusque
1668 1372 1712 1410 et
1743 1368 1981 1425 assignatis
2014 1400 2022 1410 .
2056 1398 2068 1409 .
2101 1400 2110 1410 .
2143 1381 2275 1423 super
2304 1397 2314 1409 .
2348 1397 2357 1406 .
2393 1399 2400 1408 .

449 1448 581 1490 tertia
600 1451 726 1503 parte
756 1480 766 1489 .
799 1479 809 1489 .
844 1477 855 1489 .
884 1451 1102 1489 terrarum
1132 1450 1178 1489 et
1206 1447 1310 1489 ville
1341 1447 1393 1488 de
1416 1447 1564 1490 Eister
1594 1447 1819 1490 Drummis
1850 1462 1946 1490 cum
1977 1447 2110 1490 tertia
2139 1450 2264 1503 parte
2285 1461 2403 1488 more

448 1527 579 1583 vulgo
599 1527 674 1570 the
696 1527 924 1583 Bischopis
940 1526 1068 1569 Firth
1084 1530 1332 1582 nuncupate
1365 1559 1374 1568 .
1407 1557 1416 1569 .
1451 1559 1460 1568 .
1486 1527 1729 1582 jacentium
1744 1527 1791 1569 in
1806 1527 1996 1570 dominio
2012 1527 2064 1569 de
2082 1526 2269 1569 Brechin
2289 1527 2404 1568 infra

446 1607 796 1649 vicecomitatum
815 1606 869 1647 de
890 1606 1047 1648 Forfar
1078 1636 1090 1648 .
1113 1605 1378 1661 Quequidem
1400 1609 1516 1648 terre
1547 1606 1748 1663 perprius
1778 1607 2084 1663 pertinuerunt
2112 1639 2122 1650 .
2155 1639 2164 1649 .
2197 1639 2206 1649 .
2239 1607 2402 1663 episco-

446 1687 570 1742 patui
601 1687 653 1728 de
676 1686 864 1728 Brechin
885 1690 1092 1742 tanquam
1113 1700 1216 1741 pars
1237 1686 1487 1741 patrimonii
1509 1690 1554 1729 et
1573 1690 1790 1730 terrarum
1811 1687 2116 1744 temporalium
2137 1687 2330 1729 eiusdem
2351 1700 2402 1728 ac

445 1782 560 1809 nunc
593 1800 601 1809 .
639 1798 648 1808 .
681 1799 690 1808 .
726 1767 821 1823 regi
861 1767 1083 1822 pertinent
1116 1799 1125 1808 .
1164 1798 1173 1808 .
1209 1798 1217 1808 .
1252 1768 1414 1808 virtute
1455 1767 1542 1809 acti
1582 1767 1886 1809 annexationis
1927 1803 1934 1810 .
1972 1800 1981 1809 .
2021 1800 2030 1810 .
2067 1782 2165 1810 cum
2204 1766 2401 1809 clausula

418 1835 498 1889 'de
538 1847 668 1890 Nouo
709 1847 863 1888 damus
897 1876 908 1887 .
944 1876 955 1888 .
991 1877 1002 1887 .
1039 1845 1275 1888 Reddendo
1313 1879 1322 1888 .
1361 1879 1370 1888 .
1409 1879 1418 1888 .
1457 1847 1566 1889 duas
1607 1847 1776 1890 celdras
1817 1847 2071 1889 victualium
2112 1847 2210 1889 inde
2251 1847 2396 1889 binam

445 1931 615 1983 partem
650 1926 788 1968 farine
821 1925 1047 1968 auenatice
1080 1929 1126 1968 et
1160 1926 1336 1968 tertiam
1369 1930 1538 1981 partem
1572 1926 1692 1968 ordei
1725 1930 1803 1969 aut
1835 1927 1991 1983 viginti
2022 1941 2190 1969 mercas
2220 1930 2393 1970 monete

446 2007 576 2049 huius
598 2007 722 2062 regni
753 2038 763 2049 .
796 2039 805 2048 .
839 2038 849 2048 .
879 2006 926 2047 in
946 2006 1120 2061 optione
1153 2005 1378 2055 soluentis,
1400 2019 1569 2048 necnon
1601 2020 1729 2047 vnam
1759 2006 2003 2048 duodenam
2034 2006 2304 2063 pultrearum
2326 2008 2395 2049 vel

449 2090 636 2143 quatuor
667 2086 828 2129 solidos
857 2089 1030 2128 monete
1064 2116 1074 2126 .
1105 2113 1115 2129 .
1152 2117 1161 2127 .
1191 2086 1238 2127 in
1269 2086 1446 2142 optione
1477 2085 1704 2136 soluentis,
1726 2100 1911 2128 vnacum
1943 2100 2111 2128 summa
2140 2087 2274 2129 trium
2296 2087 2396 2129 soli-

448 2167 600 2209 dorum
622 2170 809 2222 quatuor
827 2165 1104 2208 denariorum
1123 2170 1296 2207 monete
1319 2165 1549 2216 antedicte,
1571 2170 1780 2221 tanquam
1801 2165 2026 2221 antiquam
2047 2166 2270 2209 deum-iam
2300 2199 2309 2208 .
2344 2199 2353 2209 .
2386 2200 2394 2208 .

449 2247 634 2289 acetiam
670 2260 882 2288 summam
918 2245 1051 2288 trium
1088 2245 1323 2288 solidorum
1369 2250 1557 2301 quatuor
1596 2245 1874 2288 denariorum
1906 2250 2077 2288 monete
2118 2246 2310 2302 predicte
2350 2247 2395 2287 in

448 2327 847 2383 augmentationem
869 2327 1008 2368 nostri
1029 2325 1212 2367 rentalis
1246 2357 1254 2366 .
1287 2358 1296 2367 .
1330 2358 1339 2367 .
1371 2325 1641 2368 extendendo
1662 2325 1707 2367 in
1727 2324 1898 2382 integro
1920 2326 1977 2368 ad
1998 2340 2210 2368 summam
2240 2326 2396 2383 viginti

448 2420 687 2449 mercarum
709 2406 856 2449 decem
879 2406 1114 2448 solidorum
1145 2410 1241 2448 octo
1272 2406 1548 2448 denariorum
1579 2406 1635 2447 ad
1666 2406 1775 2448 duos
1800 2406 1902 2448 anni
1934 2406 2144 2449 terminos
2165 2410 2396 2450 consuetos

492 2519 501 2529 .
538 2517 549 2529 .
582 2486 755 2528 nomine
796 2485 1053 2542 feudifirme‚
1093 2500 1262 2527 necnon
1307 2485 1522 2528 seruando
1562 2499 1712 2527 omnes
1753 2485 1864 2527 alias
1905 2486 2172 2528 conditiones
2206 2519 2216 2529 .
2254 2519 2263 2528 .
2299 2519 2309 2529 .
2344 2501 2394 2529 ac

449 2566 656 2609 soluendo
677 2570 722 2608 et
741 2566 939 2608 faciendo
960 2579 1110 2607 omnes
1131 2565 1241 2607 alias
1261 2565 1463 2607 deuorias
1489 2568 1535 2607 et
1565 2564 1751 2607 seruicia
1770 2565 1985 2621 episcopis
2006 2566 2058 2607 de
2079 2566 2266 2612 Brechin
2302 2599 2310 2608 .
2343 2600 2352 2609 .
2385 2599 2394 2609 .

448 2650 580 2690 antea
615 2646 726 2689 solui
761 2650 807 2687 et
841 2645 936 2687 fieri
977 2645 1108 2687 solita
1145 2674 1156 2685 .
1193 2677 1202 2686 .
1242 2675 1251 2684 .
1285 2658 1452 2686 necnon
1494 2645 1676 2687 heredes
1709 2675 1720 2686 .
1753 2674 1764 2686 .
1796 2676 1806 2686 .
1838 2644 2097 2701 duplicando
2131 2677 2140 2687 .
2174 2675 2184 2686 .
2218 2676 2228 2687 .
2257 2646 2394 2689 feudi-

447 2727 616 2768 firmam
651 2756 662 2766 .
694 2759 702 2767 .
736 2758 744 2767 .
775 2725 915 2781 primo
955 2739 1070 2766 anno
1110 2738 1258 2767 eorum
1298 2724 1506 2767 introitus
1543 2757 1552 2766 .
1590 2756 1599 2766 .
1639 2757 1648 2766 .
1684 2728 1858 2766 tantum
1895 2757 1904 2766 .
1946 2755 1955 2766 .
1994 2755 2005 2767 .
2042 2724 2249 2768 Preterea
2285 2756 2296 2766 .
2336 2757 2346 2767 .

448 2805 742 2848 confirmando
769 2808 1007 2847 memorato
1038 2803 1201 2846 Jacobo
1233 2836 1243 2846 .
1277 2834 1288 2845 .
1321 2836 1329 2845 .
1361 2804 1593 2846 heredibus
1622 2804 1712 2846 suis
1742 2808 1786 2846 et
1817 2804 2054 2860 assignatis
2086 2835 2097 2845 .
2131 2835 2142 2846 .
2174 2837 2183 2846 .
2214 2804 2395 2848 infeofa-

448 2890 596 2928 menta
638 2915 651 2928 .
695 2917 704 2927 .
749 2918 757 2927 .
802 2884 986 2927 aliorum
1028 2884 1298 2940 superiorum
1336 2916 1346 2926 .
1384 2915 1393 2926 .
1433 2916 1443 2925 .
1484 2884 1617 2939 Apud
1661 2882 1990 2939 Halyruidhous
2031 2883 2282 2927 duodecimo
2323 2885 2391 2926 die

448 2966 612 3008 mensis
632 2965 660 3008 J
664 2966 754 3007 unii
777 2979 890 3007 anno
911 2963 1087 3006 Domini
1109 2975 1144 3005 M
1164 2968 1209 3006 νο
1230 2964 1511 3020 nonagesimo
1533 2967 1689 3005 octauo
1721 2995 1730 3004 .

145 3204 422 3246 CCCXCVI.
448 3196 560 3249 Ane
581 3206 710 3249 lettre
732 3205 848 3248 maid
870 3205 1058 3247 makand
1093 3204 1318 3260 mentioun
1347 3205 1447 3247 that
1477 3218 1579 3246 oure
1616 3203 1834 3246 Souerane
1856 3204 1971 3246 Lord
1993 3204 2182 3262 haveing
2201 3205 2394 3248 conside-

449 3286 623 3328 ratioun
645 3286 743 3328 that
762 3285 852 3326 Mr.
873 3284 1024 3326 Andro
1047 3283 1200 3326 Leitch
1221 3283 1421 3326 minister
1441 3284 1489 3326 of
1511 3282 1673 3325 Goddis
1694 3284 1811 3326 word
1833 3287 1881 3326 at
1900 3284 1974 3326 the
1995 3284 2132 3327 kirkis
2163 3285 2211 3327 of
2233 3285 2394 3328 Marie-

450 3369 556 3408 toun
577 3365 663 3407 and
699 3364 969 3419 Inchebryok
1001 3363 1079 3405 hes
1112 3367 1188 3405 not
1220 3362 1433 3405 sufficient
1462 3376 1669 3418 moyance
1701 3363 1786 3405 and
1818 3363 2070 3419 prouisioun
2095 3364 2163 3407 for
2194 3365 2393 3422 serveing
