3016 3958
1181 621 1474 680 OARTAE
1518 625 2019 684 ORIGINALES.
2467 636 2578 693 203

633 806 885 856 eueniente
921 810 1130 860 uniuersi
1158 813 1341 863 fructus
1364 815 1511 879 ipsius
1535 817 1796 881 capellanie
1820 820 1880 867 ad
1906 820 2045 869 unius
2069 820 2301 884 capellani
2325 823 2570 873 honestam

630 899 1027 949 sustentationem
1079 902 1161 950 vix
1206 905 1478 953 sufficerent
1517 934 1527 944 ·
1566 907 1632 954 Et
1680 907 1789 955 inde
1830 908 1933 972 ipsa
1972 908 2189 958 fundatio
2230 914 2568 975 propemodum

683 1014 693 1023 ·
733 1015 743 1024 ·
780 987 828 1035 in
851 989 1047 1038 nihilum
1074 993 1270 1041 redacta
1293 994 1437 1042 fuerit
1461 1011 1556 1043 non
1581 996 1790 1046 inuentis
1811 998 2011 1061 ydoneis
2035 1000 2249 1062 personis
2273 1017 2363 1064 que
2387 1003 2569 1065 possint

630 1091 691 1122 ex
732 1076 848 1140 ipsis
887 1079 1121 1130 fructibus
1160 1083 1418 1132 sustentari
1460 1084 1536 1133 vel
1573 1087 1870 1134 commodam
1907 1088 2214 1137 residentiam
2252 1090 2408 1138 facere
2448 1094 2570 1154 apud

629 1165 809 1214 dictum
835 1168 987 1217 altare
1016 1171 1079 1218 Et
1105 1171 1175 1220 ita
1198 1173 1278 1236 pia
1302 1189 1436 1222 mens
1457 1174 1725 1224 fundatoris
1759 1176 1851 1225 nisi
1893 1181 2127 1240 oportuno
2151 1179 2482 1228 subueniretur
2505 1198 2575 1229 re-

627 1257 784 1305 medio
826 1259 1016 1321 penitus
1054 1260 1273 1309 frustrari
1314 1266 1475 1310 tractu
1516 1264 1742 1327 temporis
1787 1265 2028 1314 videretur
2065 1295 2075 1304 ·
2115 1295 2125 1305 ·
2165 1295 2175 1305 ·
2214 1268 2306 1316 liis
2353 1285 2463 1332 ergo
2510 1271 2567 1317 de

626 1346 784 1395 causis
820 1351 869 1395 et
904 1347 1012 1397 aliis
1050 1377 1060 1387 ·
1100 1377 1111 1387 ·
1151 1378 1161 1387 ·
1198 1348 1382 1399 animos
1419 1356 1609 1400 nostros
1646 1353 1708 1400 ad
1749 1353 1797 1401 id
1836 1355 2137 1403 mouentibus
2176 1356 2330 1405 dictos
2365 1358 2572 1421 integros

623 1436 809 1485 fructus
829 1437 909 1484 uni
930 1437 1179 1501 capellano
1196 1440 1440 1503 perpetuis
1455 1440 1628 1490 futuris
1643 1443 1936 1506 temporibus
1951 1445 2258 1504 assignandos
2275 1451 2323 1494 et
2339 1447 2569 1496 uniendos

622 1526 906 1583 censuimus,
945 1555 956 1565 ·
996 1555 1006 1566 ·
1047 1555 1057 1566 ·
1093 1527 1308 1577 volentes
1333 1530 1456 1593 quod
1482 1529 1546 1578 sit
1570 1530 1618 1577 in
1642 1530 1853 1579 futurum
1878 1548 1998 1580 unus
2023 1533 2257 1582 duntaxat
2290 1534 2562 1597 capellanus

621 1616 682 1662 ad
705 1616 885 1664 dictum
910 1616 1063 1664 altare
1086 1617 1227 1666 beate
1248 1618 1440 1681 virginis
1465 1619 1626 1667 diuino
1647 1621 1844 1669 seruitio
1870 1637 2052 1678 vacans,
2072 1623 2131 1669 ad
2151 1624 2375 1671 orandum
2396 1640 2561 1672 secun-

621 1706 731 1754 dum
756 1710 968 1754 tenorem
994 1707 1287 1756 fundationis
1323 1708 1433 1772 (No.
1473 1707 1556 1768 14)
1595 1736 1605 1745 ·
1646 1736 1656 1746 ·
1696 1737 1706 1746 ·
1745 1709 2028 1773 Quiquidem
2065 1711 2336 1774 capellanus
2370 1713 2562 1761 habebit

619 1799 772 1843 totam
799 1795 929 1844 illam
955 1800 1140 1860 partem
1164 1797 1358 1845 baronie
1395 1798 1454 1845 de
1490 1797 1693 1847 Dundee
1728 1802 1828 1846 tam
1865 1799 1991 1846 intra
2025 1799 2222 1862 burgum
2258 1817 2395 1863 quam
2422 1806 2561 1849 extra

618 1891 716 1934 tam
755 1885 801 1932 in
838 1902 996 1934 annuo
1031 1886 1221 1934 redditu
1256 1902 1396 1950 quam
1433 1886 1481 1934 in
1516 1890 1646 1934 terra
1682 1902 1952 1936 concessam
1989 1888 2117 1936 dicto
2152 1889 2297 1937 nobili
2323 1892 2557 1954 quondam

619 1975 810 2024 domino
836 1977 1051 2024 Roberto
1087 1977 1146 2024 de
1184 1976 1374 2039 Erskyn
1400 1976 1540 2024 militi
1576 1981 1625 2024 et
1661 1977 1913 2025 heredibus
1937 1977 2034 2026 suis
2072 1981 2121 2025 et
2160 1979 2411 2041 assignatis
2449 2007 2459 2017 ·
2499 2008 2509 2017 ·
2547 2008 2557 2018 ·

616 2066 676 2112 ad
704 2069 938 2113 mortuam
963 2081 1154 2113 manum
1178 2082 1264 2128 per
1295 2065 1659 2114 illustrissimum
1703 2094 1712 2104 -
1753 2094 1763 2104 ·
1803 2095 1813 2104 -
1851 2066 2090 2114 Dauidem
2115 2067 2209 2115 Dei
2232 2068 2387 2130 gratia
2411 2085 2556 2132 quon-

617 2156 724 2202 dam
769 2155 1018 2203 Scotorum
1061 2171 1218 2217 regem
1256 2154 1380 2203 sicut
1417 2158 1553 2218 patet
1594 2171 1680 2218 per
1716 2155 1818 2203 eius
1855 2159 2035 2203 cartam
2075 2156 2184 2220 (No.
2229 2156 2310 2219 12)
2349 2184 2361 2195 ·
2399 2184 2409 2194 ·
2449 2185 2458 2194 ·
2496 2158 2554 2204 In

616 2261 812 2307 quorum
838 2244 1044 2292 omnium
1070 2247 1119 2291 et
1143 2242 1432 2306 singulorum
1470 2271 1481 2281 ·
1519 2271 1530 2282 ·
1570 2271 1580 2281 ·
1616 2244 1941 2292 testimonium
1960 2244 2163 2306 sigillum
2187 2261 2420 2293 armorum
2445 2263 2550 2309 pre-

613 2334 701 2381 fati
727 2333 899 2381 nobilis
923 2333 1100 2381 domini
1135 2333 1168 2379 J
1173 2333 1339 2380 oannis
1375 2332 1552 2379 domini
1591 2333 1650 2380 de
1694 2333 1884 2395 Erskyn
1920 2333 1967 2379 in
1998 2333 2179 2395 signum
2203 2334 2275 2381 sui
2300 2350 2552 2383 consensus

665 2451 675 2460 ·
715 2451 726 2460 -
762 2438 945 2469 necnon
987 2421 1190 2484 sigillum
1232 2426 1445 2469 nostrum
1489 2424 1537 2467 et
1576 2420 1782 2483 sigillum
1826 2421 2023 2485 capituli
2065 2422 2214 2469 nostri
2254 2423 2549 2485 presentibus

612 2516 722 2560 sunt
747 2527 956 2574 appensa
991 2525 1191 2557 unacum
1228 2487 1652 2572 subscriptionibus
1687 2510 1982 2558 manualibus
2017 2510 2191 2557 nostris
2226 2514 2274 2557 et
2311 2510 2424 2557 dicti
2460 2511 2547 2557 Jo-

611 2601 747 2649 annis
772 2600 949 2648 domini
974 2600 1032 2646 de
1059 2599 1249 2661 Erskyn
1273 2597 1462 2660 patroni
1486 2613 1543 2645 ac
1567 2597 1989 2660 subscriptionibus
2023 2597 2229 2660 ipsorum
2255 2598 2546 2645 dominorum

612 2691 798 2739 Nicolai
825 2690 1124 2738 Thomsoune
1160 2691 1209 2735 et
1243 2687 1448 2735 Joannis
1473 2686 1815 2734 Villiamsoune
1841 2685 2188 2749 capellanorum
2223 2687 2346 2749 apud
2383 2686 2549 2734 ciuita-

610 2787 708 2829 tem
735 2786 784 2828 et
804 2783 1011 2827 castrum
1032 2777 1351 2825 Brechinense
1371 2780 1419 2824 et
1440 2775 1678 2824 Farnwell
1697 2775 1861 2824 diebus
1885 2776 1999 2822 xviii
2023 2780 2072 2823 et
2098 2776 2320 2838 vigesimo
2344 2777 2545 2840 septimo

610 2871 784 2919 mensis
807 2870 839 2917 J
847 2869 946 2916 unii
970 2866 1235 2930 respectiue
1271 2882 1395 2913 anno
1430 2864 1607 2912 domini
1641 2864 1891 2912 millesimo
1922 2863 2295 2927 quingentesimo
2320 2865 2547 2928 quinqua-

608 2959 786 3023 gesimo
810 2962 950 3007 sexto
975 2972 1134 3004 coram
1157 2955 1232 3003 his
1255 2955 1458 3003 testibus
1487 2953 1706 3002 videlicet
1743 2953 1856 3000 xviii
1890 2954 1923 3000 J
1929 2953 2023 3000 unii
2049 2953 2403 3002 honorabilibus
2428 2955 2544 3001 viris

610 3050 874 3113 respectiue
921 3048 955 3094 J
960 3063 1110 3095 oanne
1165 3045 1514 3108 Cwnynghame
1550 3045 1608 3091 de
1645 3043 2038 3106 Drumquhassyll
2085 3042 2289 3106 Georgio
2337 3043 2541 3091 Freland

611 3139 912 3188 Allexandro
955 3137 1174 3199 Erskyne
1221 3138 1270 3182 et
1318 3133 1507 3181 domino
1550 3133 1742 3179 Andrea
1789 3131 1929 3194 Hogy
1970 3131 2214 3194 capellano
2261 3136 2310 3180 et
2357 3133 2541 3180 notario

607 3227 796 3291 publico
821 3231 870 3274 et
895 3225 1159 3274 successiue
1180 3239 1337 3271 coram
1365 3222 1574 3269 Henrico
1600 3221 1857 3284 Hepburne
1891 3221 2077 3267 Jacobo
2104 3220 2253 3267 Lamb
2280 3225 2329 3268 et
2354 3221 2540 3267 domino

606 3317 639 3363 J
643 3332 795 3364 oanne
822 3316 861 3362 F
864 3330 997 3362 arrar
1017 3311 1263 3376 capellano
1299 3316 1349 3359 et
1385 3311 1537 3358 denuo
1563 3310 1690 3357 dicto
1715 3309 1846 3357 xxvii
1872 3309 1946 3356 die
1981 3309 2014 3355 J
2020 3309 2116 3356 unii
2143 3324 2298 3356 coram
2326 3309 2540 3357 discretis
