<?xml version="1.0" encoding="UTF-8"?>
<!DOCTYPE html PUBLIC "-//W3C//DTD XHTML 1.0 Transitional//EN"
    "http://www.w3.org/TR/xhtml1/DTD/xhtml1-transitional.dtd">
<html xmlns="http://www.w3.org/1999/xhtml" xml:lang="en" lang="en">
 <head>
  <title>
</title>
<meta http-equiv="Content-Type" content="text/html;charset=utf-8" />
  <meta name='ocr-system' content='tesseract 3.04.00' />
  <meta name='ocr-capabilities' content='ocr_page ocr_carea ocr_par ocr_line ocrx_word'/>
</head>
<body>
  <div class='ocr_page' id='page_1' title='image "./registrumepiscop02brecuoft_0021.png"; bbox 0 0 2794 3984; ppageno 0'>
   <div class='ocr_carea' id='block_1_1' title="bbox 871 615 2356 684">
    <p class='ocr_par' dir='ltr' id='par_1_1' title="bbox 871 615 2356 684">
     <span class='ocr_line' id='line_1_1' title="bbox 871 615 2356 684; baseline 0.003 -14"><span class='ocrx_word' id='word_1_1' title='bbox 871 680 875 684; x_wconf 71' lang='lat'><strong>.</strong></span> <span class='ocrx_word' id='word_1_2' title='bbox 954 615 1248 672; x_wconf 85' lang='lat' dir='ltr'><strong>CARTAE</strong></span> <span class='ocrx_word' id='word_1_3' title='bbox 1293 616 1798 675; x_wconf 78' lang='lat' dir='ltr'><strong>ORIGINALES.</strong></span> <span class='ocrx_word' id='word_1_4' title='bbox 2321 616 2356 675; x_wconf 82' lang='lat'><strong>7</strong></span> 
     </span>
    </p>
   </div>
   <div class='ocr_carea' id='block_1_2' title="bbox 387 802 2356 1230">
    <p class='ocr_par' dir='ltr' id='par_1_2' title="bbox 387 802 2356 1230">
     <span class='ocr_line' id='line_1_2' title="bbox 394 802 2356 873; baseline 0.004 -23"><span class='ocrx_word' id='word_1_5' title='bbox 394 802 604 852; x_wconf 87' lang='lat' dir='ltr'>Paneter</span> <span class='ocrx_word' id='word_1_6' title='bbox 641 820 703 852; x_wconf 86' lang='lat' dir='ltr'>ex</span> <span class='ocrx_word' id='word_1_7' title='bbox 742 810 879 869; x_wconf 90' lang='lat' dir='ltr'>parte</span> <span class='ocrx_word' id='word_1_8' title='bbox 917 807 1098 857; x_wconf 87' lang='lat' dir='ltr'>boreali</span> <span class='ocrx_word' id='word_1_9' title='bbox 1136 825 1199 856; x_wconf 86' lang='lat' dir='ltr'>ex</span> <span class='ocrx_word' id='word_1_10' title='bbox 1238 812 1376 873; x_wconf 85' lang='lat' dir='ltr'>parte</span> <span class='ocrx_word' id='word_1_11' title='bbox 1412 824 1520 864; x_wconf 91' lang='lat' dir='ltr'>una,</span> <span class='ocrx_word' id='word_1_12' title='bbox 1557 812 1607 857; x_wconf 88' lang='lat' dir='ltr'>et</span> <span class='ocrx_word' id='word_1_13' title='bbox 1642 812 1820 856; x_wconf 87' lang='lat' dir='ltr'>terram</span> <span class='ocrx_word' id='word_1_14' title='bbox 1847 809 2084 872; x_wconf 87' lang='lat' dir='ltr'>quondam</span> <span class='ocrx_word' id='word_1_15' title='bbox 2109 809 2142 855; x_wconf 88' lang='lat' dir='ltr'><strong>J</strong></span> <span class='ocrx_word' id='word_1_16' title='bbox 2147 810 2206 856; x_wconf 90' lang='lat' dir='ltr'>oh</span> <span class='ocrx_word' id='word_1_17' title='bbox 2219 810 2356 858; x_wconf 79' lang='lat' dir='ltr'>annis</span> 
     </span>
     <span class='ocr_line' id='line_1_3' title="bbox 393 893 2348 961; baseline 0.003 -21"><span class='ocrx_word' id='word_1_18' title='bbox 393 893 532 942; x_wconf 88' lang='lat' dir='ltr'>Scott</span> <span class='ocrx_word' id='word_1_19' title='bbox 568 911 660 958; x_wconf 93' lang='lat' dir='ltr'>que</span> <span class='ocrx_word' id='word_1_20' title='bbox 705 899 900 945; x_wconf 87' lang='lat' dir='ltr'>tenetur</span> <span class='ocrx_word' id='word_1_21' title='bbox 947 899 1006 945; x_wconf 89' lang='lat' dir='ltr'>de</span> <span class='ocrx_word' id='word_1_22' title='bbox 1057 899 1238 947; x_wconf 83' lang='lat' dir='ltr'>Sancta</span> <span class='ocrx_word' id='word_1_23' title='bbox 1279 898 1452 955; x_wconf 85' lang='lat' dir='ltr'>Maria,</span> <span class='ocrx_word' id='word_1_24' title='bbox 1500 913 1563 946; x_wconf 85' lang='lat' dir='ltr'>ex</span> <span class='ocrx_word' id='word_1_25' title='bbox 1609 902 1746 961; x_wconf 91' lang='lat' dir='ltr'>parte</span> <span class='ocrx_word' id='word_1_26' title='bbox 1793 897 1992 946; x_wconf 72' lang='lat' dir='ltr'>australi</span> <span class='ocrx_word' id='word_1_27' title='bbox 2038 915 2101 946; x_wconf 85' lang='lat' dir='ltr'>ex</span> <span class='ocrx_word' id='word_1_28' title='bbox 2148 898 2302 947; x_wconf 86' lang='lat' dir='ltr'>altera</span> <span class='ocrx_word' id='word_1_29' title='bbox 2340 927 2348 936; x_wconf 93' lang='lat'><strong>·</strong></span> 
     </span>
     <span class='ocr_line' id='line_1_4' title="bbox 392 983 2352 1044; baseline 0.003 -14"><span class='ocrx_word' id='word_1_30' title='bbox 392 983 643 1034; x_wconf 88' lang='lat' dir='ltr'>Tenendas</span> <span class='ocrx_word' id='word_1_31' title='bbox 666 989 716 1033; x_wconf 90' lang='lat' dir='ltr'>et</span> <span class='ocrx_word' id='word_1_32' title='bbox 739 985 984 1036; x_wconf 89' lang='lat' dir='ltr'>habendas</span> <span class='ocrx_word' id='word_1_33' title='bbox 1007 987 1162 1036; x_wconf 88' lang='lat' dir='ltr'>eidem</span> <span class='ocrx_word' id='word_1_34' title='bbox 1196 986 1396 1037; x_wconf 89' lang='lat' dir='ltr'>Helisco</span> <span class='ocrx_word' id='word_1_35' title='bbox 1419 991 1470 1036; x_wconf 90' lang='lat' dir='ltr'>et</span> <span class='ocrx_word' id='word_1_36' title='bbox 1492 987 1748 1036; x_wconf 79' lang='lat' dir='ltr'>heredibus</span> <span class='ocrx_word' id='word_1_37' title='bbox 1771 987 1882 1044; x_wconf 89' lang='lat' dir='ltr'>suis,</span> <span class='ocrx_word' id='word_1_38' title='bbox 1907 988 1966 1035; x_wconf 90' lang='lat' dir='ltr'>de</span> <span class='ocrx_word' id='word_1_39' title='bbox 1991 988 2128 1036; x_wconf 90' lang='lat' dir='ltr'>nobis</span> <span class='ocrx_word' id='word_1_40' title='bbox 2163 993 2212 1036; x_wconf 91' lang='lat' dir='ltr'>et</span> <span class='ocrx_word' id='word_1_41' title='bbox 2247 1004 2352 1037; x_wconf 87' lang='lat' dir='ltr'>suc-</span> 
     </span>
     <span class='ocr_line' id='line_1_5' title="bbox 390 1074 2346 1142; baseline 0.003 -21"><span class='ocrx_word' id='word_1_42' title='bbox 390 1074 655 1124; x_wconf 87' lang='lat' dir='ltr'>cessoribus</span> <span class='ocrx_word' id='word_1_43' title='bbox 678 1075 855 1125; x_wconf 88' lang='lat' dir='ltr'>nostris</span> <span class='ocrx_word' id='word_1_44' title='bbox 879 1076 927 1124; x_wconf 91' lang='lat' dir='ltr'>in</span> <span class='ocrx_word' id='word_1_45' title='bbox 950 1076 1152 1126; x_wconf 90' lang='lat' dir='ltr'>liberum</span> <span class='ocrx_word' id='word_1_46' title='bbox 1184 1077 1460 1141; x_wconf 82' lang='lat' dir='ltr'>burgagium</span> <span class='ocrx_word' id='word_1_47' title='bbox 1482 1078 1547 1126; x_wconf 84' lang='lat' dir='ltr'>ad</span> <span class='ocrx_word' id='word_1_48' title='bbox 1571 1078 1896 1126; x_wconf 88' lang='lat' dir='ltr'>feodofirmam</span> <span class='ocrx_word' id='word_1_49' title='bbox 1932 1078 1980 1126; x_wconf 92' lang='lat' dir='ltr'>in</span> <span class='ocrx_word' id='word_1_50' title='bbox 2017 1083 2297 1142; x_wconf 86' lang='lat' dir='ltr'>perpetuum</span> <span class='ocrx_word' id='word_1_51' title='bbox 2337 1107 2346 1116; x_wconf 88' lang='lat'><strong>·</strong></span> 
     </span>
     <span class='ocr_line' id='line_1_6' title="bbox 387 1162 2347 1230; baseline 0.003 -20"><span class='ocrx_word' id='word_1_52' title='bbox 387 1162 536 1212; x_wconf 90' lang='lat' dir='ltr'>libere</span> <span class='ocrx_word' id='word_1_53' title='bbox 571 1165 731 1228; x_wconf 90' lang='lat' dir='ltr'>quiete</span> <span class='ocrx_word' id='word_1_54' title='bbox 766 1165 979 1230; x_wconf 84' lang='lat' dir='ltr'>plenarie</span> <span class='ocrx_word' id='word_1_55' title='bbox 1015 1171 1064 1215; x_wconf 93' lang='lat' dir='ltr'>et</span> <span class='ocrx_word' id='word_1_56' title='bbox 1099 1167 1357 1216; x_wconf 78' lang='lat' dir='ltr'>honorifice</span> <span class='ocrx_word' id='word_1_57' title='bbox 1381 1182 1490 1216; x_wconf 90' lang='lat' dir='ltr'>cum</span> <span class='ocrx_word' id='word_1_58' title='bbox 1515 1167 1736 1216; x_wconf 88' lang='lat' dir='ltr'>omnibus</span> <span class='ocrx_word' id='word_1_59' title='bbox 1761 1167 2065 1216; x_wconf 76' lang='lat' dir='ltr'>libertatibus</span> <span class='ocrx_word' id='word_1_60' title='bbox 2089 1169 2347 1216; x_wconf 91' lang='lat' dir='ltr'>commodi-</span> 
     </span>
    </p>
   </div>
   <div class='ocr_carea' id='block_1_3' title="bbox 386 1254 2442 1323">
    <p class='ocr_par' dir='ltr' id='par_1_3' title="bbox 386 1254 2442 1323">
     <span class='ocr_line' id='line_1_7' title="bbox 386 1254 2442 1323; baseline 0.002 -22"><span class='ocrx_word' id='word_1_61' title='bbox 386 1254 569 1303; x_wconf 89' lang='lat' dir='ltr'>tatibus</span> <span class='ocrx_word' id='word_1_62' title='bbox 592 1255 887 1304; x_wconf 88' lang='lat' dir='ltr'>aisiamentis</span> <span class='ocrx_word' id='word_1_63' title='bbox 910 1260 960 1304; x_wconf 91' lang='lat' dir='ltr'>et</span> <span class='ocrx_word' id='word_1_64' title='bbox 984 1256 1124 1306; x_wconf 88' lang='lat' dir='ltr'>iustis</span> <span class='ocrx_word' id='word_1_65' title='bbox 1147 1256 1457 1321; x_wconf 76' lang='lat' dir='ltr'>pertinenciis</span> <span class='ocrx_word' id='word_1_66' title='bbox 1488 1256 1589 1306; x_wconf 86' lang='lat' dir='ltr'>suis</span> <span class='ocrx_word' id='word_1_67' title='bbox 1626 1285 1636 1294; x_wconf 94' lang='lat'><em>·</em></span> <span class='ocrx_word' id='word_1_68' title='bbox 1674 1256 1942 1306; x_wconf 83' lang='lat' dir='ltr'>Reddendo</span> <span class='ocrx_word' id='word_1_69' title='bbox 1967 1257 2076 1305; x_wconf 92' lang='lat' dir='ltr'>inde</span> <span class='ocrx_word' id='word_1_70' title='bbox 2099 1258 2346 1306; x_wconf 85' lang='lat' dir='ltr'>annuatim</span> <span class='ocrx_word' id='word_1_71' title='bbox 2434 1316 2442 1323; x_wconf 17' lang='grc' dir='ltr'>ἢ</span> 
     </span>
    </p>
   </div>
   <div class='ocr_carea' id='block_1_4' title="bbox 381 1343 2343 2040">
    <p class='ocr_par' dir='ltr' id='par_1_4' title="bbox 381 1343 2343 2040">
     <span class='ocr_line' id='line_1_8' title="bbox 387 1343 2340 1411; baseline 0.003 -21"><span class='ocrx_word' id='word_1_72' title='bbox 387 1344 544 1393; x_wconf 90' lang='lat' dir='ltr'>dictus</span> <span class='ocrx_word' id='word_1_73' title='bbox 586 1343 812 1394; x_wconf 82' lang='lat' dir='ltr'>Heliseus</span> <span class='ocrx_word' id='word_1_74' title='bbox 846 1349 896 1394; x_wconf 89' lang='lat' dir='ltr'>et</span> <span class='ocrx_word' id='word_1_75' title='bbox 931 1346 1134 1396; x_wconf 89' lang='lat' dir='ltr'>heredes</span> <span class='ocrx_word' id='word_1_76' title='bbox 1167 1347 1241 1396; x_wconf 89' lang='lat' dir='ltr'>sui</span> <span class='ocrx_word' id='word_1_77' title='bbox 1277 1347 1501 1411; x_wconf 85' lang='lat' dir='ltr'>episcopo</span> <span class='ocrx_word' id='word_1_78' title='bbox 1538 1346 1864 1410; x_wconf 83' lang='lat' dir='ltr'>Brechynensi</span> <span class='ocrx_word' id='word_1_79' title='bbox 1889 1347 1970 1411; x_wconf 90' lang='lat' dir='ltr'>qui</span> <span class='ocrx_word' id='word_1_80' title='bbox 2005 1363 2091 1410; x_wconf 91' lang='lat' dir='ltr'>pro</span> <span class='ocrx_word' id='word_1_81' title='bbox 2125 1351 2340 1411; x_wconf 90' lang='lat' dir='ltr'>tempore</span> 
     </span>
     <span class='ocr_line' id='line_1_9' title="bbox 383 1434 2343 1500; baseline 0.001 -19"><span class='ocrx_word' id='word_1_82' title='bbox 383 1434 544 1490; x_wconf 88' lang='lat' dir='ltr'>fuerit,</span> <span class='ocrx_word' id='word_1_83' title='bbox 591 1436 755 1483; x_wconf 89' lang='lat' dir='ltr'>decem</span> <span class='ocrx_word' id='word_1_84' title='bbox 792 1435 971 1485; x_wconf 89' lang='lat' dir='ltr'>solidos</span> <span class='ocrx_word' id='word_1_85' title='bbox 1018 1435 1352 1500; x_wconf 87' lang='lat' dir='ltr'>sterlingorum</span> <span class='ocrx_word' id='word_1_86' title='bbox 1391 1464 1401 1475; x_wconf 91' lang='lat'><strong>·</strong></span> <span class='ocrx_word' id='word_1_87' title='bbox 1437 1437 1500 1485; x_wconf 89' lang='lat' dir='ltr'>ad</span> <span class='ocrx_word' id='word_1_88' title='bbox 1533 1436 1764 1485; x_wconf 86' lang='lat' dir='ltr'>terminos</span> <span class='ocrx_word' id='word_1_89' title='bbox 1800 1436 2112 1485; x_wconf 89' lang='lat' dir='ltr'>Pentecostes</span> <span class='ocrx_word' id='word_1_90' title='bbox 2148 1441 2199 1485; x_wconf 91' lang='lat' dir='ltr'>et</span> <span class='ocrx_word' id='word_1_91' title='bbox 2233 1437 2343 1485; x_wconf 87' lang='lat' dir='ltr'>festi</span> 
     </span>
     <span class='ocr_line' id='line_1_10' title="bbox 382 1523 2337 1592; baseline 0.002 -21"><span class='ocrx_word' id='word_1_92' title='bbox 382 1523 551 1572; x_wconf 82' lang='lat' dir='ltr'>Sancti</span> <span class='ocrx_word' id='word_1_93' title='bbox 578 1524 779 1573; x_wconf 91' lang='lat' dir='ltr'>Martini</span> <span class='ocrx_word' id='word_1_94' title='bbox 802 1525 852 1573; x_wconf 93' lang='lat' dir='ltr'>in</span> <span class='ocrx_word' id='word_1_95' title='bbox 875 1528 1014 1592; x_wconf 67' lang='lat' dir='ltr'>yeme</span> <span class='ocrx_word' id='word_1_96' title='bbox 1052 1554 1062 1564; x_wconf 93' lang='lat'><strong>·</strong></span> <span class='ocrx_word' id='word_1_97' title='bbox 1098 1542 1186 1591; x_wconf 90' lang='lat' dir='ltr'>per</span> <span class='ocrx_word' id='word_1_98' title='bbox 1208 1526 1403 1591; x_wconf 85' lang='lat' dir='ltr'>equales</span> <span class='ocrx_word' id='word_1_99' title='bbox 1426 1527 1740 1576; x_wconf 85' lang='lat' dir='ltr'>medietates:</span> <span class='ocrx_word' id='word_1_100' title='bbox 1765 1530 1815 1574; x_wconf 85' lang='lat' dir='ltr'>et</span> <span class='ocrx_word' id='word_1_101' title='bbox 1839 1531 2020 1575; x_wconf 89' lang='lat' dir='ltr'>sectam</span> <span class='ocrx_word' id='word_1_102' title='bbox 2044 1527 2263 1574; x_wconf 85' lang='lat' dir='ltr'>faciendo</span> <span class='ocrx_word' id='word_1_103' title='bbox 2289 1532 2337 1575; x_wconf 91' lang='lat' dir='ltr'>et</span> 
     </span>
     <span class='ocr_line' id='line_1_11' title="bbox 383 1612 2341 1680; baseline 0.002 -19"><span class='ocrx_word' id='word_1_104' title='bbox 383 1612 611 1662; x_wconf 90' lang='lat' dir='ltr'>soluendo</span> <span class='ocrx_word' id='word_1_105' title='bbox 631 1615 828 1663; x_wconf 88' lang='lat' dir='ltr'>domino</span> <span class='ocrx_word' id='word_1_106' title='bbox 854 1615 977 1679; x_wconf 88' lang='lat' dir='ltr'>Regi</span> <span class='ocrx_word' id='word_1_107' title='bbox 1001 1616 1253 1665; x_wconf 88' lang='lat' dir='ltr'>seruicium</span> <span class='ocrx_word' id='word_1_108' title='bbox 1279 1621 1329 1665; x_wconf 90' lang='lat' dir='ltr'>et</span> <span class='ocrx_word' id='word_1_109' title='bbox 1354 1616 1566 1665; x_wconf 87' lang='lat' dir='ltr'>debitum</span> <span class='ocrx_word' id='word_1_110' title='bbox 1592 1620 1820 1680; x_wconf 88' lang='lat' dir='ltr'>quantum</span> <span class='ocrx_word' id='word_1_111' title='bbox 1846 1617 2054 1680; x_wconf 89' lang='lat' dir='ltr'>pertinet</span> <span class='ocrx_word' id='word_1_112' title='bbox 2078 1618 2137 1665; x_wconf 89' lang='lat' dir='ltr'>ad</span> <span class='ocrx_word' id='word_1_113' title='bbox 2165 1617 2341 1664; x_wconf 89' lang='lat' dir='ltr'>dictam</span> 
     </span>
     <span class='ocr_line' id='line_1_12' title="bbox 382 1704 2340 1770; baseline 0.002 -19"><span class='ocrx_word' id='word_1_114' title='bbox 382 1708 561 1752; x_wconf 88' lang='lat' dir='ltr'>terram</span> <span class='ocrx_word' id='word_1_115' title='bbox 598 1732 608 1742; x_wconf 93' lang='lat'><strong>·</strong></span> <span class='ocrx_word' id='word_1_116' title='bbox 647 1704 706 1752; x_wconf 92' lang='lat' dir='ltr'>In</span> <span class='ocrx_word' id='word_1_117' title='bbox 731 1705 866 1754; x_wconf 88' lang='lat' dir='ltr'>cuius</span> <span class='ocrx_word' id='word_1_118' title='bbox 889 1707 959 1754; x_wconf 92' lang='lat' dir='ltr'>rei</span> <span class='ocrx_word' id='word_1_119' title='bbox 982 1706 1308 1755; x_wconf 87' lang='lat' dir='ltr'>testimonium</span> <span class='ocrx_word' id='word_1_120' title='bbox 1334 1706 1539 1770; x_wconf 87' lang='lat' dir='ltr'>sigillum</span> <span class='ocrx_word' id='word_1_121' title='bbox 1565 1710 1794 1762; x_wconf 88' lang='lat' dir='ltr'>nostrum,</span> <span class='ocrx_word' id='word_1_122' title='bbox 1831 1722 1926 1754; x_wconf 87' lang='lat' dir='ltr'>una</span> <span class='ocrx_word' id='word_1_123' title='bbox 1961 1722 2067 1754; x_wconf 91' lang='lat' dir='ltr'>cum</span> <span class='ocrx_word' id='word_1_124' title='bbox 2104 1707 2340 1754; x_wconf 90' lang='lat' dir='ltr'>communi</span> 
     </span>
     <span class='ocr_line' id='line_1_13' title="bbox 382 1793 2340 1860; baseline 0.001 -19"><span class='ocrx_word' id='word_1_125' title='bbox 382 1793 537 1856; x_wconf 89' lang='lat' dir='ltr'>sigillo</span> <span class='ocrx_word' id='word_1_126' title='bbox 561 1795 713 1843; x_wconf 89' lang='lat' dir='ltr'>nostri</span> <span class='ocrx_word' id='word_1_127' title='bbox 738 1795 936 1859; x_wconf 86' lang='lat' dir='ltr'>capituli</span> <span class='ocrx_word' id='word_1_128' title='bbox 971 1796 1184 1860; x_wconf 85' lang='lat' dir='ltr'>presenti</span> <span class='ocrx_word' id='word_1_129' title='bbox 1220 1800 1352 1845; x_wconf 85' lang='lat' dir='ltr'>carte</span> <span class='ocrx_word' id='word_1_130' title='bbox 1388 1800 1550 1844; x_wconf 86' lang='lat' dir='ltr'>nostre</span> <span class='ocrx_word' id='word_1_131' title='bbox 1587 1795 1886 1844; x_wconf 86' lang='lat' dir='ltr'>concorditer</span> <span class='ocrx_word' id='word_1_132' title='bbox 1921 1800 1996 1844; x_wconf 91' lang='lat' dir='ltr'>est</span> <span class='ocrx_word' id='word_1_133' title='bbox 2033 1812 2292 1860; x_wconf 87' lang='lat' dir='ltr'>appensum</span> <span class='ocrx_word' id='word_1_134' title='bbox 2331 1825 2340 1834; x_wconf 88' lang='lat'><em>-</em></span> 
     </span>
     <span class='ocr_line' id='line_1_14' title="bbox 384 1884 2339 1952; baseline 0 -20"><span class='ocrx_word' id='word_1_135' title='bbox 384 1884 566 1933; x_wconf 85' lang='lat' dir='ltr'>Datum</span> <span class='ocrx_word' id='word_1_136' title='bbox 584 1886 711 1949; x_wconf 93' lang='lat' dir='ltr'>apud</span> <span class='ocrx_word' id='word_1_137' title='bbox 732 1885 956 1952; x_wconf 72' lang='lat' dir='ltr'>Brechyn</span> <span class='ocrx_word' id='word_1_138' title='bbox 980 1886 1029 1934; x_wconf 93' lang='lat' dir='ltr'>in</span> <span class='ocrx_word' id='word_1_139' title='bbox 1053 1887 1241 1951; x_wconf 87' lang='lat' dir='ltr'>prefato</span> <span class='ocrx_word' id='word_1_140' title='bbox 1260 1885 1472 1950; x_wconf 85' lang='lat' dir='ltr'>capitulo</span> <span class='ocrx_word' id='word_1_141' title='bbox 1488 1889 1631 1934; x_wconf 86' lang='lat' dir='ltr'>sexto</span> <span class='ocrx_word' id='word_1_142' title='bbox 1655 1885 1839 1934; x_wconf 87' lang='lat' dir='ltr'>decimo</span> <span class='ocrx_word' id='word_1_143' title='bbox 1865 1885 1941 1933; x_wconf 90' lang='lat' dir='ltr'>die</span> <span class='ocrx_word' id='word_1_144' title='bbox 1965 1886 2141 1934; x_wconf 87' lang='lat' dir='ltr'>mensis</span> <span class='ocrx_word' id='word_1_145' title='bbox 2166 1885 2339 1934; x_wconf 88' lang='lat' dir='ltr'>Marcii</span> 
     </span>
     <span class='ocr_line' id='line_1_15' title="bbox 381 1975 2337 2040; baseline 0 -18"><span class='ocrx_word' id='word_1_146' title='bbox 381 1991 507 2023; x_wconf 90' lang='lat' dir='ltr'>anno</span> <span class='ocrx_word' id='word_1_147' title='bbox 543 1975 646 2039; x_wconf 89' lang='lat' dir='ltr'>spei</span> <span class='ocrx_word' id='word_1_148' title='bbox 681 1975 933 2025; x_wconf 89' lang='lat' dir='ltr'>miHesimo</span> <span class='ocrx_word' id='word_1_149' title='bbox 967 1976 1307 2025; x_wconf 85' lang='lat' dir='ltr'>trecentesimo</span> <span class='ocrx_word' id='word_1_150' title='bbox 1343 1975 1732 2040; x_wconf 85' lang='lat' dir='ltr'>quinquagesimo</span> <span class='ocrx_word' id='word_1_151' title='bbox 1770 2002 1780 2014; x_wconf 61' lang='lat' dir='ltr'>e</span> <span class='ocrx_word' id='word_1_152' title='bbox 1820 1976 1964 2023; x_wconf 88' lang='lat' dir='ltr'>Teste</span> <span class='ocrx_word' id='word_1_153' title='bbox 2007 1977 2172 2023; x_wconf 90' lang='lat' dir='ltr'>eodem</span> <span class='ocrx_word' id='word_1_154' title='bbox 2210 1975 2337 2039; x_wconf 89' lang='lat' dir='ltr'>capi-</span> 
     </span>
    </p>
   </div>
   <div class='ocr_carea' id='block_1_5' title="bbox 379 2064 533 2113">
    <p class='ocr_par' dir='ltr' id='par_1_5' title="bbox 379 2064 533 2113">
     <span class='ocr_line' id='line_1_16' title="bbox 379 2064 533 2113; baseline -0.006 0"><span class='ocrx_word' id='word_1_155' title='bbox 379 2064 483 2113; x_wconf 93' lang='lat' dir='ltr'>tulo</span> <span class='ocrx_word' id='word_1_156' title='bbox 523 2093 533 2103; x_wconf 92' lang='lat'><strong>·</strong></span> 
     </span>
    </p>
   </div>
   <div class='ocr_carea' id='block_1_6' title="bbox 381 2266 2323 2408">
    <p class='ocr_par' dir='ltr' id='par_1_6' title="bbox 381 2266 2323 2408">
     <span class='ocr_line' id='line_1_17' title="bbox 381 2266 2323 2332; baseline -0.001 -16"><span class='ocrx_word' id='word_1_157' title='bbox 381 2269 529 2317; x_wconf 90' lang='lat' dir='ltr'>Carta</span> <span class='ocrx_word' id='word_1_158' title='bbox 566 2269 691 2332; x_wconf 90' lang='lat' dir='ltr'>regis</span> <span class='ocrx_word' id='word_1_159' title='bbox 729 2267 892 2317; x_wconf 89' lang='lat' dir='ltr'>Dauid</span> <span class='ocrx_word' id='word_1_160' title='bbox 931 2269 990 2316; x_wconf 91' lang='lat' dir='ltr'>de</span> <span class='ocrx_word' id='word_1_161' title='bbox 1028 2267 1180 2316; x_wconf 90' lang='lat' dir='ltr'>libero</span> <span class='ocrx_word' id='word_1_162' title='bbox 1217 2267 1419 2317; x_wconf 91' lang='lat' dir='ltr'>introitu</span> <span class='ocrx_word' id='word_1_163' title='bbox 1458 2270 1507 2314; x_wconf 91' lang='lat' dir='ltr'>et</span> <span class='ocrx_word' id='word_1_164' title='bbox 1546 2266 1682 2314; x_wconf 86' lang='lat' dir='ltr'>exitu</span> <span class='ocrx_word' id='word_1_165' title='bbox 1719 2266 1842 2314; x_wconf 86' lang='lat' dir='ltr'>infra</span> <span class='ocrx_word' id='word_1_166' title='bbox 1879 2281 2029 2330; x_wconf 87' lang='lat' dir='ltr'>aquas</span> <span class='ocrx_word' id='word_1_167' title='bbox 2053 2267 2112 2314; x_wconf 89' lang='lat' dir='ltr'>de</span> <span class='ocrx_word' id='word_1_168' title='bbox 2138 2267 2240 2330; x_wconf 84' lang='lat' dir='ltr'>Tay</span> <span class='ocrx_word' id='word_1_169' title='bbox 2275 2272 2323 2315; x_wconf 86' lang='lat' dir='ltr'>et</span> 
     </span>
     <span class='ocr_line' id='line_1_18' title="bbox 382 2358 642 2408; baseline -0.004 -2"><span class='ocrx_word' id='word_1_170' title='bbox 382 2358 593 2408; x_wconf 86' lang='lat' dir='ltr'>Suthesk</span> <span class='ocrx_word' id='word_1_171' title='bbox 632 2387 642 2397; x_wconf 87' lang='lat'><strong>·</strong></span> 
     </span>
    </p>
   </div>
   <div class='ocr_carea' id='block_1_7' title="bbox 267 2486 2332 3383">
    <p class='ocr_par' dir='ltr' id='par_1_7' title="bbox 267 2486 2332 3383">
     <span class='ocr_line' id='line_1_19' title="bbox 267 2486 2332 2578; baseline 0.001 -16"><span class='ocrx_word' id='word_1_172' title='bbox 267 2516 357 2564; x_wconf 93' lang='lat' dir='ltr'>VI.</span> <span class='ocrx_word' id='word_1_173' title='bbox 389 2486 591 2564; x_wconf 80' lang='lat' dir='ltr'>Dauid</span> <span class='ocrx_word' id='word_1_174' title='bbox 618 2514 717 2563; x_wconf 88' lang='lat' dir='ltr'>Dei</span> <span class='ocrx_word' id='word_1_175' title='bbox 740 2515 896 2578; x_wconf 87' lang='lat' dir='ltr'>gratia</span> <span class='ocrx_word' id='word_1_176' title='bbox 932 2530 1019 2563; x_wconf 85' lang='lat' dir='ltr'>rex</span> <span class='ocrx_word' id='word_1_177' title='bbox 1055 2515 1330 2562; x_wconf 88' lang='lat' dir='ltr'>Scottorum</span> <span class='ocrx_word' id='word_1_178' title='bbox 1369 2542 1379 2551; x_wconf 92' lang='lat'>-</span> <span class='ocrx_word' id='word_1_179' title='bbox 1417 2513 1647 2562; x_wconf 85' lang='lat' dir='ltr'>Omnibus</span> <span class='ocrx_word' id='word_1_180' title='bbox 1681 2514 1842 2577; x_wconf 90' lang='lat' dir='ltr'>probis</span> <span class='ocrx_word' id='word_1_181' title='bbox 1876 2514 2144 2563; x_wconf 88' lang='lat' dir='ltr'>hominibus</span> <span class='ocrx_word' id='word_1_182' title='bbox 2176 2516 2332 2565; x_wconf 81' lang='lat' dir='ltr'>tocius</span> 
     </span>
     <span class='ocr_line' id='line_1_20' title="bbox 379 2603 2327 2667; baseline 0.001 -15"><span class='ocrx_word' id='word_1_183' title='bbox 379 2609 506 2653; x_wconf 89' lang='lat' dir='ltr'>terre</span> <span class='ocrx_word' id='word_1_184' title='bbox 545 2621 629 2653; x_wconf 89' lang='lat' dir='ltr'>sue</span> <span class='ocrx_word' id='word_1_185' title='bbox 667 2632 677 2642; x_wconf 89' lang='lat'><em>-</em></span> <span class='ocrx_word' id='word_1_186' title='bbox 715 2603 929 2652; x_wconf 87' lang='lat' dir='ltr'>Salutem</span> <span class='ocrx_word' id='word_1_187' title='bbox 967 2632 978 2642; x_wconf 91' lang='lat'><strong>·</strong></span> <span class='ocrx_word' id='word_1_188' title='bbox 1017 2604 1195 2653; x_wconf 88' lang='lat' dir='ltr'>Sciatis</span> <span class='ocrx_word' id='word_1_189' title='bbox 1234 2619 1322 2652; x_wconf 90' lang='lat' dir='ltr'>nos</span> <span class='ocrx_word' id='word_1_190' title='bbox 1360 2603 1546 2651; x_wconf 87' lang='lat' dir='ltr'>dedisse</span> <span class='ocrx_word' id='word_1_191' title='bbox 1582 2603 1872 2652; x_wconf 85' lang='lat' dir='ltr'>concessisse</span> <span class='ocrx_word' id='word_1_192' title='bbox 1910 2607 1960 2651; x_wconf 92' lang='lat' dir='ltr'>et</span> <span class='ocrx_word' id='word_1_193' title='bbox 1997 2604 2087 2651; x_wconf 91' lang='lat' dir='ltr'>hac</span> <span class='ocrx_word' id='word_1_194' title='bbox 2117 2606 2327 2667; x_wconf 79' lang='lat' dir='ltr'>presenti</span> 
     </span>
     <span class='ocr_line' id='line_1_21' title="bbox 378 2691 2327 2758; baseline 0.001 -16"><span class='ocrx_word' id='word_1_195' title='bbox 378 2699 513 2742; x_wconf 89' lang='lat' dir='ltr'>carta</span> <span class='ocrx_word' id='word_1_196' title='bbox 550 2698 715 2742; x_wconf 88' lang='lat' dir='ltr'>nostra</span> <span class='ocrx_word' id='word_1_197' title='bbox 752 2693 1052 2741; x_wconf 86' lang='lat' dir='ltr'>confirmasse</span> <span class='ocrx_word' id='word_1_198' title='bbox 1091 2691 1348 2740; x_wconf 86' lang='lat' dir='ltr'>venerabili</span> <span class='ocrx_word' id='word_1_199' title='bbox 1386 2692 1435 2739; x_wconf 94' lang='lat' dir='ltr'>in</span> <span class='ocrx_word' id='word_1_200' title='bbox 1475 2692 1665 2740; x_wconf 87' lang='lat' dir='ltr'>Christo</span> <span class='ocrx_word' id='word_1_201' title='bbox 1701 2692 1827 2755; x_wconf 90' lang='lat' dir='ltr'>patri</span> <span class='ocrx_word' id='word_1_202' title='bbox 1852 2692 2063 2740; x_wconf 87' lang='lat' dir='ltr'>Patricio</span> <span class='ocrx_word' id='word_1_203' title='bbox 2090 2694 2327 2758; x_wconf 84' lang='lat' dir='ltr'>Episcopo</span> 
     </span>
     <span class='ocr_line' id='line_1_22' title="bbox 378 2780 2322 2846; baseline 0 -15"><span class='ocrx_word' id='word_1_204' title='bbox 378 2783 688 2832; x_wconf 89' lang='lat' dir='ltr'>Brechinensi</span> <span class='ocrx_word' id='word_1_205' title='bbox 726 2811 736 2821; x_wconf 92' lang='lat'><strong>·</strong></span> <span class='ocrx_word' id='word_1_206' title='bbox 775 2783 911 2837; x_wconf 81' lang='lat' dir='ltr'>Quod</span> <span class='ocrx_word' id='word_1_207' title='bbox 937 2797 1100 2830; x_wconf 90' lang='lat' dir='ltr'>omnes</span> <span class='ocrx_word' id='word_1_208' title='bbox 1123 2785 1427 2836; x_wconf 87' lang='lat' dir='ltr'>mercatores,</span> <span class='ocrx_word' id='word_1_209' title='bbox 1463 2780 1623 2828; x_wconf 86' lang='lat' dir='ltr'>villam</span> <span class='ocrx_word' id='word_1_210' title='bbox 1648 2782 1708 2828; x_wconf 91' lang='lat' dir='ltr'>de</span> <span class='ocrx_word' id='word_1_211' title='bbox 1734 2781 1955 2844; x_wconf 86' lang='lat' dir='ltr'>Brechyn</span> <span class='ocrx_word' id='word_1_212' title='bbox 1989 2798 2075 2846; x_wconf 85' lang='lat' dir='ltr'>pro</span> <span class='ocrx_word' id='word_1_213' title='bbox 2110 2786 2322 2846; x_wconf 81' lang='lat' dir='ltr'>tem-pore</span> 
     </span>
     <span class='ocr_line' id='line_1_23' title="bbox 375 2869 2323 2939; baseline 0 -20"><span class='ocrx_word' id='word_1_214' title='bbox 375 2872 769 2939; x_wconf 88' lang='lat' dir='ltr'>inh[ab]itantes,</span> <span class='ocrx_word' id='word_1_215' title='bbox 809 2872 868 2919; x_wconf 91' lang='lat' dir='ltr'>de</span> <span class='ocrx_word' id='word_1_216' title='bbox 908 2875 1070 2920; x_wconf 89' lang='lat' dir='ltr'>cetero</span> <span class='ocrx_word' id='word_1_217' title='bbox 1105 2869 1307 2918; x_wconf 88' lang='lat' dir='ltr'>liberum</span> <span class='ocrx_word' id='word_1_218' title='bbox 1345 2870 1593 2918; x_wconf 89' lang='lat' dir='ltr'>introitum</span> <span class='ocrx_word' id='word_1_219' title='bbox 1631 2870 1838 2926; x_wconf 87' lang='lat' dir='ltr'>habeant</span> <span class='ocrx_word' id='word_1_220' title='bbox 1880 2874 1931 2918; x_wconf 89' lang='lat' dir='ltr'>et</span> <span class='ocrx_word' id='word_1_221' title='bbox 1974 2871 2157 2919; x_wconf 85' lang='lat' dir='ltr'>exitum</span> <span class='ocrx_word' id='word_1_222' title='bbox 2201 2872 2323 2919; x_wconf 83' lang='lat' dir='ltr'>infra</span> 
     </span>
     <span class='ocr_line' id='line_1_24' title="bbox 359 2959 2320 3026; baseline -0.001 -16"><span class='ocrx_word' id='word_1_223' title='bbox 359 2978 524 3026; x_wconf 15' lang='lat' dir='ltr'>*aquas</span> <span class='ocrx_word' id='word_1_224' title='bbox 547 2963 606 3010; x_wconf 89' lang='lat' dir='ltr'>de</span> <span class='ocrx_word' id='word_1_225' title='bbox 632 2963 748 3025; x_wconf 84' lang='lat' dir='ltr'>Tay,</span> <span class='ocrx_word' id='word_1_226' title='bbox 773 2965 822 3010; x_wconf 89' lang='lat' dir='ltr'>et</span> <span class='ocrx_word' id='word_1_227' title='bbox 847 2962 906 3009; x_wconf 88' lang='lat' dir='ltr'>de</span> <span class='ocrx_word' id='word_1_228' title='bbox 931 2961 1054 3009; x_wconf 90' lang='lat' dir='ltr'>Suth</span> <span class='ocrx_word' id='word_1_229' title='bbox 1079 2960 1195 3015; x_wconf 87' lang='lat' dir='ltr'>Esk‚</span> <span class='ocrx_word' id='word_1_230' title='bbox 1220 2959 1344 3008; x_wconf 87' lang='lat' dir='ltr'>infra</span> <span class='ocrx_word' id='word_1_231' title='bbox 1370 2959 1749 3008; x_wconf 85' lang='lat' dir='ltr'>vicecomitatum</span> <span class='ocrx_word' id='word_1_232' title='bbox 1785 2961 1844 3007; x_wconf 90' lang='lat' dir='ltr'>de</span> <span class='ocrx_word' id='word_1_233' title='bbox 1882 2960 2064 3015; x_wconf 87' lang='lat' dir='ltr'>Forfar,</span> <span class='ocrx_word' id='word_1_234' title='bbox 2092 2976 2198 3007; x_wconf 90' lang='lat' dir='ltr'>cum</span> <span class='ocrx_word' id='word_1_235' title='bbox 2223 2961 2320 3009; x_wconf 87' lang='lat' dir='ltr'>suis</span> 
     </span>
     <span class='ocr_line' id='line_1_25' title="bbox 373 3047 2317 3114; baseline -0.002 -14"><span class='ocrx_word' id='word_1_236' title='bbox 373 3052 670 3107; x_wconf 87' lang='lat' dir='ltr'>mercandiis,</span> <span class='ocrx_word' id='word_1_237' title='bbox 694 3055 744 3100; x_wconf 92' lang='lat' dir='ltr'>et</span> <span class='ocrx_word' id='word_1_238' title='bbox 769 3050 918 3107; x_wconf 90' lang='lat' dir='ltr'>bonis,</span> <span class='ocrx_word' id='word_1_239' title='bbox 944 3049 1164 3114; x_wconf 84' lang='lat' dir='ltr'>quotiens</span> <span class='ocrx_word' id='word_1_240' title='bbox 1197 3053 1248 3098; x_wconf 91' lang='lat' dir='ltr'>et</span> <span class='ocrx_word' id='word_1_241' title='bbox 1284 3049 1472 3113; x_wconf 86' lang='lat' dir='ltr'>quando</span> <span class='ocrx_word' id='word_1_242' title='bbox 1495 3047 1744 3103; x_wconf 82' lang='lat' dir='ltr'>voluerint,</span> <span class='ocrx_word' id='word_1_243' title='bbox 1782 3048 1830 3096; x_wconf 92' lang='lat' dir='ltr'>in</span> <span class='ocrx_word' id='word_1_244' title='bbox 1866 3049 2069 3104; x_wconf 84' lang='lat' dir='ltr'>batellis,</span> <span class='ocrx_word' id='word_1_245' title='bbox 2104 3050 2317 3105; x_wconf 87' lang='lat' dir='ltr'>nauibus,</span> 
     </span>
     <span class='ocr_line' id='line_1_26' title="bbox 373 3137 2314 3201; baseline -0.002 -12"><span class='ocrx_word' id='word_1_246' title='bbox 373 3145 422 3190; x_wconf 94' lang='lat' dir='ltr'>et</span> <span class='ocrx_word' id='word_1_247' title='bbox 455 3142 677 3190; x_wconf 84' lang='lat' dir='ltr'>farcostis</span> <span class='ocrx_word' id='word_1_248' title='bbox 714 3169 723 3179; x_wconf 91' lang='lat'>-</span> <span class='ocrx_word' id='word_1_249' title='bbox 763 3140 1003 3189; x_wconf 91' lang='lat' dir='ltr'>Soluendo</span> <span class='ocrx_word' id='word_1_250' title='bbox 1037 3139 1187 3196; x_wconf 88' lang='lat' dir='ltr'>nobis,</span> <span class='ocrx_word' id='word_1_251' title='bbox 1224 3143 1273 3187; x_wconf 89' lang='lat' dir='ltr'>et</span> <span class='ocrx_word' id='word_1_252' title='bbox 1308 3138 1416 3186; x_wconf 88' lang='lat' dir='ltr'>aliis</span> <span class='ocrx_word' id='word_1_253' title='bbox 1450 3153 1647 3201; x_wconf 91' lang='lat' dir='ltr'>quorum</span> <span class='ocrx_word' id='word_1_254' title='bbox 1683 3137 1897 3194; x_wconf 90' lang='lat' dir='ltr'>interest,</span> <span class='ocrx_word' id='word_1_255' title='bbox 1933 3142 2174 3186; x_wconf 89' lang='lat' dir='ltr'>custumas</span> <span class='ocrx_word' id='word_1_256' title='bbox 2215 3142 2314 3186; x_wconf 87' lang='lat' dir='ltr'>tam</span> 
     </span>
     <span class='ocr_line' id='line_1_27' title="bbox 372 3226 2317 3294; baseline -0.002 -16"><span class='ocrx_word' id='word_1_257' title='bbox 372 3232 574 3280; x_wconf 89' lang='lat' dir='ltr'>maiores</span> <span class='ocrx_word' id='word_1_258' title='bbox 598 3247 741 3294; x_wconf 92' lang='lat' dir='ltr'>quam</span> <span class='ocrx_word' id='word_1_259' title='bbox 775 3230 982 3279; x_wconf 88' lang='lat' dir='ltr'>minores</span> <span class='ocrx_word' id='word_1_260' title='bbox 1017 3229 1204 3278; x_wconf 89' lang='lat' dir='ltr'>debitas</span> <span class='ocrx_word' id='word_1_261' title='bbox 1239 3232 1289 3276; x_wconf 87' lang='lat' dir='ltr'>et</span> <span class='ocrx_word' id='word_1_262' title='bbox 1326 3230 1580 3276; x_wconf 87' lang='lat' dir='ltr'>consuetas</span> <span class='ocrx_word' id='word_1_263' title='bbox 1618 3254 1628 3264; x_wconf 91' lang='lat'><strong>·</strong></span> <span class='ocrx_word' id='word_1_264' title='bbox 1668 3226 1775 3274; x_wconf 92' lang='lat' dir='ltr'>Non</span> <span class='ocrx_word' id='word_1_265' title='bbox 1805 3226 2032 3277; x_wconf 69' lang='lat' dir='ltr'>vobstante</span> <span class='ocrx_word' id='word_1_266' title='bbox 2062 3226 2221 3290; x_wconf 90' lang='lat' dir='ltr'>aliqua</span> <span class='ocrx_word' id='word_1_267' title='bbox 2243 3243 2317 3275; x_wconf 86' lang='lat' dir='ltr'>as-</span> 
     </span>
     <span class='ocr_line' id='line_1_28' title="bbox 371 3315 2307 3383; baseline -0.003 -14"><span class='ocrx_word' id='word_1_268' title='bbox 371 3320 617 3369; x_wconf 89' lang='lat' dir='ltr'>sedatione</span> <span class='ocrx_word' id='word_1_269' title='bbox 641 3336 726 3383; x_wconf 91' lang='lat' dir='ltr'>per</span> <span class='ocrx_word' id='word_1_270' title='bbox 760 3335 848 3368; x_wconf 90' lang='lat' dir='ltr'>nos</span> <span class='ocrx_word' id='word_1_271' title='bbox 883 3318 958 3367; x_wconf 86' lang='lat' dir='ltr'>vel</span> <span class='ocrx_word' id='word_1_272' title='bbox 992 3335 1078 3383; x_wconf 88' lang='lat' dir='ltr'>per</span> <span class='ocrx_word' id='word_1_273' title='bbox 1113 3317 1437 3367; x_wconf 82' lang='lat' dir='ltr'>Camerarium</span> <span class='ocrx_word' id='word_1_274' title='bbox 1465 3319 1678 3364; x_wconf 77' lang='lat' dir='ltr'>nostrum</span> <span class='ocrx_word' id='word_1_275' title='bbox 1701 3315 2013 3379; x_wconf 87' lang='lat' dir='ltr'>burgensibus</span> <span class='ocrx_word' id='word_1_276' title='bbox 2036 3317 2094 3363; x_wconf 93' lang='lat' dir='ltr'>de</span> <span class='ocrx_word' id='word_1_277' title='bbox 2120 3316 2307 3373; x_wconf 89' lang='lat' dir='ltr'>Dunde,</span> 
     </span>
    </p>
   </div>
  </div>
 </body>
</html>
