3022 3964
1099 647 1391 704 GARTAE
1435 649 1934 708 ORIGINALES.
2425 656 2498 711 25

551 837 599 881 et
638 834 1043 885 continuationem
1082 839 1380 903 sequentium
1423 841 1471 888 in
1512 841 1666 889 forma
1719 857 1810 906 que
1858 842 2073 906 sequitur
2112 871 2121 880 ·
2160 843 2319 892 Primo
2369 847 2492 908 quod

550 928 744 988 propter
767 925 916 974 multa
939 927 1075 976 nobis
1098 932 1147 977 et
1171 933 1335 978 nostra
1359 929 1559 978 ecclesie
1582 946 1613 978 a
1637 930 1766 979 dicto
1783 931 1995 995 principe
2015 931 2191 980 collata
2215 937 2269 980 ut
2295 934 2494 997 prescri-

550 1015 678 1063 bitur
710 1016 978 1066 tenebimus
1013 1021 1062 1066 et
1098 1017 1443 1083 imperpetuum
1480 1020 1818 1070 sustinebimus
1852 1020 2074 1084 expensis
2097 1021 2273 1070 nostris
2309 1022 2494 1070 Decani

549 1108 598 1151 et
623 1106 820 1169 capituli
844 1123 984 1155 vnum
1010 1107 1306 1171 capellanum
1330 1109 1568 1172 ydoneum
1602 1110 1794 1159 missam
1831 1110 2008 1159 cotidie
2046 1110 2366 1160 celebrantem
2404 1129 2492 1176 pro

548 1195 722 1244 amima
746 1196 862 1244 dicti
885 1196 1113 1261 principis
1137 1197 1478 1262 animabusque
1509 1199 1738 1262 genitoris
1760 1200 1834 1249 sui
1859 1204 1908 1248 et
1931 1201 2186 1263 genetricis
2223 1206 2493 1251 antecesso-

547 1301 650 1332 rum
674 1301 866 1334 suorum
891 1290 941 1334 et
965 1301 1289 1336 successorum
1313 1289 1374 1335 ad
1398 1287 1551 1336 altare
1575 1292 1737 1337 nostre
1762 1289 1969 1337 Domine
1994 1305 2181 1354 semper
2215 1290 2484 1354 incipiendo

546 1375 594 1421 in
619 1375 829 1423 secundo
851 1374 991 1438 pulsu
1015 1376 1076 1423 ad
1101 1376 1363 1425 matutinas
1386 1376 1515 1424 omni
1549 1381 1765 1441 tempore
1800 1379 1914 1426 anni
1949 1383 1998 1427 et
2033 1395 2220 1443 semper
2245 1381 2303 1427 de
2327 1384 2491 1429 nostra

547 1463 754 1512 Domina
778 1479 884 1512 cum
920 1464 1074 1513 officio
1112 1465 1170 1512 de
1207 1464 1283 1513 die
1317 1470 1427 1529 post
1462 1466 1668 1522 missam,
1705 1467 1786 1531 qui
1821 1483 1931 1516 vero
1967 1468 2240 1532 capellanus
2275 1470 2492 1519 omnibus

544 1552 672 1601 horis
694 1553 943 1602 matutinis
967 1553 1123 1603 missis
1146 1558 1196 1602 et
1222 1555 1432 1619 vesperis
1467 1555 1594 1604 sicut
1630 1556 1864 1620 capellani
1900 1558 2232 1606 canonIcorum
2271 1559 2489 1608 intererit

544 1644 604 1690 ad
629 1643 794 1691 diuina
831 1647 880 1691 et
916 1643 1112 1692 habebit
1135 1645 1380 1693 annuatim
1406 1645 1654 1693 duodecim
1697 1661 1881 1695 marcas
1918 1651 2108 1696 monete
2147 1664 2233 1711 pro
2270 1653 2484 1713 tempore

543 1734 776 1782 currentis
817 1749 903 1797 per
948 1748 1115 1782 manus
1160 1734 1482 1797 procuratoris
1521 1735 1648 1783 dicte
1685 1739 1846 1784 nostre
1882 1737 2095 1793 ecclesie,
2131 1740 2486 1802 presentatione

542 1842 652 1873 vero
677 1824 793 1872 dicti
817 1822 1051 1887 capellani
1076 1823 1206 1872 dicto
1243 1823 1446 1888 principi
1482 1824 1737 1874 heredibus
1777 1826 1874 1874 suis
1912 1831 1961 1874 et
2000 1827 2098 1876 suis
2135 1828 2484 1877 successoribus

541 1915 931 1980 quandocumque
961 1917 1010 1962 et
1034 1912 1455 1978 quotienscumque
1493 1914 1746 1977 contigerit
1784 1914 2006 1963 inuacare
2043 1918 2373 1966 tantummodo
2412 1934 2484 1966 re-

539 2009 731 2054 seruata
769 2032 778 2042 ·
818 2003 979 2052 Etiam
1020 2003 1070 2050 in
1115 2002 1332 2050 omnibus
1378 2003 1541 2051 missis*
1583 2003 1796 2053 dicendis
1842 2005 1891 2052 in
1939 2010 2103 2054 nostra
2150 2006 2352 2056 ecclesia
2399 2024 2484 2072 per

538 2098 728 2143 nostros
765 2091 1037 2157 capellanos
1060 2095 1144 2140 aut
1169 2091 1423 2140 canonicos
1463 2093 1545 2139 fiet
1584 2093 1763 2141 mentio
1802 2110 2029 2157 expressa
2067 2100 2116 2144 et
2155 2101 2386 2160 perpetua
2421 2099 2482 2145 ad

538 2185 766 2232 orandum
790 2199 876 2248 pro
900 2182 1059 2230 anima
1082 2181 1199 2229 dicti
1222 2181 1448 2245 principis
1486 2210 1496 2220 -
1535 2182 1601 2230 Et
1625 2183 1739 2230 fient
1763 2183 1911 2231 semel
1934 2184 1982 2230 in
2005 2200 2130 2234 anno
2155 2185 2238 2233 viz.
2264 2190 2479 2250 tempore

537 2275 610 2323 sui
634 2275 794 2323 obitus
817 2271 1123 2336 solempniter
1145 2269 1301 2333 vigilie
1321 2274 1611 2319 mortuorum
1636 2275 1686 2320 et
1709 2271 1853 2320 missa
1871 2273 1929 2320 de
1949 2274 2157 2322 crastino
2181 2258 2239 2322 de
2265 2276 2473 2339 requiem

538 2381 623 2429 pro
647 2364 806 2412 anima
829 2362 931 2410 eius
952 2359 1268 2425 personaliter
1290 2376 1375 2424 per
1398 2359 1670 2424 episcopum
1696 2376 1804 2408 cum
1827 2361 1978 2411 totius
2002 2362 2198 2426 capituli
2239 2365 2479 2414 canonicis

537 2455 575 2502 si
602 2468 795 2518 presens
817 2451 974 2507 fuerit,
999 2454 1048 2498 et
1073 2450 1122 2496 in
1145 2449 1247 2497 eius
1271 2449 1489 2497 absentia
1512 2466 1597 2512 per
1621 2450 1866 2502 decanum,
1894 2468 1986 2514 quo
2011 2452 2208 2500 absente
2233 2470 2318 2517 per
2340 2459 2476 2503 nota-

537 2542 752 2591 biliorem
777 2540 1054 2589 canonicum
1082 2538 1209 2586 dicte
1251 2537 1450 2585 ecclesie
1489 2565 1500 2576 ·
1539 2539 1606 2586 Et
1630 2539 1671 2586 si
1696 2539 1852 2588 dictus
1889 2541 2109 2604 princeps
2150 2543 2197 2590 in
2237 2535 2366 2591 dicta
2403 2560 2480 2591 ec-

538 2633 684 2681 clesia
707 2630 964 2694 sepeliatur
987 2643 1174 2691 semper
1190 2627 1308 2674 hora
1327 2627 1665 2680 matutinarum
1686 2644 1834 2691 usque
1853 2626 2110 2677 ad'claram
2137 2632 2260 2678 diem
2286 2637 2336 2680 et
2359 2633 2476 2680 hora

537 2736 782 2786 vesperum
806 2719 855 2766 in
878 2718 1032 2766 hieme
1058 2716 1148 2764 erit
1171 2715 1354 2778 lampas
1391 2716 1563 2763 ardens
1601 2717 1803 2779 desuper
1839 2718 2050 2764 tumbam
2090 2734 2235 2774 suam,
2272 2724 2321 2767 et
2356 2725 2476 2768 tem-

537 2828 649 2876 pore
675 2826 756 2859 sue
780 2823 947 2871 magne
972 2806 1111 2854 misse
1136 2820 1278 2868 super
1301 2803 1477 2851 dictam
1501 2804 1715 2852 tumbam
1755 2806 1847 2853 duo
1882 2806 2008 2854 cerei
2045 2808 2268 2857 ardentes
2304 2799 2489 2872 imper-¹

536 2906 743 2965 petuum‚
768 2902 818 2946 et
841 2901 895 2945 ut
921 2895 1098 2943 dictum
1123 2893 1374 2942 seruicium
1399 2908 1535 2940 suum
1560 2893 1609 2940 in
1633 2897 1768 2941 carta
1791 2909 1878 2942 sua
1901 2898 1951 2942 et
1975 2895 2024 2943 in
2047 2898 2258 2959 presenti
2294 2899 2472 2961 scripto

537 2993 864 3054 expressatum
888 2985 1066 3032 firmius
1089 2985 1398 3047 perpetuetur
1420 2981 1635 3030 volumus
1670 2986 1720 3030 et
1758 2983 2080 3032 consentimus
2103 2987 2228 3049 quod
2253 2988 2474 3050 expensis

536 3079 711 3128 nostris
749 3075 932 3124 Decani
971 3078 1020 3121 et
1058 3071 1255 3136 capituli
1292 3071 1350 3118 de
1385 3069 1730 3134 superpelliciis
1763 3075 1812 3120 et
1848 3073 2052 3136 caputiis
2075 3074 2304 3124 foderatis
2329 3076 2470 3125 dictis

537 3185 621 3217 sex
646 3167 806 3232 pueris
828 3163 1114 3213 sufficienter
1136 3165 1186 3208 et
1208 3161 1406 3208 honeste
1441 3159 1750 3223 prouideatur
1783 3161 2009 3224 quamdiu
2032 3161 2081 3210 in
2106 3163 2236 3211 dicto
2270 3165 2471 3213 seruicio

536 3255 879 3321 permanserint
917 3282 927 3291 ·
965 3252 1167 3314 Insuper
1191 3249 1412 3312 expensis
1435 3248 1612 3297 nostris
1636 3249 1820 3297 Decani
1859 3254 1908 3298 et
1949 3251 2147 3314 capituli
2182 3254 2469 3301 sustentabi-

535 3350 614 3394 tur
631 3345 714 3393 illa
731 3346 897 3392 domus
918 3357 1004 3406 per
1027 3340 1205 3388 dictum
1225 3338 1484 3402 principem
1504 3338 1645 3386 dictis
1663 3338 1921 3402 capellanis
1944 3344 1994 3388 et
2018 3341 2176 3404 pueris
2193 3345 2468 3391 constructa

1490 3426 1524 3473 d
