3016 3958
357 3026 563 3069 OCCLV.

569 646 682 700 354
1046 640 1361 698 CARTAE
1398 636 2023 694 MISCELLANEAE.

573 820 773 877 altaragii
809 820 898 862 diui
934 819 1085 862 Jacobi
1126 816 1325 874 Apostoli
1366 815 1466 858 olim
1501 815 1618 857 intra
1654 813 1878 856 ecclesiam
1909 812 2198 869 parochialem
2228 812 2288 855 de
2324 812 2496 855 Dundie

570 900 738 942 fundati
759 914 854 941 cum
875 912 1085 941 consensu
1106 896 1322 952 quondam
1354 894 1382 935 J
1385 893 1567 935 ohannis
1601 892 1892 948 Skrymgeour
1922 891 2231 934 constabularii
2251 892 2303 933 de
2325 890 2496 934 Dundie

572 979 741 1035 patroni
762 977 1023 1034 capellaniae
1044 974 1283 1018 antedictae
1315 987 1365 1015 ac
1397 1005 1406 1014 .
1441 1003 1451 1014 .
1482 1004 1492 1013 .
1524 971 1738 1014 Johannis
1769 971 1958 1027 episcopi
1990 971 2294 1013 Brechinensis
2324 972 2495 1027 patroni

572 1058 762 1113 ejusdem
783 1071 860 1113 pro
881 1060 1071 1111 tempore
1093 1052 1282 1096 Johanni
1314 1051 1439 1093 Farie
1469 1054 1514 1091 et
1543 1050 1769 1092 Eufamiae
1801 1049 1939 1092 anis
1967 1051 2062 1105 ejus
2094 1051 2267 1107 conjugi
2297 1051 2343 1092 in
2377 1051 2497 1094 vitali

572 1136 740 1178 redditu
780 1150 829 1178 ac
872 1134 1055 1190 Georgio
1097 1133 1224 1175 Farie
1265 1144 1412 1173 eorum
1452 1129 1541 1171 filio
1581 1130 1838 1184 haeredibus
1881 1130 1971 1172 suis
2011 1134 2057 1173 et
2096 1131 2333 1186 assignatis
2366 1130 2497 1172 trium

571 1229 764 1257 acrarum
786 1218 997 1256 terrarum
1019 1212 1245 1254 arabilium
1261 1209 1499 1264 jacentium
1520 1210 1565 1251 in
1587 1224 1737 1266 eampo
1754 1209 2005 1252 occidentali
2024 1210 2076 1251 de
2092 1209 2264 1252 Dundie
2285 1210 2498 1260 videlicet,

571 1295 749 1335 duarum
772 1292 999 1334 earundem
1031 1293 1075 1333 in
1107 1292 1163 1332 lie
1195 1291 1332 1347 Neyir
1364 1291 1503 1334 Sched
1523 1291 1638 1333 inter
1666 1294 1808 1333 terras
1828 1290 2062 1332 haeredum
2085 1290 2300 1345 quondam
2324 1288 2498 1346 Georgii

572 1372 690 1414 Blair
724 1386 776 1413 ex
812 1371 1008 1413 orientali
1043 1374 1184 1412 terras
1227 1386 1254 1412 a
1293 1370 1423 1412 Petro
1451 1370 1664 1413 Newman
1695 1373 1926 1426 occupatas
1961 1384 2014 1411 ex
2046 1369 2298 1412 occidentali
2334 1370 2498 1411 fluxum

571 1452 703 1493 maris
738 1465 791 1492 ex
823 1450 1004 1493 australi
1039 1464 1089 1492 ac
1123 1450 1237 1492 viam
1272 1450 1327 1492 ab
1364 1449 1645 1506 Inuergowry
1679 1449 1906 1491 ducentem
1942 1449 1997 1491 ad
2031 1452 2201 1505 portam
2237 1449 2339 1490 dicti
2374 1448 2500 1504 burgi

571 1534 766 1573 vocatam
788 1530 935 1586 Ergile
956 1529 1063 1571 Port
1092 1543 1144 1571 ex
1173 1528 1337 1570 boreali
1357 1529 1568 1584 partibus,
1599 1542 1649 1570 ac
1678 1528 1833 1571 tertiae
1855 1542 1981 1570 acrae
2004 1527 2190 1584 jacentis
2211 1528 2255 1569 in
2274 1528 2331 1569 lie
2354 1528 2498 1571 North

576 1609 712 1651 Sched
732 1609 938 1664 praedicti
959 1608 1097 1664 campi
1117 1607 1393 1650 occidentalis
1423 1608 1538 1650 inter
1560 1611 1702 1650 terras
1728 1608 1962 1649 haeredum
1982 1607 2085 1649 dicti
2109 1606 2282 1663 Georgii
2306 1607 2427 1649 Blair
2447 1622 2499 1649 ex

574 1687 827 1729 occidentali
858 1691 903 1729 et
933 1686 1131 1729 orientali
1158 1691 1396 1729 torrentem
1426 1687 1479 1728 de
1507 1686 1663 1742 Dudop
1692 1701 1745 1728 ex
1774 1686 1940 1728 boreali
1970 1700 2020 1728 ac
2047 1686 2162 1728 viam
2182 1700 2210 1728 a
2229 1690 2356 1742 porta
2382 1690 2503 1728 ante-

574 1767 688 1809 dicta
707 1768 932 1809 ducentem
954 1767 1007 1808 ad
1029 1766 1218 1808 Blaknes
1239 1780 1292 1808 ex
1313 1766 1496 1808 australi
1516 1766 1739 1822 partibus3
1764 1765 2047 1807 tenendarum
2069 1765 2121 1807 de
2142 1765 2256 1807 dicto
2278 1764 2500 1821 capellano

573 1860 622 1887 ac
664 1847 981 1888 successoribus
1013 1846 1103 1888 suis
1131 1847 1175 1887 in
1206 1845 1478 1894 feudifirma3
1519 1858 1570 1886 ac
1609 1844 1748 1886 altera
1777 1848 1899 1886 carta
1929 1844 2047 1886 facta
2080 1858 2108 1886 a
2142 1844 2256 1886 dicto
2293 1844 2501 1899 magistro

577 1925 746 1967 Thema
779 1924 1068 1981 Skrymgeour
1101 1938 1198 1966 cum
1231 1938 1443 1966 consensu
1474 1925 1768 1980 suprascripto
1797 1923 1959 1966 Jacobo
1985 1923 2115 1979 Patry
2142 1927 2187 1966 et
2213 1923 2375 1979 Agneti
2399 1923 2501 1966 Scot

574 2003 667 2058 ejus
689 2003 861 2059 conjugi
891 2003 936 2044 in
966 2004 1196 2059 conjuncta
1215 2003 1505 2045 infeodatione
1536 2005 1582 2045 et
1609 2002 1868 2044 haeredibus
1898 2002 2012 2044 inter
2036 2002 2154 2058 ipsos
2184 2003 2376 2059 legitime
2406 2018 2506 2059 pro-

575 2082 729 2124 creatis
750 2096 825 2124 seu
845 2083 1119 2139 procreandis
1140 2083 1295 2138 quibus
1315 2082 1613 2124 deficientibus
1634 2081 1890 2124 haeredibus
1912 2085 1956 2123 et
1976 2081 2211 2137 assignatis
2227 2082 2331 2124 dicti
2351 2082 2379 2124 J
2383 2082 2503 2124 acobi

578 2162 898 2217 quibuscunque
934 2162 1113 2204 duarum
1149 2175 1347 2204 acrarum
1382 2166 1598 2204 terrarum
1633 2160 1862 2203 arabilium
1893 2160 2156 2216 capellaniae
2187 2161 2429 2203 antedictae
2460 2161 2505 2202 in

576 2240 835 2295 patrimonio
855 2241 1161 2296 pertinentium
1187 2241 1424 2296 jacentium
1455 2241 1500 2282 in
1521 2240 1717 2296 praefato
1740 2254 1890 2296 campo
1912 2239 2166 2282 occidentali
2186 2240 2238 2282 de
2261 2239 2431 2282 Dundie
2453 2254 2504 2282 ex

577 2322 699 2373 parte
731 2319 929 2362 orientali
959 2319 1012 2361 de
1042 2319 1099 2361 lie
1130 2320 1328 2362 Halkhill
1360 2320 1474 2362 inter
1499 2324 1642 2362 terras
1672 2319 1905 2361 haeredum
1935 2319 2151 2374 quondam
2182 2319 2361 2373 Georgii
2385 2319 2507 2361 Blair

577 2397 678 2439 olim
714 2398 768 2439 ab
803 2398 979 2440 Andrea
1013 2398 1176 2440 Baxter
1209 2399 1318 2441 alias
1353 2398 1551 2441 Rannald
1592 2401 1824 2454 occupatas
1864 2412 1918 2439 ex
1953 2398 2153 2440 orientali
2182 2402 2323 2440 terras
2363 2399 2505 2455 capel-

575 2476 715 2518 laniae
752 2476 899 2519 Sancti
936 2477 1175 2520 Saluatoris
1211 2478 1313 2519 olim
1348 2492 1375 2519 a
1406 2477 1591 2534 Geor-gio
1614 2477 1872 2519 Andersoun
1903 2482 2134 2532 occupatas
2166 2491 2219 2519 ex
2250 2477 2503 2520 occidentali

577 2555 688 2596 viam
717 2569 743 2596 a
771 2558 897 2611 porta
917 2555 1135 2612 praedicta
1154 2556 1280 2612 burgi
1301 2556 1506 2598 antedicti
1535 2556 1761 2598 ducentem
1792 2556 1846 2598 ad
1878 2556 2158 2612 Inuergowry
2189 2570 2242 2597 ex
2272 2557 2434 2599 boreali
2455 2572 2504 2599 ae

576 2634 737 2674 fluxum
766 2633 977 2675 marinum
1007 2648 1060 2676 ex
1089 2634 1272 2677 australi
1301 2635 1499 2690 partibus
1528 2634 1642 2676 infra
1671 2634 1893 2676 baroniam
1923 2634 1975 2676 de
2006 2634 2176 2676 Dundie
2207 2639 2252 2677 et
2281 2635 2504 2678 vicecomi-

578 2716 717 2755 tatum
742 2713 793 2754 de
815 2713 970 2755 Forfar
1001 2745 1010 2755 .
1043 2712 1204 2756 Datum
1235 2714 1348 2769 apud
1379 2713 1718 2755 Halieruidhous
1754 2717 1803 2755 18
1836 2713 2098 2755 Novembris
2127 2715 2231 2756 1586
2265 2746 2274 2755 .

587 3015 850 3084 Preeeptum
890 3033 1006 3072 carte
1047 3031 1383 3073 confirmationis
1424 3045 1554 3087 super
1593 3034 1714 3073 carta
1744 3030 1983 3072 feudifirme
2017 3030 2133 3073 facta
2171 3044 2249 3087 per
2287 3031 2505 3074 dominum

588 3106 830 3148 Johannem
864 3107 1068 3150 Wilsoun
1104 3110 1372 3165 capellanum
1408 3109 1644 3165 capellanie
1681 3109 1829 3151 Sancti
1867 3109 2108 3151 Saluatoris
2138 3109 2252 3152 infra
2283 3110 2506 3152 ecclesiam

587 3185 895 3241 parrochialem
916 3186 968 3228 de
989 3186 1158 3229 Dundie
1180 3189 1393 3243 quondam
1415 3189 1442 3230 J
1446 3189 1578 3236 acobo
1599 3188 1756 3230 Rollok
1771 3188 1933 3242 juniori
1954 3188 1999 3229 in
2021 3187 2190 3230 Dundie
2212 3192 2256 3231 et
2275 3189 2506 3232 heredibus

589 3264 845 3306 hereditarie
874 3264 926 3306 de
958 3297 968 3307 .
1001 3297 1011 3307 .
1044 3297 1053 3307 .
1084 3266 1250 3309 duabus
1281 3267 1392 3309 acris
1422 3271 1632 3309 terrarum
1659 3266 1906 3322 jacentibus
1935 3266 1980 3308 in
2010 3280 2160 3322 campo
2182 3268 2435 3311 occidentali
2455 3270 2508 3311 de

589 3341 758 3383 Dundie
781 3342 999 3397 speciatim
1022 3343 1218 3387 limitatis
1252 3377 1260 3386 .
1293 3375 1304 3387 .
1337 3375 1348 3387 .
1378 3349 1508 3401 prout
1526 3346 1570 3387 in
1591 3346 1707 3388 dicta
1727 3350 1846 3388 carta
1867 3346 2110 3388 continetur
2126 3360 2221 3388 cum
2242 3346 2507 3391 dimidietate
