3016 3958
1043 624 1478 682 LITERAE
1543 622 2010 682 PAPALES.
2387 627 2498 685 409

544 804 757 848 Ricardus
789 803 970 848 eundem
1007 804 1251 849 Gilbertum
1274 819 1405 863 super
1424 804 1650 862 premissis
1675 819 1820 849 coram
1850 805 1946 862 ipso
1971 804 2118 861 judice
2138 817 2343 848 accusare
2365 819 2496 863 seque

543 886 589 927 in
609 885 750 928 forma
767 884 881 941 juris
909 885 1146 928 inscribere
1176 884 1323 936 vellet,
1352 888 1585 943 postquam
1615 885 1779 929 dictum
1811 885 2056 929 Gilbertum
2086 889 2337 930 accusasset
2364 900 2495 943 seque

542 964 853 1022 inscripsisset,
883 967 935 1008 ut
962 964 1195 1022 prefertur,
1230 965 1397 1008 vocatis
1426 965 1542 1009 dicto
1574 964 1770 1009 Gilberto
1801 968 1847 1009 et
1875 965 1975 1009 aliis
2007 965 2083 1022 qui
2111 965 2256 1009 forent
2286 966 2495 1009 evocandi

545 1059 677 1102 super
705 1044 948 1102 premissis,
979 1043 1222 1101 inquireret
1253 1044 1517 1087 auctoritate
1547 1044 1790 1101 apostolica
1818 1044 2072 1101 diligentius
2106 1044 2352 1096 veritatem,
2383 1049 2428 1088 et
2459 1047 2496 1088 si

543 1140 622 1182 per
653 1124 980 1182 inquisitionem
1011 1123 1262 1179 hujusmodi
1293 1138 1345 1167 ea
1374 1124 1593 1167 invenerit
1624 1124 1810 1168 veritate
1846 1124 2024 1175 subniti,
2056 1124 2219 1168 dictum
2249 1124 2494 1169 Gilbertum

542 1205 693 1249 eodem
712 1204 1065 1248 archidiaconatu
1095 1203 1356 1247 auctoritate
1386 1203 1557 1260 prefata
1587 1203 1908 1248 sententialiter
1936 1204 2131 1261 privaret
2160 1237 2170 1248 .
2204 1238 2214 1248 .
2247 1235 2258 1247 .
2289 1211 2421 1263 prout
2439 1207 2493 1249 de

537 1291 637 1344 jure
658 1289 772 1333 foret
790 1287 1060 1337 faciendum;
1090 1290 1136 1330 et
1155 1271 1437 1330 nihilominus
1458 1287 1495 1329 si
1516 1287 1806 1344 privationem
1827 1291 1872 1331 et
1892 1288 2156 1332 amotionem
2177 1290 2395 1346 predictas
2417 1304 2494 1347 per

542 1370 685 1426 ipsum
710 1367 902 1425 judicem
930 1366 1025 1409 fieri
1055 1366 1340 1423 contingeret,
1369 1366 1531 1409 dictum
1553 1367 1967 1419 archidiaconatum,
1991 1368 2081 1411 sive
2103 1383 2182 1425 per
2201 1369 2493 1426 privationem

544 1453 589 1492 et
628 1447 892 1492 amotionem
920 1445 1172 1502 hujusmodi
1213 1446 1305 1488 sive
1344 1445 1456 1489 alias
1496 1446 1651 1502 quovis
1691 1447 1819 1490 modo
1858 1450 2050 1499 vacaret,
2091 1448 2264 1505 prefato
2304 1448 2493 1492 Ricardo

543 1528 693 1572 eadem
709 1526 970 1571 auctoritate
990 1525 1208 1569 conferret
1238 1528 1283 1568 et
1312 1525 1590 1582 assignaret;
1621 1525 1823 1583 dictoque
1843 1526 2149 1584 predecessore
2171 1527 2284 1572 sicut
2305 1527 2492 1571 Domino

542 1607 708 1666 placuit
730 1607 861 1650 rebus
887 1606 1092 1649 humanis
1121 1608 1337 1662 exempto,
1370 1609 1416 1649 et
1444 1606 1570 1650 nobis
1600 1605 1748 1650 divina
1776 1607 1951 1650 favente
1982 1606 2213 1651 clementia
2241 1607 2297 1651 ad
2326 1609 2493 1665 apicem

543 1686 701 1731 summi
734 1685 1009 1744 apostolatus
1041 1686 1295 1742 assumptis,
1330 1699 1385 1728 ne
1419 1685 1562 1729 dictus
1598 1686 1811 1730 Ricardus
1846 1686 2088 1731 voluntatis
2122 1691 2169 1731 et
2202 1689 2492 1732 concessionis

538 1767 806 1824 hujusmodi,
826 1781 906 1824 pro
927 1780 978 1810 eo
998 1765 1114 1823 quod
1142 1765 1248 1809 dicti
1267 1764 1586 1822 predecessoris
1608 1766 1940 1823 superveniente
1961 1767 2084 1811 obitu
2106 1766 2233 1811 litere
2254 1768 2491 1824 apostolice

543 1862 673 1906 super
695 1847 785 1891 illis
814 1846 1008 1890 confecte
1038 1860 1126 1889 non
1155 1845 1345 1896 fuerant,
1376 1845 1664 1889 frustraretur
1684 1846 1855 1897 effectu,
1875 1846 2077 1890 volumus
2110 1878 2121 1889 .
2151 1879 2162 1890 .
2194 1879 2204 1890 .
2236 1848 2350 1903 quod
2373 1848 2492 1904 prior

543 1928 749 1976 voluntas
783 1929 830 1970 et
863 1924 1086 1969 concessio
1126 1924 1377 1981 hujusmodi
1409 1924 1465 1967 ab
1496 1924 1672 1968 illarum
1704 1925 1808 1968 data
1841 1925 2021 1982 perinde
2062 1939 2189 1969 suum
2230 1927 2492 1971 sortirentur

544 2010 760 2060 effectum,
784 2021 835 2050 ac
857 2006 895 2050 si
916 2019 1047 2063 super
1075 2003 1165 2047 illis
1193 2004 1332 2061 ipsius
1358 2003 1677 2061 predecessoris
1707 2004 1834 2048 litere
1856 2005 1937 2048 sub
1958 2005 2062 2048 data
2081 2005 2277 2062 predicta
2296 2007 2490 2051 confecte

541 2089 743 2139 fuissent,
764 2086 963 2144 quodque
983 2087 1132 2128 nostre
1164 2097 1295 2141 super
1323 2083 1431 2140 ipsis
1461 2083 1687 2127 voluntate
1717 2087 1762 2127 et
1792 2085 2070 2127 concessione
2099 2084 2294 2129 confecte
2315 2087 2371 2129 ad
2391 2102 2492 2143 pro-

543 2167 735 2213 bandum
765 2166 891 2224 plene
922 2164 1024 2208 illas
1052 2163 1212 2220 ubique
1244 2163 1503 2214 sufficerent,
1533 2177 1613 2206 nec
1643 2163 1699 2205 ad
1730 2163 1775 2205 id
1806 2163 1990 2206 alterius
2018 2164 2290 2221 probationis
2310 2166 2493 2209 admini-

545 2249 691 2292 culum
711 2247 1033 2303 requireretur3
1054 2246 1099 2287 et
1118 2242 1303 2286 ulterius
1325 2257 1422 2285 cum
1442 2242 1586 2286 dictus
1607 2241 1834 2293 Ricardus‚
1857 2242 1971 2286 sicut
1990 2244 2231 2296 asserebat,
2251 2246 2492 2302 potentiam

544 2328 705 2386 prefati
736 2325 921 2370 Gilberti
940 2324 1096 2367 merito
1116 2323 1467 2381 perhorrescens,
1499 2336 1598 2365 eum
1630 2321 1746 2364 infra
1779 2321 2014 2365 Ciuitatem
2045 2322 2384 2367 Brechinensem
2415 2339 2492 2368 seu

545 2410 705 2453 dictam
729 2406 936 2450 diocesim
954 2404 1156 2461 nequiret
1175 2402 1405 2446 convenire
1427 2415 1590 2452 secure,
1614 2401 1787 2444 officiali
1810 2400 1960 2444 Sancti
1990 2401 2164 2445 Andree
2195 2403 2287 2446 suis
2317 2405 2491 2460 proprio

544 2488 718 2534 nomine
738 2501 826 2530 non
846 2498 1067 2543 expresso,
1086 2483 1248 2526 eisdem
1277 2481 1442 2526 nostris
1471 2481 1667 2524 dedimus
1696 2480 1835 2524 literis
1864 2480 1911 2522 in
1940 2481 2157 2524 mandatis
2186 2484 2251 2538 ut,
2282 2483 2320 2525 si
2349 2482 2491 2526 dictus

546 2567 792 2614 Richardus
825 2566 967 2623 ipsum
1005 2563 1247 2607 Gilbertum
1277 2574 1408 2618 super
1436 2559 1662 2618 premissis
1692 2573 1838 2603 coram
1867 2559 2019 2602 eodem
2049 2560 2222 2603 officiali
2251 2566 2491 2613 accusaret,

545 2663 677 2707 seque
709 2648 755 2690 in
783 2646 925 2690 forma
951 2643 1066 2700 juris
1094 2642 1328 2685 inscribere
1360 2639 1491 2683 vellet
1522 2672 1532 2683 .
1566 2670 1577 2681 .
1609 2671 1620 2682 .
1650 2639 1890 2695 inquireret
1919 2639 2180 2683 auctoritate
2211 2643 2365 2684 nostra
2395 2641 2492 2684 dili-

546 2729 722 2788 gentius
756 2725 1002 2775 veritatem,
1039 2725 1084 2766 et
1119 2722 1157 2764 si
1195 2735 1274 2778 per
1311 2718 1635 2776 inquisitionem
1673 2718 1923 2775 hujusmodi
1963 2732 2015 2762 ea
2053 2718 2269 2764 inveniret
2307 2722 2492 2765 veritate

548 2807 727 2858 subniti,
761 2805 925 2848 dictum
961 2801 1205 2846 Gilbertum
1240 2799 1593 2843 archidiaconatu
1631 2798 1826 2855 predicto
1860 2798 2010 2841 eadem
2044 2799 2306 2844 auctoritate
2341 2805 2494 2845 nostra

548 2884 869 2934 sententialiter
891 2882 1099 2940 privaret,
1121 2882 1165 2923 et
1186 2881 1408 2923 amoveret
1427 2877 1605 2921 realiter
1624 2878 1680 2921 ab
1701 2877 1867 2928 eodem,
1897 2881 2029 2934 prout
2057 2878 2111 2920 de
2135 2878 2236 2934 jure
2255 2879 2371 2924 foret
2390 2881 2494 2924 faci·

548 2968 734 3016 endum3
765 2967 812 3008 et
841 2963 879 3006 si
898 2960 1183 3019 privationem
1206 2962 1250 3002 et
1270 2958 1532 3001 amotionem
1561 2957 1810 3013 hujusmodi
1839 2970 1919 3014 per
1947 2956 2111 3000 dictum
2141 2958 2368 3001 officialem
2397 2960 2493 3003 fieri

547 3047 822 3104 contingeret
860 3041 1060 3086 eumdem
1094 3038 1506 3088 archidiaconatum,
1551 3036 1643 3080 sive
1686 3050 1764 3094 per
1807 3036 2095 3106 privationem
2138 3039 2184 3080 et
2229 3038 2492 3082 amotionem

544 3124 795 3184 hujusmodi
834 3126 938 3166 tunc
979 3120 1070 3164 sive
1110 3118 1219 3162 alias
1259 3117 1412 3174 quovis
1443 3116 1571 3160 modo
1605 3118 1796 3166 vacaret,
1833 3114 1972 3158 eidem
2007 3115 2194 3159 Ricardo
2231 3117 2491 3161 auctoritate

545 3209 699 3251 nostra
731 3202 904 3262 prefata
937 3200 1155 3244 conferret
1189 3201 1234 3241 et
1266 3196 1526 3254 assignaret,
1553 3195 1682 3252 juxta
1711 3195 1900 3251 priorem
1935 3193 2205 3239 voluntatem
2240 3198 2285 3238 et
2319 3209 2493 3239 conces-

548 3288 713 3331 sionem
743 3281 1040 3339 supradictas3
1072 3282 1118 3322 et
1145 3291 1243 3321 cum
1272 3276 1413 3320 dictus
1444 3274 1659 3318 Ricardus
1688 3274 1837 3331 vigore
1865 3273 2092 3317 literarum
2120 3275 2368 3318 earumdem
2403 3275 2493 3319 Gil-

545 3368 717 3411 bertum
742 3361 959 3421 prefatum
981 3372 1111 3416 super
1130 3358 1226 3413 hoc,
1246 3355 1431 3414 petendo
1462 3369 1561 3398 eum
1590 3354 1760 3411 prefato
1790 3353 2144 3398 archidiaconatu
2174 3356 2491 3401 sententialiter

1484 3433 1571 3488 3f
