3022 3964
1122 617 1413 672 CARTAE
1458 616 1954 672 ORIGINALES.
2475 623 2507 674 9

571 808 811 856 Lethnoth
849 823 1032 856 creasse
1068 808 1355 872 prebendam
1390 806 1633 870 perpetuis
1677 805 1849 854 futuris
1893 806 2185 869 temporibus
2232 807 2501 855 duraturam

566 899 654 946 sub
679 898 822 946 certis
843 898 996 946 forma
1018 902 1068 947 et
1091 899 1230 946 modo
1255 896 1449 945 inferius
1466 895 1709 944 annotatis
1727 894 1811 942 viz.
1839 896 1962 959 quod
1987 896 2251 959 quicunque
2276 913 2361 960 pro
2384 901 2503 945 tem-

566 1004 680 1052 pore
712 988 855 1036 fuerit
891 992 1047 1036 rector
1082 988 1208 1035 dicte
1245 987 1444 1036 ecclesie
1481 988 1539 1034 de
1579 986 1821 1033 Lethnoth
1845 1001 2031 1047 semper
2065 984 2127 1033 sit
2164 985 2430 1034 Canonicus
2454 987 2502 1033 in

567 1077 698 1125 dicta
734 1076 936 1126 ecclesia
971 1080 1135 1125 nostra
1172 1075 1482 1124 Brechinensi
1521 1079 1570 1123 et
1608 1075 1735 1138 quod
1774 1072 1967 1132 stallum
1991 1073 2166 1121 habeat
2202 1074 2249 1120 in
2286 1074 2429 1122 choro
2454 1079 2502 1122 et

565 1167 719 1215 locum
744 1167 793 1214 in
816 1165 1040 1229 capitulo,
1066 1169 1115 1213 et
1138 1165 1198 1212 de
1221 1165 1438 1214 omnibus
1460 1163 1567 1212 aliis
1590 1179 1682 1227 que
1717 1163 1779 1210 ad
1806 1163 1888 1225 jus
1923 1162 2230 1211 canonicatus
2264 1163 2502 1226 pertinent

565 1258 719 1304 eidem
760 1255 1102 1318 respondeatur
1141 1254 1190 1301 in
1233 1253 1450 1302 omnibus
1490 1253 1613 1301 sicut
1656 1251 1737 1299 uni
1778 1250 1918 1299 alteri
1965 1250 2297 1299 canonicorum
2343 1256 2503 1299 nostre

565 1345 764 1394 ecclesie
787 1343 1058 1407 supradicte
1097 1371 1107 1380 ·
1144 1342 1238 1397 Qui
1263 1342 1451 1405 quidem
1488 1340 1742 1389 canonicus
1777 1340 1825 1387 in
1860 1339 2146 1403 prebendam
2172 1355 2306 1388 suam
2343 1356 2503 1388 omnes

563 1436 746 1483 fructus
780 1433 994 1481 redditus
1027 1435 1288 1495 prouentus
1322 1435 1372 1479 et
1408 1429 1722 1478 obuenciones
1758 1429 1884 1477 dicte
1932 1429 2130 1477 ecclesie
2167 1430 2227 1477 de
2264 1430 2502 1478 Lethnoth

565 1529 666 1573 tam
689 1523 892 1571 maiores
929 1537 1078 1588 quam,
1109 1521 1315 1569 minores
1351 1520 1547 1567 habebit
1586 1547 1596 1557 ·
1636 1520 1702 1567 Et
1740 1518 1951 1566 inueniet
1988 1518 2232 1566 annuatim
2269 1519 2317 1565 in
2358 1519 2500 1567 choro

566 1614 693 1662 dicte
716 1616 877 1661 nostre
901 1610 1100 1659 ecclesie
1124 1626 1268 1657 unum
1303 1609 1641 1658 subdiaconum
1677 1607 1987 1656 sufficientem
2011 1606 2274 1655 stall-arium
2300 1608 2347 1654 in
2373 1608 2503 1655 habi-

562 1709 617 1752 tu
641 1701 873 1751 consimili
908 1717 1012 1748 cum
1049 1698 1275 1748 stallariis
1309 1698 1508 1747 aliorum
1545 1697 1875 1745 canonicorum
1901 1695 2246 1744 celebraturum
2270 1700 2319 1744 et
2344 1697 2504 1746 minis-

562 1771 798 1842 traturum
821 1795 921 1839 tam
944 1789 993 1837 in
1018 1788 1172 1837 officio
1196 1786 1472 1836 subdiaconi
1496 1790 1546 1834 et
1571 1785 1779 1834 cantoris
1803 1801 1943 1848 quam
1980 1785 2028 1831 in
2062 1783 2170 1833 aliis
2193 1785 2358 1833 officiis
2381 1785 2502 1832 infra

563 1883 742 1930 dictum
766 1880 958 1929 chorum
995 1879 1226 1926 hactenus
1264 1875 1454 1924 usitatis
1491 1903 1501 1912 ·
1541 1874 1753 1922 Habebit
1789 1873 1938 1921 eciam
1964 1889 2105 1920 unum
2131 1872 2372 1920 Vicarium
2398 1890 2500 1936 per-

562 1976 758 2036 petuum
805 1969 853 2016 in
901 1968 1030 2015 dicta
1075 1965 1278 2015 ecclesia
1323 1963 1607 2028 parrochiali
1656 1964 1714 2010 de
1762 1963 2005 2010 Lethnoth
2053 1962 2133 2026 qui
2176 1962 2340 2024 viginti
2383 1963 2499 2010 duas

562 2061 778 2110 marchas
802 2059 860 2106 de
885 2056 1148 2105 redditibus
1172 2055 1298 2103 dicte
1322 2053 1521 2102 ecclesie
1558 2053 1616 2100 de
1654 2052 1894 2100 Lethnoth
1919 2051 2148 2114 percipiet
2172 2051 2414 2099 annuatim
2438 2053 2499 2098 ad

562 2149 792 2199 terminos
810 2147 1155 2195 Penthecostes
1174 2148 1223 2192 et
1243 2143 1408 2191 Sancti
1430 2141 1631 2190 Martini
1655 2141 1703 2188 in
1727 2141 1911 2203 hyeme,
1930 2156 2014 2203 per
2038 2141 2285 2203 porciones
2307 2139 2499 2203 equales

563 2241 603 2289 si
626 2255 712 2303 pro
734 2241 872 2287 tanta
893 2233 1059 2283 haberi
1082 2233 1260 2296 poterit
1299 2260 1308 2270 ·
1346 2231 1435 2279 Cui
1459 2235 1619 2278 autem
1657 2231 1738 2277 fiet
1777 2229 2098 2292 augmentatio
2137 2245 2231 2276 non
2270 2234 2499 2292 perpetua

563 2333 637 2378 set
659 2324 936 2390 temporalis
959 2326 1100 2387 prout
1133 2321 1363 2385 temporis
1396 2319 1623 2368 fertilitas
1659 2335 1743 2367 seu
1781 2317 2010 2367 sterilitas
2034 2318 2081 2364 id
2107 2318 2323 2381 exposcit
2361 2347 2370 2355 -
2410 2317 2499 2365 Cui

565 2418 714 2466 eciam
760 2415 810 2462 in
848 2414 979 2461 dicta
1019 2410 1220 2460 ecclesia
1267 2410 1325 2457 de
1367 2408 1611 2456 Lethnoth
1656 2406 1965 2455 residenciam
2008 2406 2300 2470 personalem
2343 2407 2498 2454 facere

563 2509 796 2558 teneatur,
821 2517 878 2550 ac
900 2498 1223 2564 parrochianis
1245 2502 1346 2546 tam
1370 2495 1551 2560 capelle
1590 2496 1649 2543 de
1676 2495 1904 2557 Lochlw)r
1928 2511 2067 2558 quam
2092 2495 2303 2558 predicte
2331 2496 2497 2543 matris

565 2593 763 2643 ecclesie
789 2590 948 2639 debite
973 2587 1212 2646 deseruire
1247 2602 1331 2634 seu
1366 2585 1523 2633 facere
1559 2584 1787 2633 deseruiri
1825 2611 1835 2621 ·
1873 2583 1962 2638 Qui
1989 2583 2138 2630 eciam
2164 2583 2366 2632 vicarius
2388 2600 2495 2646 pro-

564 2683 839 2734 curaciones
885 2676 934 2726 et
975 2675 1221 2740 synodalia
1266 2679 1315 2722 et
1356 2673 1516 2720 omnia
1556 2688 1701 2720 onera
1742 2671 1979 2720 ordinaria
2020 2671 2208 2719 domino
2258 2672 2495 2734 Episcopo

563 2779 612 2823 et
655 2773 756 2820 eius
796 2751 1145 2816 Archidiacono
1186 2763 1266 2826 qui
1305 2769 1391 2825 p'ro
1433 2764 1646 2823 tempore
1679 2759 1822 2807 fuerit
1864 2759 2046 2807 soluere
2087 2763 2308 2807 teneatur
2345 2788 2354 2796 ·
2393 2761 2493 2808 Iste

562 2878 673 2911 vero
696 2857 898 2907 vicarius
933 2870 1018 2918 per
1054 2851 1330 2900 canonicum
1369 2849 1448 2913 qui
1486 2864 1571 2912 pro
1603 2833 1822 2911 >tempore
1859 2848 2002 2895 fuerit
2038 2848 2226 2896 domino
2253 2849 2491 2912 Episcopo

558 2947 920 3017 presentabitur,
957 2947 1006 2991 et
1043 2958 1105 2989 ex
1142 2939 1243 2987 eius
1265 2938 1490 2986 mandato
1515 2937 1562 2982 in
1586 2935 1809 2983 vicariam
1832 2936 2113 2984 instituetur
2135 2937 2332 2984 eandem
2371 2965 2380 2974 ·
2420 2938 2484 2984 Et

561 3037 816 3089 canonicus
838 3047 1022 3096 semper
1044 3045 1168 3078 unus
1200 3031 1309 3092 post
1340 3025 1500 3080 alium,
1525 3041 1630 3072 cum
1655 3024 1941 3087 prebendam
1966 3025 2024 3071 de
2050 3025 2292 3073 Lethnoth
2320 3041 2485 3072 vacare

565 3125 829 3190 contigerit,
866 3137 952 3186 per
987 3119 1165 3167 dictum
1193 3115 1430 3164 dominum
1469 3114 1527 3161 de
1566 3113 1822 3175 Lyndysay
1861 3117 1910 3160 et
1947 3114 2146 3162 heredes
2169 3129 2278 3161 suos
2302 3129 2492 3176 presen-

563 3217 745 3267 tabitur
785 3211 974 3260 domino
1016 3207 1267 3271 Episcopo,
1310 3203 1390 3267 qui
1430 3202 1573 3250 faciet
1611 3216 1717 3248 eum
1756 3205 1810 3249 ut
1847 3201 1992 3250 moris
2026 3205 2099 3249 est
2135 3202 2183 3248 in
2217 3202 2490 3249 canonicum

566 3305 712 3368 recipi
748 3306 798 3351 et
836 3299 996 3348 debite
1034 3294 1267 3345 installari
1306 3322 1315 3331 ·
1353 3292 1419 3340 Et
1457 3291 1498 3339 si
1536 3290 1690 3339 dictus
1729 3289 1983 3338 canonicus
2017 3289 2256 3352 negligens
2279 3289 2492 3338 fueritin

1515 3378 1540 3424 b
