3016 3958
982 631 1299 691 GARTAE
1340 630 1966 690 MISCELLANEAE.
2340 635 2449 691 353

514 813 631 855 facta
666 827 744 869 per
780 813 999 869 quondam
1033 814 1294 870 magistrum
1332 813 1545 856 Thomam
1584 813 1876 870 Skrymgeour
1910 812 2181 870 capellanum
2222 812 2458 870 capellanie

515 893 608 935 siue
639 893 792 936 altaris
820 893 970 936 Sancti
999 893 1153 936 Jacobi
1183 893 1298 935 infra
1329 892 1553 935 ecclesiam
1582 893 1873 949 parochialem
1905 893 1957 935 de
1988 892 2160 934 Dundie
2182 892 2284 934 olim
2308 893 2458 935 situati

513 988 611 1015 cum
655 988 869 1016 consensu
910 974 1127 1029 quondam
1168 973 1353 1015 Joannis
1398 972 1690 1028 Skrymgeour
1731 973 1784 1014 de
1825 971 2008 1029 Dudope
2053 972 2362 1015 constabularii
2405 972 2457 1013 de

515 1052 688 1095 Dundie
707 1053 880 1109 patroni
902 1053 1091 1095 eiusdem
1115 1053 1330 1108 quondam
1362 1051 1548 1108 Georgio
1580 1052 1840 1094 Andersoun
1867 1053 2074 1108 burgensi
2094 1052 2222 1108 burgi
2253 1052 2305 1094 de
2336 1051 2458 1093 Dun-

513 1133 581 1174 die
604 1135 649 1175 et
671 1133 861 1175 Barbare
884 1131 1160 1188 Monorgand
1193 1146 1268 1174 sue
1302 1145 1459 1187 sponse
1492 1164 1501 1173 .
1535 1163 1545 1174 .
1580 1161 1590 1172 .
1620 1131 1666 1172 in
1688 1132 1916 1173 coniuncta
1940 1131 2231 1174 infeodatione
2262 1135 2307 1174 et
2335 1132 2459 1173 here-

513 1213 639 1255 dibus
679 1212 794 1255 inter
833 1213 953 1268 ipsos
993 1211 1187 1267 legitime
1231 1211 1469 1267 procreatis
1519 1224 1596 1252 seu
1639 1210 1916 1266 procreandis
1961 1211 2116 1266 quibus
2160 1211 2458 1253 deficientibus

511 1293 741 1335 heredibus
775 1295 820 1335 et
850 1291 1088 1348 assignatis
1122 1291 1447 1346 quibuscunque
1481 1289 1585 1331 dicti
1618 1290 1834 1344 quondam
1869 1289 2045 1346 Georgii
2078 1290 2130 1332 de
2163 1321 2174 1332 .
2206 1322 2215 1332 .
2250 1321 2260 1331 .
2291 1291 2458 1332 duabus

521 1373 634 1415 acris
666 1376 782 1414 terre
814 1371 993 1413 arabilis
1022 1370 1135 1412 dicte
1166 1369 1404 1425 capellanie
1434 1369 1477 1409 in
1505 1368 1766 1424 patrimonio
1797 1369 2114 1424 pertinentibus
2135 1369 2179 1411 in
2205 1369 2459 1412 occidentali

513 1466 664 1508 campo
685 1451 738 1492 de
760 1450 931 1492 Dundie
962 1464 1015 1491 ex
1048 1448 1305 1491 occidentali
1327 1448 1463 1489 latere
1493 1448 1546 1489 de
1576 1446 1779 1490 Halkhill
1800 1447 1914 1490 inter
1933 1451 2074 1490 terras
2095 1449 2302 1491 heredum
2324 1463 2459 1504 quon—

511 1532 610 1574 dam
631 1530 830 1586 magistri
854 1530 1019 1571 Thome
1042 1527 1194 1570 Lovell
1215 1527 1270 1569 ad
1293 1526 1491 1568 occidens
1512 1530 1654 1568 terras
1675 1527 1881 1568 heredum
1903 1527 2120 1582 quondam
2143 1527 2316 1584 Georgii
2339 1528 2460 1570 Blair

510 1611 565 1654 ad
588 1611 731 1653 oriens
752 1610 868 1652 viam
891 1623 977 1666 qua
996 1608 1086 1650 itur
1106 1622 1133 1649 a
1152 1610 1280 1663 porta
1300 1606 1489 1662 Ergadie
1511 1606 1614 1648 dicti
1634 1606 1762 1662 burgi
1792 1606 1847 1648 ad
1879 1606 2174 1662 Inuergowrie
2199 1607 2254 1649 ad
2284 1608 2459 1650 boream

511 1694 555 1732 et
574 1691 739 1732 fluxum
767 1689 902 1731 maris
933 1688 988 1730 ad
1019 1690 1217 1729 austrum
1243 1686 1491 1741 jacentibus
1521 1685 1567 1726 in
1597 1685 1777 1727 baronia
1807 1686 1859 1728 de
1891 1685 2063 1728 Dundie
2094 1687 2207 1729 infra
2236 1688 2460 1730 vicecomi-

510 1775 651 1813 tatum
687 1770 740 1812 de
776 1769 962 1817 Forfar3
1006 1766 1204 1809 tenendis
1240 1766 1292 1807 de
1330 1765 1445 1807 dicto
1478 1798 1487 1807 .
1520 1795 1530 1806 .
1563 1797 1572 1806 .
1604 1765 1814 1820 magistro
1851 1765 2021 1808 Thoma
2055 1770 2100 1808 et
2138 1767 2458 1809 successoribus

512 1851 603 1893 suis
624 1851 669 1891 in
695 1849 939 1891 feudifirma
961 1852 1005 1889 et
1025 1846 1292 1894 hereditate3
1325 1845 1465 1887 altera
1495 1847 1616 1886 carta
1644 1844 1762 1886 facta
1790 1859 1869 1900 per
1900 1845 2196 1887 Alexandrum
2223 1846 2374 1888 Lovell
2405 1847 2456 1888 de

511 1929 761 1986 Petgrondy
781 1928 919 1970 filium
950 1932 995 1969 et
1024 1926 1224 1968 heredem
1247 1925 1461 1980 quondam
1494 1924 1693 1980 magistri
1720 1924 1885 1966 Thome
1907 1923 2059 1966 Lovell
2079 1925 2308 1980 burgensis
2329 1926 2455 1982 burgi

510 2010 562 2051 de
585 2008 756 2050 Dundie
777 2006 1099 2062 consanguineo
1132 2019 1209 2047 suo
1241 2004 1429 2046 Patricio
1457 2003 1715 2045 Andersoun
1746 2003 1836 2045 filio
1867 2006 1912 2045 et
1939 2003 2086 2045 heredi
2116 2004 2218 2046 dicti
2240 2005 2456 2059 quondam

514 2087 688 2143 Georgii
711 2087 971 2129 Andersoun
1003 2088 1047 2127 et
1076 2085 1305 2126 heredibus
1326 2082 1532 2125 masculis
1562 2082 1615 2124 de
1646 2096 1824 2138 corpore
1856 2097 1933 2125 suo
1964 2083 2156 2139 legitime
2177 2084 2455 2139 procreandis

513 2168 669 2223 quibus
690 2167 988 2208 deficientibus
1010 2166 1125 2207 dicto
1147 2163 1396 2206 Alexandro
1419 2162 1570 2204 Lovell
1591 2163 1822 2204 heredibus
1844 2163 1934 2205 suis
1955 2166 2000 2205 et
2020 2163 2257 2219 assignatis
2282 2164 2457 2218 quibus—
2527 2190 2529 2193 -

514 2261 683 2303 cunque
717 2279 726 2288 .
759 2278 769 2289 .
804 2277 814 2288 .
845 2246 898 2288 de
930 2278 939 2287 .
1017 2277 1025 2286 .
1058 2244 1189 2287 terris
1211 2247 1255 2285 et
1275 2247 1491 2285 terrarum
1512 2242 1625 2285 acris
1648 2242 1902 2298 subscriptis
1918 2243 2166 2297 jacentibus
2187 2245 2232 2285 et
2255 2243 2455 2285 bondatis

512 2328 639 2369 modo
660 2327 706 2367 in
727 2327 841 2368 dicta
863 2325 1003 2367 altera
1024 2327 1145 2366 carta
1165 2327 1368 2365 contento
1393 2322 1606 2372 videlicet,
1632 2322 1684 2363 de
1711 2325 1836 2364 sexta
1855 2325 1979 2377 parte
2000 2326 2214 2364 terrarum
2236 2322 2288 2364 de
2311 2322 2454 2379 Myln-

512 2411 619 2449 toun
650 2410 694 2448 et
725 2405 895 2461 Cragie‚
928 2418 1030 2446 acra
1058 2407 1175 2446 terre
1210 2406 1460 2457 nuncupata
1490 2401 1737 2443 Marmadin
1769 2401 1866 2450 Pot,
1898 2401 2164 2444 dimidietate
2194 2402 2323 2443 unius
2353 2417 2450 2444 acre

510 2490 726 2527 terrarum
747 2486 1092 2539 nuncupatarum
1114 2483 1189 2525 the
1211 2481 1538 2537 Myddleschad,
1560 2495 1648 2522 una
1668 2494 1770 2522 acra
1801 2494 1876 2522 seu
1907 2481 2046 2523 crofta
2065 2484 2181 2523 terre
2202 2485 2452 2537 nuncupata

511 2566 586 2607 the
613 2563 801 2619 Medow,
823 2562 1091 2604 dimidietate
1112 2576 1211 2603 acre
1232 2565 1347 2603 terre
1375 2563 1622 2615 nuncupate
1644 2559 1908 2610 Barnedaill,
1932 2573 2020 2602 una
2040 2574 2142 2602 acra
2161 2563 2277 2603 terre
2296 2564 2453 2623 yocata

513 2643 727 2693 Halkhill,
753 2657 840 2684 una
864 2656 965 2684 acra
990 2646 1107 2684 terre
1137 2644 1386 2695 nuncupata
1416 2640 1490 2681 the
1523 2639 1671 2680 Brerie
1702 2638 1826 2689 Balk,
1858 2642 1903 2681 et
1932 2639 2100 2681 duabus
2127 2639 2275 2695 paruis
2304 2639 2453 2695 [acris]

513 2724 643 2780 vulgo
660 2721 921 2777 nuncupatis
941 2721 998 2762 lie
1020 2719 1158 2762 buttis
1174 2723 1387 2761 terrarum
1417 2750 1426 2760 .
1458 2751 1465 2760 ,
1493 2751 1502 2760 .
1524 2718 1769 2773 jacentibus
1788 2718 1833 2759 in
1855 2719 2059 2774 parochia
2078 2718 2130 2761 de
2152 2717 2324 2761 Dundie
2340 2719 2455 2761 infra

512 2804 674 2845 dictum
696 2800 1039 2844 vicecomitatum
1060 2814 1070 2848 ;
1100 2799 1299 2841 tenendis
1321 2798 1373 2839 de
1406 2830 1414 2839 .
1450 2828 1459 2838 .
1493 2830 1501 2839 .
1534 2797 1757 2853 capellano
1779 2797 2015 2853 capellanie
2040 2797 2189 2840 Sancti
2212 2799 2453 2842 Saluatoris

512 2883 626 2925 infra
647 2881 871 2923 ecclesiam
893 2878 1183 2936 parochialem
1214 2878 1266 2919 de
1298 2877 1470 2918 Dundie
1502 2877 1602 2918 olim
1626 2877 1784 2919 situate
1816 2909 1825 2919 .
1860 2908 1870 2919 .
1904 2908 1914 2919 .
1946 2881 1991 2920 et
2011 2878 2332 2921 successoribus
2364 2880 2454 2921 suis

512 2964 556 3003 in
592 2961 835 3004 feudifirma
871 2963 915 3002 et
948 2958 1189 3001 hereditate
1223 2961 1304 2999 etc.
1337 2989 1346 3000 .
1378 2957 1507 3012 Apud
1542 2956 1882 2999 Halieruidhous
1918 2957 2143 3000 undecimo
2174 2958 2251 2999 -die
2291 2958 2454 3001 mensis

514 3041 776 3083 Novembris
797 3054 910 3082 anno
933 3038 1108 3081 Domini
1131 3049 1165 3078 M
1187 3043 1231 3078 νο
1252 3037 1544 3092 octuagesimo
1567 3039 1690 3078 sexto
1723 3067 1732 3078 .

256 3285 488 3328 COOLIV.
515 3269 810 3337 Praeceptum
857 3283 1003 3323 cartae
1041 3278 1381 3323 confirmationis
1423 3291 1554 3334 super
1589 3277 1757 3319 duabus
1802 3276 1934 3320 cartis
1975 3276 2265 3333 subscriptis:
2317 3276 2457 3320 altera.

515 3361 748 3405 earundem
782 3360 900 3403 facta
940 3374 967 3402 a
1006 3359 1218 3415 magistro
1264 3358 1436 3400 Thoma
1479 3357 1773 3413 Skrymgeour
1812 3356 2036 3412 capellano
2073 3355 2338 3412 capellaniae
2380 3371 2456 3401 seu

1445 3438 1528 3491 29
