3016 3958
322 898 557 944 CCCXL.

300 1385 561 1429 CCCXLI.

276 2489 560 2534 CCCXLII.

579 646 690 701 348
747 609 750 614 ’
1067 642 1387 700 GARTAE
1425 641 2051 697 MIsoELLANEAE.

585 889 694 944 Gift
714 904 761 944 to
782 900 949 943 Henrie
973 900 1157 943 Sinclair
1176 898 1327 941 lawful
1349 912 1428 941 son
1457 902 1504 941 to
1534 899 1609 941 the
1637 898 1844 941 deceased
1875 898 2042 940 Henrie
2066 898 2252 940 Sinclair
2271 898 2432 949 writer,
2454 898 2524 940 for

583 981 653 1023 his
673 981 1012 1023 entertainment
1031 985 1079 1022 at
1101 980 1176 1022 the
1203 978 1374 1021 schools
1395 978 1463 1020 for
1481 979 1556 1020 the
1578 992 1706 1034 space
1736 978 1785 1020 of
1812 992 1943 1021 seven
1973 992 2112 1035 years,
2145 978 2193 1021 of
2217 979 2292 1021 the
2314 978 2458 1021 teinds
2478 979 2527 1021 of

585 1059 817 1116 Bonytoun
838 1059 991 1102 within
1011 1059 1087 1101 the
1107 1058 1256 1115 parish
1278 1057 1326 1099 of
1356 1057 1558 1108 Brechin,
1582 1060 1739 1100 vacant
1759 1058 1815 1114 by
1835 1058 1910 1100 the
1931 1058 2111 1101 decease
2136 1058 2186 1101 of
2210 1058 2239 1101 J
2241 1073 2361 1101 ames
2385 1058 2520 1101 Small

586 1140 675 1182 last
696 1153 925 1195 possessor
945 1138 1129 1182 thereos.
1190 1136 1333 1180 Dated
1353 1142 1401 1180 at
1422 1137 1764 1180 Halieruidhous
1786 1137 1901 1180 22nd
1921 1137 2145 1195 February
2171 1141 2293 1181 1584.

588 1368 634 1423 P
635 1384 854 1437 receptum
877 1383 995 1422 carte
1017 1378 1356 1422 confirmationis
1378 1392 1508 1435 super
1537 1382 1658 1420 carta
1678 1378 1919 1421 feudifirme
1949 1378 2067 1422 facta
2095 1393 2174 1436 per
2204 1379 2424 1422 dominum
2445 1379 2474 1421 J
2476 1394 2522 1421 a-

588 1461 740 1503 cobum
761 1460 870 1503 Reid
891 1460 1160 1517 capellanum
1182 1459 1418 1515 capellanie
1449 1459 1502 1500 de
1532 1458 1796 1515 Drumlethy
1825 1459 1941 1502 intra
1960 1459 2165 1502 diocesim
2186 1459 2522 1502 Brechinensem

587 1555 685 1582 cum
716 1573 725 1583 .
760 1571 771 1583 .
802 1573 812 1583 .
844 1554 1057 1583 consensu
1087 1571 1097 1582 .
1129 1571 1139 1581 .
1172 1571 1181 1581 .
1212 1539 1428 1594 quondam
1459 1538 1658 1594 magistri
1691 1538 1870 1581 Roberti
1906 1538 2091 1581 Erskine
2122 1539 2274 1582 decani
2304 1539 2521 1582 Abirdon-

588 1621 704 1664 ensis
725 1625 768 1663 et
788 1620 961 1677 patroni
992 1619 1230 1675 capellanie
1261 1619 1476 1662 antedicte
1506 1618 1731 1660 Willelmo
1762 1617 1971 1675 Dowglas
2001 1619 2053 1661 de
2086 1618 2329 1676 Glenbervy
2357 1620 2448 1663 filio
2478 1624 2524 1662 et

586 1699 734 1742 heredi
754 1699 971 1755 quondam
992 1697 1243 1740 Archibaldi
1264 1697 1473 1754 Dowglas
1501 1698 1554 1739 de
1586 1697 1830 1754 Glenbervy
1860 1712 1911 1741 ac
1940 1698 2170 1741 heredibus
2201 1699 2292 1741 suis
2315 1699 2521 1742 masculis

585 1778 640 1820 de
660 1793 838 1834 corpore
859 1792 938 1820 suo
958 1777 1170 1834 legittime
1190 1777 1428 1833 procreatis
1460 1791 1537 1819 seu
1566 1777 1843 1833 procreandis
1863 1778 2019 1833 quibus
2039 1778 2339 1821 deficientibus
2360 1779 2519 1822 seniori

583 1859 791 1900 heredum
823 1872 1000 1900 suarum
1033 1857 1318 1900 feminearum
1353 1858 1516 1912 absque
1552 1857 1765 1899 diuisione
1800 1856 1956 1913 quibus
1991 1858 2191 1901 omnibus
2222 1858 2520 1902 deficientibus

582 1938 814 1980 heredibus
846 1938 936 1980 suis
966 1936 1170 1979 masculis
1200 1936 1525 1992 quibuscunque
1554 1936 1607 1978 de
1639 1968 1650 1979 .
1682 1968 1693 1979 .
1724 1968 1734 1978 .
1765 1936 1895 1978 terris
1925 1937 1978 1978 de
2009 1936 2269 1994 Drumlethy
2299 1952 2396 1979 cum
2430 1938 2521 1980 suis

584 2016 857 2073 pertinentiis
872 2016 1120 2071 jacentibus
1139 2016 1254 2057 infra
1273 2016 1521 2071 parochiam
1550 2016 1603 2057 de
1634 2014 1883 2072 Glenbervy
1903 2019 1949 2058 et
1968 2016 2315 2059 vicecomitatum
2335 2018 2388 2059 de
2410 2017 2520 2059 Kin-

587 2096 735 2138 cardin
753 2111 764 2137 :
791 2095 990 2138 tenendis
1009 2095 1062 2137 de
1084 2095 1199 2137 dicto
1220 2095 1442 2151 capellano
1464 2100 1509 2137 et
1528 2095 1848 2138 successoribus
1877 2096 1968 2138 suis
1989 2095 2033 2138 in
2051 2096 2297 2139 feudifirma
2326 2101 2371 2140 et
2399 2098 2521 2140 here-

586 2175 721 2217 ditate
752 2179 834 2217 etc.
864 2175 994 2231 Apud
1023 2174 1365 2217 Halieruidhous
1394 2175 1547 2218 ultimo
1578 2175 1647 2216 die
1682 2176 1845 2218 mensis
1876 2176 2041 2232 Aprilis
2071 2191 2185 2219 anno
2216 2176 2392 2219 Domini
2424 2178 2520 2219 mil-

587 2255 738 2297 lesimo
760 2254 1106 2311 quingentesimo
1128 2255 1423 2311 octuagesimo
1445 2255 1596 2310 quinto
1629 2288 1638 2297 .

585 2482 851 2551 Preceptum
872 2498 990 2536 carte
1011 2494 1350 2537 confirmationis
1372 2509 1502 2550 super
1522 2499 1644 2537 carta
1670 2495 1910 2537 feudifirme
1940 2496 2058 2538 facta
2087 2511 2164 2552 per
2194 2497 2410 2552 quondam
2441 2497 2470 2539 J
2473 2513 2518 2540 o-

586 2577 772 2617 hannem
795 2574 1129 2616 Brechinensem
1152 2574 1398 2630 episcopum
1417 2589 1511 2616 cum
1531 2589 1745 2616 consensu
1777 2605 1788 2616 .
1822 2605 1832 2616 .
1865 2604 1875 2615 .
1906 2575 2056 2618 decani
2077 2580 2122 2618 et
2141 2576 2320 2632 capituli
2340 2577 2519 2619 ecclesie

585 2654 846 2697 cathedralis
866 2654 1057 2695 eiusdem
1088 2653 1299 2709 magistro
1330 2653 1521 2695 Johanni
1553 2653 1782 2696 Cokburne
1811 2654 1974 2697 balliuo
2006 2654 2209 2698 Ciuitatis
2239 2656 2291 2698 de
2322 2656 2520 2712 Brechyn

629 2766 639 2776 .
671 2765 681 2776 .
714 2738 759 2776 et
790 2733 818 2775 J
822 2737 948 2775 onete
981 2732 1179 2775 Rechard
1212 2747 1288 2775 sue
1323 2747 1480 2789 sponse
1511 2747 1743 2788 eorumque
1773 2733 1902 2776 alteri
1932 2733 2096 2776 diutius
2126 2734 2291 2777 viuenti
2320 2735 2365 2776 in
2395 2736 2519 2779 vitali

584 2813 755 2855 redditu
785 2844 794 2855 .
828 2844 838 2855 .
870 2844 880 2855 .
913 2816 957 2854 et
977 2812 1167 2854 Johanni
1190 2812 1420 2855 Gokburne
1441 2826 1590 2855 eorum
1610 2812 1700 2854 filio
1732 2813 1907 2869 suisque
1937 2814 2166 2856 heredibus
2196 2815 2401 2857 masculis
2423 2815 2513 2873 [de]

586 2892 838 2949 cognomine
861 2891 1090 2934 Cokburne
1112 2891 1438 2947 quibuscunque
1459 2892 1512 2934 de
1544 2921 1555 2933 .
1587 2921 1597 2932 .
1633 2923 1643 2933 .
1673 2891 1777 2934 villa
1807 2896 1852 2934 et
1880 2893 2011 2934 terris
2041 2892 2093 2933 de
2124 2892 2262 2949 Neyir
2291 2893 2518 2950 Petforthy

586 2987 682 3015 cum
715 3003 725 3013 .
760 3001 771 3013 .
803 3004 813 3014 .
844 2972 1121 3027 pertinentiis
1151 2971 1384 3014 earundem
1409 2971 1657 3027 jacentibus
1687 2971 1731 3012 in
1761 2971 1942 3013 baronia
1970 2971 2023 3013 de
2054 2971 2222 3014 Kethik
2251 2975 2296 3014 et
2329 2972 2518 3016 dominio

586 3053 638 3095 de
680 3051 866 3094 Brechin
906 3051 1020 3093 infra
1058 3052 1406 3094 vicecomitatum
1446 3051 1499 3092 de
1538 3050 1722 3099 Forfar3
1763 3050 1961 3092 tenendis
2002 3050 2054 3091 de
2094 3050 2263 3105 prefato
2302 3052 2518 3107 quondam

587 3132 787 3188 episcopo
821 3131 996 3186 suisque
1029 3131 1349 3173 successoribus
1378 3130 1424 3172 in
1453 3129 1696 3172 feudifirma
1728 3158 1739 3170 .
1771 3160 1780 3171 .
1813 3159 1825 3170 .
1855 3132 1901 3171 et
1929 3129 2169 3171 hereditate
2199 3129 2515 3187 imperpetuum

587 3216 669 3254 etc.
702 3210 831 3266 Apud
855 3209 1161 3252 Sanctandrois
1190 3210 1344 3253 ultimo
1374 3209 1443 3252 die
1474 3209 1635 3252 mensis
1667 3207 1774 3250 Julii
1804 3222 1918 3250 anno
1949 3207 2125 3250 Domini
2145 3208 2373 3253 millesimo
2395 3211 2519 3266 quin-

590 3290 829 3347 gentesimo
851 3289 1143 3345 octuagesimo
1164 3289 1314 3345 quinto
1346 3319 1356 3329 .
