3022 3964
506 645 581 699 22
1095 645 1385 700 OARTAE
1429 644 1923 700 ORIGINALES.

505 834 630 882 inter
653 833 772 884 alios
794 835 885 884 sibi
903 839 1035 884 recto
1059 850 1198 884 cursu
1222 834 1451 883 incumbit
1469 850 1526 882 ac
1545 835 1689 883 etiam
1713 835 1838 898 quod
1863 834 1964 897 ipse
1988 833 2259 897 capellanus
2281 835 2446 883 diebus

505 923 752 973 dominicis
793 927 843 972 et
876 924 1063 994 fest-iuis
1097 924 1285 973 intersit
1320 924 1536 972 omnibus
1579 924 1708 972 horis
1752 923 1926 972 diuinis
1972 923 2020 970 in
2068 923 2199 972 dicta
2245 923 2447 973 ecclesia

506 1026 611 1060 oum
658 1016 774 1062 nota
818 1012 1076 1077 psallendis
1117 1017 1167 1062 et
1207 1012 1502 1061 celebrandis
1545 1028 1652 1060 cum
1695 1012 1868 1061 ceteris
1909 1011 2168 1076 capellanis
2208 1013 2335 1061 dicte
2371 1029 2448 1061 ec-

505 1099 647 1150 clesie
685 1105 847 1166 presto
885 1101 1058 1150 ibidem
1097 1101 1386 1150 coadiuturis
1425 1130 1434 1140 ·
1474 1102 1539 1150 Et
1564 1103 1687 1166 quod
1724 1102 1824 1166 ipse
1862 1100 2135 1166 capellanus
2168 1103 2229 1150 ad
2268 1102 2444 1151 dictum

506 1189 659 1239 altare
682 1190 986 1240 residentiam
1004 1191 1151 1239 faciat
1170 1191 1439 1239 continuam
1464 1195 1515 1239 et
1538 1190 1833 1255 personalem
1872 1217 1884 1229 ·
1921 1207 2060 1255 quam
2084 1191 2125 1239 si
2148 1207 2242 1239 non
2265 1191 2444 1247 fecerit,

506 1277 614 1327 volo
638 1282 688 1327 et
713 1279 880 1328 ordino
915 1281 1041 1344 quod
1077 1280 1389 1343 quadraginta
1425 1280 1591 1328 diebus
1626 1280 1800 1344 elapsis
1834 1280 2050 1344 predicta
2085 1279 2348 1343 capeHania
2382 1280 2444 1329 sit

506 1366 722 1430 prIuatus
757 1395 769 1406 ·
806 1368 1010 1432 Insuper
1033 1368 1138 1417 volo
1163 1373 1213 1417 et
1237 1385 1323 1432 per
1345 1373 1591 1433 presentes
1614 1370 1780 1418 ordino
1805 1371 1928 1434 quod
1967 1370 2008 1418 si
2043 1370 2167 1418 forte
2192 1369 2444 1432 contigerit

508 1456 687 1505 dictum
711 1456 1006 1520 capellanum
1031 1459 1358 1522 quodcumque
1380 1458 1509 1506 aliud
1533 1458 1810 1507 beneficium
1834 1457 2206 1507 ecclesiasticum
2230 1458 2443 1507 obtinere

506 1561 646 1609 quam
671 1545 768 1594 cito
792 1545 907 1594 illud
932 1547 1190 1596 obtinuerit
1213 1547 1430 1611 predicta
1454 1547 1719 1611 capellania
1740 1547 1928 1596 vacabit
1965 1575 1975 1585 ·
2014 1548 2080 1596 Et
2098 1547 2446 1612 quotienscum-

506 1651 596 1698 q-ue
621 1635 862 1684 vacauerit
885 1635 992 1684 volo
1017 1637 1141 1699 quod
1168 1636 1316 1700 ipsius
1349 1637 1656 1700 presentatio,
1666 1637 1728 1684 ad
1752 1653 1827 1684 me
1865 1641 1914 1684 et
1951 1636 2151 1685 heredes
2174 1653 2304 1686 meos
2327 1654 2443 1700 pure

503 1723 742 1786 pertineat
779 1723 1126 1788 imperpetuum
1165 1753 1175 1762 ·
1214 1725 1280 1773 Et
1317 1726 1358 1774 si
1393 1726 1517 1774 forte
1555 1725 1806 1789 contigerit
1843 1742 1919 1774 me
1955 1726 2030 1774 vel
2070 1727 2269 1776 heredes
2310 1743 2441 1776 meos

504 1814 830 1876 quodcumque
855 1811 1102 1876 collegium
1126 1814 1249 1862 infra
1272 1814 1449 1863 dictam
1474 1814 1721 1863 ecclesiam
1751 1814 1822 1862 vel
1844 1814 1959 1863 alibi
1983 1815 2063 1862 ubi
2087 1815 2229 1863 michi
2269 1816 2343 1863 vel
2373 1816 2443 1865 eis

505 1901 655 1965 magis
678 1901 828 1950 visum
862 1902 1006 1950 fuerit
1042 1906 1206 1966 aptum
1241 1903 1439 1951 fundare
1478 1907 1527 1951 et
1571 1903 1751 1960 dotare,
1791 1903 1897 1952 volo
1936 1905 2061 1968 quod
2097 1904 2253 1953 dictus
2287 1905 2444 1969 capel-

502 1990 639 2039 lanus
662 1991 724 2038 ad
748 1989 865 2038 illud
890 1991 938 2038 in
963 1991 1180 2040 omnibus
1202 1991 1495 2055 astringatur
1518 1996 1567 2040 et
1591 1992 1825 2056 obligetur
1862 2021 1872 2030 ·
1911 1993 2137 2042 Preterea
2154 1993 2261 2042 volo
2285 1998 2334 2042 et
2358 2011 2442 2059 per

502 2083 746 2142 presentes
767 2079 933 2127 ordino
952 2081 1076 2143 quod
1101 2080 1141 2128 si
1166 2081 1322 2129 dictus
1347 2079 1619 2144 capellanus
1643 2082 1723 2146 qui
1746 2098 1832 2146 pro
1854 2085 2070 2146 tempore
2092 2083 2236 2132 fuerit
2260 2084 2439 2133 dictum

503 2184 709 2216 annuum
733 2168 969 2216 redditum
995 2169 1243 2217 duodecim
1268 2170 1563 2218 marcharum
1589 2171 1647 2218 de
1672 2171 1814 2219 dictis
1835 2171 1977 2220 terris
2010 2172 2128 2221 meis
2152 2173 2211 2220 de
2238 2174 2442 2223 Westir-

504 2257 691 2320 brichty
718 2273 780 2305 ex
805 2273 1100 2321 quocumque
1136 2274 1251 2306 casu
1290 2258 1525 2307 accidenti
1562 2260 1806 2308 annuatim
1843 2265 1896 2308 ut
1933 2262 2226 2324 premittitur
2258 2263 2439 2327 integre

501 2346 662 2394 leuare
685 2362 779 2394 non
804 2346 995 2410 poterit,
1021 2351 1198 2395 extunc
1232 2347 1395 2395 licebit
1433 2347 1586 2395 eidem
1623 2349 1725 2397 sine
1762 2349 1961 2398 licencia
1983 2349 2183 2400 alicuius
2205 2367 2367 2401 omnes
2390 2358 2440 2402 et

503 2434 710 2498 singulas
733 2439 887 2483 terras
912 2451 1040 2483 meas
1063 2436 1186 2483 infra
1209 2436 1388 2484 dictum
1412 2436 1795 2485 vicecomitatum
1820 2439 1878 2486 de
1903 2439 2101 2487 For-fare
2125 2439 2336 2490 iacentes
2359 2442 2439 2490 ubi

507 2524 597 2573 sibi
635 2523 804 2572 melius
840 2524 992 2572 uisum
1029 2524 1174 2573 fuerit
1212 2524 1491 2588 distringere
1529 2530 1578 2573 et
1615 2541 1807 2574 namare
1846 2543 2088 2590 quousque
2111 2528 2202 2577 sibi
2226 2530 2284 2577 de
2309 2530 2438 2579 dicto

507 2629 667 2661 annuo
703 2613 894 2661 redditu
928 2613 1174 2661 annuatim
1208 2613 1418 2678 plenarie
1455 2618 1504 2662 et
1541 2614 1722 2678 integre
1758 2615 1902 2664 fuerit
1939 2617 2235 2666 satisfactum
2272 2647 2284 2658 ·
2320 2619 2441 2668 Sub-

490 2703 653 2774 ⁸iciens
687 2718 762 2749 me
798 2705 847 2749 et
882 2702 1080 2750 heredes
1114 2718 1245 2751 meos
1272 2703 1592 2764 jurisdictioni
1630 2708 1680 2752 et
1719 2705 1986 2754 cohercioni
2011 2707 2186 2755 domini
2213 2709 2438 2773 Episcopi

506 2791 840 2840 Brechinensis
863 2795 914 2839 et
937 2791 1038 2839 eius
1063 2791 1330 2839 officialium
1356 2792 1436 2855 qui
1460 2809 1546 2855 pro
1568 2796 1783 2857 tempore
1806 2794 1982 2843 fuerint
2017 2799 2071 2843 ut
2107 2797 2168 2843 ad
2198 2801 2436 2845 sustenta-

505 2881 684 2930 tionem
709 2880 825 2928 dibti
850 2879 1082 2943 capellani
1105 2880 1255 2928 forma
1280 2886 1329 2928 et
1354 2881 1524 2929 effectu
1549 2882 1718 2945 quibus
1750 2883 2044 2946 premittitur
2065 2900 2151 2947 per
2173 2886 2435 2935 sententias

503 2969 822 3033 suspensionis
883 2970 1384 3017 excommunicationis
1444 2974 1494 3018 et
1555 2970 1798 3018 interdicti
1844 2987 1919 3019 me
1965 2975 2015 3020 et
2060 2972 2258 3022 heredes
2303 2989 2434 3023 meos

501 3058 727 3108 canonice
751 3057 908 3105 valeat
932 3057 1182 3104 cohercere
1220 3086 1230 3095 ·
1268 3059 1328 3105 In
1352 3058 1485 3107 cuius
1521 3058 1613 3106 Rei
1649 3058 1972 3107 testimonium
2008 3061 2218 3123 presenti
2255 3063 2433 3127 scripto

500 3163 605 3195 meo
630 3145 832 3210 sigillum
857 3161 1010 3193 meum
1035 3149 1108 3194 est
1132 3161 1391 3209 appensum
1414 3147 1538 3210 apud
1564 3146 1738 3194 Dunde
1761 3146 2134 3198 vicesimotercio
2157 3150 2234 3198 die
2257 3152 2431 3200 mensis

504 3235 689 3300 Aprilis
711 3250 835 3283 anno
858 3235 1052 3283 Domini
1077 3234 1326 3284 millesimo
1349 3235 1810 3298 quadringentesimo
1827 3235 2174 3286 vicesimonono
2196 3226 2222 3277 ⁶·
2259 3240 2434 3296 Quam-

501 3326 691 3390 quidem
738 3328 918 3373 cartam
957 3351 966 3361 ·
1006 3352 1016 3362 ·
1055 3351 1066 3361 ·
1102 3323 1447 3386 imperpetuum
1494 3323 1822 3372 confirmamus
1858 3351 1868 3362 ·
1905 3325 1965 3372 In
2003 3326 2135 3375 cuius
2171 3327 2263 3375 Rei
2297 3329 2432 3378 testi-
