3016 3958
993 627 1310 683 CARTAE
1351 630 1980 689 MISOELLANEAE.
2358 638 2465 692 321

518 881 651 924 Carta
673 884 1015 929 confirmationis
1036 888 1253 943 quondam
1275 888 1420 932 Dauid
1444 890 1600 933 Sewan
1621 891 1729 933 ciuis
1751 892 2059 936 Brechinensis
2095 926 2102 934 .

219 1029 486 1075 CCLXXX·
513 1030 717 1088 Jacobus
739 1045 821 1088 Dei
841 1048 986 1104 gratia
1015 1063 1092 1091 rex
1117 1049 1346 1093 Scotorum
1369 1050 1580 1095 Omnibus
1611 1085 1621 1095 .
1655 1083 1666 1094 .
1700 1083 1712 1096 .
1745 1054 1932 1098 salutem
1956 1054 2113 1098 Sciatis
2134 1070 2215 1099 nos
2235 1056 2335 1100 illas
2355 1057 2463 1099 duas

513 1129 658 1168 cartas
695 1159 704 1169 .
745 1157 756 1168 .
793 1159 803 1170 .
840 1128 1110 1171 intellexisse
1152 1131 1233 1172 sub
1274 1131 1355 1173 hac
1395 1132 1537 1174 forma
1569 1163 1579 1174 .
1613 1132 1826 1176 Omnibus
1863 1165 1874 1177 .
1912 1168 1921 1177 .
1963 1167 1971 1176 .
2010 1136 2229 1192 Magister
2269 1137 2463 1180 Joannes

513 1206 754 1262 Hepburne
789 1208 970 1251 ecclesie
1005 1210 1269 1252 cathedralis
1310 1211 1618 1255 Brechinensis
1659 1214 1962 1257 thesaurarius
2005 1216 2191 1258 salutem
2224 1250 2233 1259 .
2266 1249 2275 1259 .
2310 1250 2320 1259 .
2353 1217 2464 1273 Quia

510 1288 636 1344 regni
660 1288 808 1331 Scocie
828 1292 948 1332 retro
968 1290 1186 1346 principes
1207 1291 1369 1333 diuersi
1401 1323 1410 1334 .
1444 1324 1453 1334 .
1489 1323 1500 1333 .
1531 1307 1682 1335 omnes
1702 1294 1828 1350 regni
1857 1297 2000 1337 terras
2032 1299 2122 1338 tam
2153 1297 2298 1353 regias
2329 1297 2463 1340 laicas

511 1381 639 1422 quam
662 1368 979 1412 ecclesiasticas
1006 1370 1061 1411 ad
1085 1370 1374 1413 feudifirmam
1407 1375 1452 1415 et
1482 1373 1786 1429 emphiteosim
1816 1375 2022 1417 locandas
2051 1376 2145 1418 fore
2175 1377 2462 1421 decreuerunt

510 1447 739 1503 opinantes
770 1449 871 1490 inde
904 1450 1129 1492 commoda
1160 1465 1248 1493 non
1279 1452 1450 1494 modica
1480 1457 1525 1495 et
1557 1468 1725 1496 annuos
1756 1459 1996 1510 prouentus
2026 1461 2294 1512 prouentura
2325 1490 2335 1500 .
2368 1457 2463 1500 No-

510 1527 662 1570 ueritis
698 1528 834 1584 igitur
864 1543 933 1571 me
966 1530 1249 1573 suadentibus
1279 1532 1505 1587 premissis
1535 1533 1588 1575 de
1620 1548 1833 1577 consensu
1865 1539 1911 1578 et
1940 1550 2125 1578 assensu
2155 1537 2383 1579 reuerendi
2414 1538 2458 1578 in

511 1607 686 1650 Christo
706 1609 845 1664 patris
867 1610 1106 1652 Alexandri
1138 1644 1148 1653 .
1182 1642 1190 1654 .
1224 1643 1235 1654 .
1270 1612 1576 1656 Brechinensis
1607 1615 1799 1671 episcopi
1829 1630 1998 1658 necnon
2028 1616 2180 1658 decani
2211 1620 2256 1659 et
2287 1619 2461 1660 canoni-

507 1702 655 1730 corum
690 1689 743 1731 ad
781 1691 861 1732 hoc
898 1690 1199 1747 capitulariter
1233 1696 1598 1749 congregatorum
1629 1727 1638 1737 .
1673 1725 1684 1737 .
1716 1727 1726 1738 .
1758 1695 1986 1738 assedasse
2020 1727 2030 1737 .
2065 1727 2075 1737 .
2108 1729 2118 1738 .
2151 1700 2196 1738 et
2230 1697 2286 1738 ad
2322 1697 2459 1738 feudi-

506 1768 674 1811 firmam
708 1802 716 1812 .
752 1800 762 1811 .
797 1801 807 1811 .
837 1774 1093 1827 perpetuam
1115 1772 1377 1814 hereditarie
1408 1773 1626 1817 dimisisse
1660 1806 1670 1817 .
1704 1804 1716 1817 .
1748 1807 1757 1819 .
1789 1775 1947 1818 dilecto
1978 1790 2073 1818 meo
2106 1776 2251 1819 Dauid
2285 1776 2456 1819 Schew-

506 1863 588 1891 ane
634 1850 720 1892 ciui
767 1850 975 1893 Ciuitatis
1023 1851 1328 1895 Brechinensis
1370 1885 1379 1896 .
1419 1885 1427 1896 .
1467 1885 1476 1896 .
1513 1854 1634 1896 illam
1674 1855 1839 1911 petiam
1879 1859 1995 1898 terre
2038 1856 2216 1898 arabilis
2258 1856 2456 1899 Kirkdur

506 1929 645 1985 Keyis
676 1934 970 1987 nuncupatam
992 1945 1089 1973 cum
1110 1933 1320 1974 marresio
1352 1933 1483 1990 vulgo
1512 1933 1569 1975 lie
1601 1949 1720 1990 myre
1752 1935 1942 1977 eiusdem
1975 1949 2026 1977 ac
2058 1936 2148 1978 suis
2179 1937 2454 1992 pertinentiis

497 2010 718 2064 jacentem
737 2011 853 2053 inter
871 2014 1015 2054 terras
1035 2011 1088 2053 de
1108 2011 1324 2054 Vnthank
1346 2017 1391 2055 et
1413 2012 1650 2055 Caldhame
1671 2013 1726 2056 ad
1749 2014 1923 2056 boream
1945 2019 2144 2057 austrum
2166 2018 2211 2058 et
2241 2016 2452 2059 orientem

502 2094 547 2132 et
568 2105 839 2133 communem
862 2091 976 2132 viam
1008 2105 1094 2147 qua
1124 2091 1213 2134 itur
1234 2106 1260 2134 a
1284 2091 1474 2134 Ciuitate
1501 2093 1784 2137 Brechinensi
1815 2094 1871 2137 ad
1901 2095 2050 2137 villam
2081 2095 2134 2137 de
2165 2095 2379 2138 Vnthank
2399 2097 2454 2138 ad

501 2170 765 2212 occidentem
787 2203 797 2213 .
822 2170 1073 2213 Tenendam
1105 2203 1114 2213 .
1149 2202 1160 2213 .
1192 2203 1203 2214 .
1235 2173 1582 2227 prenominatam
1603 2173 1765 2229 petiam
1786 2177 1902 2216 terre
1935 2207 1944 2217 .
1978 2207 1987 2217 .
2022 2205 2033 2216 .
2065 2176 2121 2217 ad
2141 2176 2450 2231 patrimonium

500 2249 612 2292 dicte
634 2264 728 2292 mee
749 2250 1022 2292 thesaurario
1044 2254 1314 2307 spectantem
1347 2285 1355 2294 .
1391 2283 1402 2294 .
1435 2285 1444 2294 .
1471 2252 1523 2294 de
1546 2267 1614 2294 me
1645 2257 1690 2295 et
1721 2255 2044 2297 successoribus
2074 2256 2183 2298 meis
2213 2256 2327 2299 dicte
2358 2258 2454 2299 the-

501 2330 696 2372 saurarie
717 2330 1005 2372 thesaurariis
1037 2363 1045 2373 .
1080 2363 1089 2372 .
1126 2363 1134 2371 .
1166 2331 1401 2373 Reddendo
1424 2332 1522 2374 inde
1544 2333 1770 2376 annuatim
1802 2366 1811 2376 .
1840 2367 1851 2376 .
1886 2365 1896 2375 .
1929 2348 2141 2377 summam
2162 2335 2319 2391 viginti
2350 2336 2451 2378 soli-

499 2410 651 2452 dorum
673 2410 838 2452 vsualis
860 2414 1032 2453 monete
1066 2411 1209 2453 Scotie
1240 2415 1448 2467 tanquam
1480 2413 1705 2468 antiquam
1736 2414 1904 2455 firmam
1936 2429 2014 2470 pro
2043 2415 2161 2457 dicta
2191 2416 2309 2471 petia
2335 2419 2449 2458 terre

590 2523 597 2531 .
629 2505 725 2532 cum
762 2490 972 2532 marresio
1004 2523 1013 2532 .
1051 2522 1059 2532 .
1093 2521 1103 2532 .
1137 2491 1248 2533 solui
1281 2491 1455 2534 solitam
1486 2496 1531 2534 ct
1566 2497 1816 2535 consuetam
1851 2524 1861 2535 .
1894 2493 2076 2536 Necnon
2109 2509 2322 2537 summam
2353 2510 2449 2537 sex-

496 2571 634 2612 decim
655 2571 931 2613 denariorum
957 2571 1149 2612 eiusdem
1180 2574 1353 2613 monete
1384 2572 1429 2613 in
1460 2572 1857 2628 augmentationem
1888 2574 1974 2615 mei
2004 2574 2185 2616 rentalis
2215 2574 2446 2630 plusquam

494 2669 685 2710 vnquam
707 2655 823 2697 dicta
843 2655 963 2711 petia
982 2658 1098 2696 terre
1131 2669 1227 2697 cum
1258 2656 1468 2697 marresio
1500 2656 1692 2697 eiusdem
1724 2655 1894 2698 soluere
1919 2662 2206 2700 consueuerat
2239 2689 2250 2699 .
2281 2659 2446 2700 Exten-

494 2735 647 2776 dentes
678 2735 723 2775 in
753 2735 925 2790 integro
957 2734 1011 2776 ad
1044 2749 1256 2776 summam
1287 2734 1441 2791 viginti
1468 2735 1597 2777 vuius
1619 2735 1855 2778 solidorum
1886 2739 1931 2779 et
1961 2741 2148 2792 quatuor
2168 2738 2444 2781 denariorum

494 2815 659 2857 vsualis
680 2818 852 2857 monete
873 2814 1063 2870 predicte
1085 2814 1140 2856 ad
1160 2814 1269 2856 duos
1291 2815 1395 2856 anni
1414 2815 1626 2857 terminos
1647 2819 1878 2858 consuetos
1899 2816 2015 2859 festa
2034 2817 2235 2860 videlicet
2256 2818 2444 2861 Penthe-

456 2907 459 2911 ·
494 2898 636 2937 costes
657 2898 703 2936 et
726 2894 875 2936 Sancti
898 2894 1082 2936 Martini
1112 2894 1158 2935 in
1190 2894 1329 2936 hieme
1359 2909 1438 2950 per
1467 2895 1644 2950 equales
1674 2895 1839 2938 medias
1868 2897 2090 2952 portiones
2112 2898 2285 2940 nomine
2305 2899 2442 2941 feudi-

491 2975 614 3017 firmc
637 2978 809 3017 tantum
841 3007 850 3016 .
886 3005 896 3015 .
928 3006 938 3016 .
973 2974 1026 3015 In
1046 2974 1170 3015 cuius
1190 2974 1253 3015 rei
1273 2973 1571 3016 testimonium
1591 2975 1691 3017 huic
1721 2976 1914 3031 presenti
1935 2980 2053 3018 carte
2075 2992 2168 3020 mee
2190 2992 2322 3020 manu
2343 2994 2440 3020 mea

494 3055 735 3111 subscripte
768 3069 865 3097 cum
897 3053 1287 3109 subscriptionibus
1317 3053 1592 3095 manualibus
1623 3054 1836 3096 dictorum
1862 3057 2088 3098 reuerendi
2118 3058 2258 3113 patris
2288 3058 2440 3100 decani

492 3139 538 3176 et
572 3135 877 3176 canonicorum
911 3132 1272 3175 Brechinensium
1306 3132 1497 3189 sigillum
1530 3147 1674 3174 meum
1706 3134 1928 3190 proprium
1960 3149 2143 3178 vnacum
2174 3138 2438 3193 appensione

492 3213 733 3269 sigillorum
754 3213 947 3255 eiusdem
967 3213 1195 3254 reuerendi
1216 3212 1355 3268 patris
1386 3215 1430 3254 et
1460 3213 1698 3254 communis
1718 3214 1986 3269 prefatorum
2007 3215 2157 3258 decani
2188 3222 2234 3259 et
2263 3220 2437 3260 canoni-

491 3309 637 3336 corum
669 3294 715 3335 in
747 3293 919 3350 signum
945 3293 1179 3336 eorundem
1211 3307 1449 3335 consensus
1479 3296 1525 3334 et
1553 3307 1760 3335 assensus
1781 3294 1835 3336 ad
1855 3296 2069 3351 premissa
2099 3301 2167 3339 est
2197 3312 2435 3354 appensum

490 3374 604 3432 apud
644 3373 879 3417 Ciuitatem
917 3373 1252 3416 Brechinensem
1287 3373 1355 3414 die
1394 3372 1604 3427 vigesimo
1642 3374 1829 3416 secundo
1864 3375 2025 3417 mensis
2062 3375 2288 3419 Februarii
2320 3391 2434 3419 anno

1455 3452 1478 3492 2
1500 3467 1520 3492 s
