3016 3958
1016 596 1391 653 ROTULI
1455 596 1998 653 REDITUUM.
2361 599 2467 654 421

523 775 664 832 solidi,
681 774 902 818 soluendis
922 774 1160 818 husbandis
1181 776 1262 819 sub
1281 774 1474 832 periculo
1495 774 1799 831 compotantis,
1821 775 1867 818 iii
1880 774 1952 817 lib.
1974 788 2003 817 x
2017 786 2081 824 ις
2101 776 2147 818 et
2167 774 2471 818 data‘Haknet

525 854 729 898 sei-nitori
749 853 936 897 Domine
957 853 1140 911 Regine,
1171 855 1227 897 ad
1256 855 1565 911 prouidendum
1595 854 1812 911 quandam
1835 867 1993 897 nauem
2022 854 2068 896 in
2098 867 2220 911 yeme
2247 855 2469 911 preterita,

522 934 576 976 de
596 933 800 977 mandato
822 934 1027 985 eiusdem,
1046 934 1224 977 custode
1240 934 1401 990 priuati
1423 934 1556 991 sigilli
1575 937 1767 977 testante
1784 934 2036 977 mandatum
2057 947 2189 990 super
2208 938 2467 991 compotum,

523 1013 611 1055 xvii
623 1013 697 1056 lib.
729 1028 786 1055 xv
799 1027 835 1056 s.
865 1013 909 1055 vi
923 1013 993 1064 d.;
1025 1018 1069 1056 et
1099 1013 1236 1055 eidem
1257 1028 1335 1070 per
1356 1013 1617 1070 superfluam
1645 1013 1944 1056 oneracionem
1965 1016 2181 1056 certorum
2202 1013 2469 1070 cotagiorum

521 1097 738 1135 tem-arum
768 1093 820 1134 de
852 1093 1076 1149 Kyncrag,
1107 1107 1205 1135 cum
1235 1093 1391 1149 quibus
1421 1096 1675 1148 compotans
1706 1092 1906 1149 superius
1935 1096 2157 1143 oneratur,
2194 1093 2247 1135 de
2282 1094 2467 1135 termino

522 1172 647 1214 Beati
670 1171 855 1215 Martini
879 1172 994 1214 infra
1013 1172 1095 1213 hoc
1116 1175 1377 1227 compotum,
1398 1171 1445 1212 iii
1460 1171 1534 1213 lib.
1559 1171 1601 1213 vi
1619 1185 1653 1213 s.

813 1251 992 1293 Summa.
1022 1264 1309 1307 expensarum
1339 1250 1431 1292 viii⁰
1465 1249 1526 1292 lvi
1539 1250 1612 1292 lib.
1652 1250 1762 1293 viis.
1802 1250 1883 1294 xd.
1918 1249 2099 1295 obolus:
2130 1254 2176 1293 et
2206 1251 2267 1294 sic
2296 1254 2468 1295 restant

811 1345 901 1373 xxx
914 1330 990 1373 lib.
1021 1330 1104 1373 iis.
1136 1329 1185 1372 iii
1200 1330 1239 1373 d.
1273 1329 1440 1381 obolus,
1471 1329 1599 1372 feodo
1627 1343 1715 1372 non
1745 1328 1933 1373 allocuta
1962 1362 1973 1373 .
2010 1329 2076 1372 De
2107 1330 2264 1386 quibus
2293 1330 2498 1388 auocati.

811 1409 1092 1467 compotanti,
1131 1423 1185 1451 ex
1223 1423 1275 1451 eo
1315 1408 1430 1464 quod
1470 1408 1570 1464 plus
1605 1411 1812 1450 oneratur
1846 1422 1945 1452 cum
1979 1408 2118 1451 firmis
2158 1412 2374 1452 terrarum
2415 1410 2467 1451 de

810 1491 989 1533 Ardune
1011 1492 1056 1532 et
1077 1489 1388 1531 Buchanstoun
1409 1502 1538 1544 quam
1559 1487 1808 1531 continetur
1821 1486 1867 1530 in
1883 1487 2056 1539 mutan,
2076 1491 2126 1532 vt
2144 1492 2282 1544 patet,
2302 1505 2390 1532 xxx
2404 1506 2465 1541 s.;

810 1574 854 1613 et
890 1570 1029 1612 eidem
1064 1583 1143 1625 per
1179 1567 1440 1624 superfluam
1477 1566 1778 1609 oneraeionem
1798 1569 2014 1609 terrarum
2043 1567 2096 1609 de
2129 1566 2462 1619 Glanderstoun,

808 1663 906 1692 cum
935 1647 1195 1698 molendino,
1220 1662 1273 1689 ex
1304 1661 1354 1689 eo
1375 1647 1489 1702 quod
1520 1649 1774 1702 compotans
1795 1649 2001 1688 oneratur
2020 1646 2119 1702 plus
2141 1661 2270 1703 quam
2291 1650 2463 1691 onerari

807 1729 949 1779 debet,
970 1731 1017 1770 vt
1037 1730 1174 1784 patet,
1195 1727 1271 1769 viii
1283 1726 1357 1769 lib.
1378 1725 1470 1768 vis.
1502 1725 1577 1767 viii
1591 1725 1632 1766 d.
1650 1739 1661 1774 3
1693 1728 1739 1767 et
1758 1725 1897 1766 eidem
1917 1739 1997 1781 pro
2018 1725 2143 1768 feodo
2165 1740 2243 1768 suo
2264 1727 2316 1769 de
2337 1727 2463 1770 dictis

807 1808 997 1864 quinque
1017 1806 1228 1856 terminis,
1252 1805 1304 1849 de
1324 1805 1530 1848 mandato
1562 1804 1742 1860 Regine,
1766 1803 1910 1847 xxlib.
1931 1818 1958 1846 v
1973 1818 2007 1847 s,
2030 1805 2127 1849 vid.
2150 1806 2302 1850 obolus
2337 1839 2346 1849 .

810 1887 988 1930 Summa
1006 1885 1136 1928 huius
1157 1883 1433 1928 allocacionis
1454 1897 1541 1925 xxx
1558 1882 1632 1926 lib.
1662 1883 1694 1926 ii
1706 1896 1740 1926 s.
1770 1882 1818 1924 iii
1831 1883 1872 1925 d.
1894 1882 2047 1927 obolus
2078 1916 2087 1926 .
2120 1884 2179 1928 Et
2200 1885 2262 1928 sic
2281 1899 2388 1942 eque
2421 1919 2430 1928 .

577 2050 706 2101 Item,
738 2047 853 2090 idem
880 2047 1035 2089 onerat
1055 2058 1101 2088 se
1131 2044 1186 2086 de
1206 2043 1298 2086 xiiii
1328 2042 1496 2093 martis,
1530 2056 1615 2098 que
1643 2042 1846 2087 dicuntur
1876 2045 2047 2087 custum
2078 2043 2246 2095 martia,
2271 2045 2324 2088 de
2345 2046 2458 2088 dicto

517 2129 706 2173 dominio
726 2128 779 2171 de
801 2125 1027 2176 Brechine,
1051 2138 1130 2180 per
1150 2126 1324 2179 tempus
1345 2122 1535 2178 compoti
1568 2153 1577 2162 .

809 2207 987 2249 Summa
1006 2205 1135 2248 huius
1158 2203 1302 2247 oneris
1325 2205 1448 2259 patet
1479 2233 1488 2246 .

574 2341 793 2411 Expmsn
823 2365 1016 2408 eiusdem
1047 2396 1056 2407 .
1090 2364 1143 2405 In
1174 2362 1339 2419 primis,
1371 2361 1555 2404 allocate
1585 2359 1865 2416 eompotanti,
1893 2374 1971 2416 per
2002 2359 2305 2404 liberacionem
2338 2362 2451 2405 facto

518 2447 695 2504 Nigello
717 2445 987 2494 Dauidsoun,
1007 2441 1270 2486 armentario
1291 2440 1476 2484 Domine
1497 2440 1678 2496 Regine‚
1699 2439 1755 2482 ad
1775 2442 1974 2482 armenta
1995 2439 2202 2490 eiusdem,
2223 2441 2281 2484 vii
2303 2435 2453 2492 marte,

517 2542 595 2584 pro
616 2526 773 2583 quibus
808 2522 1118 2580 respondebit3
1144 2525 1188 2565 et
1215 2535 1294 2576 per
1313 2519 1610 2562 vendicionem
1633 2524 1796 2574 septem
1817 2522 2058 2564 mat-tarum
2077 2520 2349 2564 venditarum
2379 2536 2456 2577 per

518 2611 852 2665 compotantem,
889 2605 1084 2663 precium
1114 2604 1225 2660 pecii
1260 2603 1504 2659 quindecim
1535 2602 1674 2653 solidi,
1707 2617 1786 2658 pro
1817 2616 2000 2658 quarum
2028 2604 2226 2659 pecunia,
2257 2604 2458 2647 videlicet

519 2689 707 2745 quinque
727 2687 852 2729 libris
882 2688 928 2728 et
959 2684 1148 2741 quinque
1171 2682 1336 2733 solidis,
1358 2681 1603 2725 onerandus
1624 2686 1692 2726 est
1711 2685 1963 2738 compotens
1986 2683 2032 2725 in
2056 2687 2253 2739 compoto
2283 2685 2456 2741 pecuni-

519 2783 658 2819 arum,
679 2767 740 2810 vii
758 2769 897 2809 marte
929 2796 940 2807 .

869 2845 1046 2887 Summa
1066 2855 1355 2899 expensarum
1375 2841 1466 2884 xiiii
1485 2845 1625 2884 marte
1658 2873 1666 2884 .
1699 2841 1758 2884 Et
1779 2841 1841 2884 sic
1861 2855 1969 2897 eque
2001 2872 2012 2884 .

578 3007 704 3056 Item,
736 3005 851 3048 idem
882 3006 1036 3046 onerat
1065 3015 1111 3044 se
1142 3001 1195 3043 de
1225 3001 1240 3042 i
1271 2999 1416 3043 celdra
1436 3000 1452 3042 i
1471 2999 1590 3043 bolla
1608 2999 1729 3042 ordei
1756 2999 1879 3042 firme
1907 2999 1961 3042 de
1992 2998 2221 3050 Garviach‚
2247 3000 2300 3042 de
2321 3001 2458 3056 primo

518 3087 704 3130 termino
732 3085 1014 3127 Pentecostes
1044 3081 1175 3123 huius
1204 3079 1421 3136 compoti;
1452 3082 1498 3122 et
1527 3079 1580 3121 de
1600 3079 1648 3121 iii
1667 3078 1823 3121 celdris
1844 3078 1919 3121 viii
1948 3077 2077 3122 bonis
2108 3078 2227 3121 ordei
2256 3079 2379 3122 firme
2407 3080 2459 3122 de

520 3165 749 3214 Garv1aeh,
770 3164 823 3206 de
845 3163 1013 3205 duobus
1034 3160 1198 3203 vltimis
1218 3158 1418 3202 terminis
1438 3158 1750 3201 Penthecostes
1771 3157 1901 3201 huius
1922 3157 2112 3213 compoti
2140 3189 2149 3199 .

576 3402 796 3445 EXPENSE
812 3399 1002 3443 ciusdem
1033 3430 1044 3442 .
1077 3398 1130 3441 In
1152 3397 1315 3455 primis,
1335 3397 1520 3440 allocate
1543 3396 1822 3452 competenti,
1839 3409 1919 3452 per
1937 3395 2230 3438 vendicionem
2248 3395 2458 3437 dictarum
