3022 3964
319 3032 465 3091 VIII.

505 632 576 686 10
1085 631 1376 690 CARTAE
1420 631 1916 688 ORIGINALES.

502 819 854 882 presentatione
877 822 1038 870 vicarii
1061 823 1123 870 ad
1147 837 1320 878 curam,
1345 822 1420 871 vel
1443 822 1718 872 subdiaconi
1756 822 1816 870 ad
1857 819 2048 869 stallum
2087 836 2193 869 cum
2217 837 2440 870 vacauer-

502 908 588 964 int,
613 908 688 958 vel
712 910 760 958 in
786 910 1027 960 solucione
1050 911 1211 960 salarii
1235 913 1503 968 eorundem,
1528 913 1598 960 ita
1620 912 1745 975 quod
1771 910 1894 958 infra
1915 924 2124 958 mensem
2161 926 2192 957 a
2225 913 2439 974 tempore

501 999 767 1049 vacacionis
788 1015 882 1048 non
906 1000 1251 1064 presentauerit
1275 1001 1335 1048 ad
1360 1005 1624 1064 utrumque,
1650 999 1725 1049 vel
1748 999 1972 1048 salarium
1992 984 2247 1047 eorundem
2273 1005 2441 1047 contra

504 1102 664 1135 eorum
698 1087 988 1136 voluntatem
1031 1088 1287 1137 detinuerit
1330 1088 1456 1136 ultra
1496 1104 1717 1144 mensem,
1761 1104 1822 1136 ex
1860 1092 1976 1136 tunc
2011 1088 2175 1137 licebit
2217 1088 2438 1152 episcopo

503 1177 724 1224 vicariam
761 1191 847 1226 sua
882 1177 1169 1225 auctoritate
1209 1177 1421 1225 conferre
1460 1181 1509 1225 et
1548 1177 1888 1226 subdiaconum
1926 1177 2188 1225 conducere
2227 1205 2237 1215 -
2275 1177 2341 1224 Et
2387 1177 2436 1224 in

501 1266 689 1314 defectu
711 1265 964 1314 solucionis
987 1265 1263 1315 salariorum
1288 1266 1543 1314 eorundem
1567 1265 1642 1313 vel
1666 1282 1827 1314 eorum
1851 1265 2048 1314 alterius
2070 1266 2251 1314 fructus
2275 1267 2438 1314 omnes

501 1354 627 1402 dicte
667 1354 866 1403 ecclesie
904 1358 1202 1418 sequestrare
1241 1355 1391 1402 donec
1430 1355 1512 1403 fiat
1549 1370 1740 1403 suorum
1777 1354 2054 1403 salariorum
2093 1355 2233 1418 plena
2255 1354 2436 1404 solucio

501 1442 559 1490 de
599 1441 804 1491 termino
844 1446 1083 1492 retroacto
1123 1471 1132 1480 ·
1171 1442 1396 1492 Vicarius
1429 1443 1624 1491 habebit
1662 1458 1804 1491 unam
1841 1459 2000 1492 acram
2042 1449 2167 1492 terre
2209 1446 2267 1492 de
2307 1449 2437 1493 terra

501 1530 838 1587 ecclesiastica,
862 1531 911 1578 in
936 1547 1030 1594 qua
1066 1531 1283 1579 edificare
1319 1531 1476 1579 valeat
1500 1536 1549 1579 et
1573 1531 1882 1580 residenciam
1913 1533 2070 1580 facere
2093 1532 2384 1596 personalem
2425 1561 2436 1570 -

503 1620 686 1668 Rector
708 1619 1051 1682 prebendarius
1074 1619 1266 1667 chorum
1291 1620 1339 1667 in
1362 1619 1546 1668 lectura
1567 1619 1701 1668 libris
1737 1621 2033 1670 vestimentis
2070 1627 2119 1670 et
2157 1622 2263 1671 aliis
2299 1639 2435 1671 orna-

501 1709 673 1757 mentis
695 1709 982 1758 sufficienter
1005 1712 1057 1756 ut
1082 1709 1220 1757 decet
1243 1708 1340 1756 suis
1363 1709 1629 1772 sumptibus
1652 1709 1905 1758 sustinebit
1943 1737 1953 1747 ·
1991 1709 2057 1757 Et
2080 1711 2140 1757 ad
2165 1711 2253 1758 hec
2277 1711 2435 1759 omnia

499 1798 619 1845 bene
660 1802 709 1846 et
750 1796 954 1846 fideliter
994 1797 1320 1860 perimplenda
1365 1802 1414 1845 et
1463 1797 1760 1846 obseruanda
1799 1797 1968 1861 singuli
2014 1799 2227 1847 canonici
2273 1805 2434 1848 nostre

498 1886 697 1934 ecclesie
722 1885 899 1933 dictam
923 1886 1210 1949 prebendam
1245 1885 1515 1934 obtinentes
1539 1886 1586 1932 in
1610 1901 1697 1934 suo
1720 1887 1918 1934 introitu
1942 1888 2221 1950 prestabunt
2246 1904 2435 1952 corpor-

498 1974 638 2023 aliter
661 1974 975 2022 iuramentum
1001 1978 1049 2022 et
1074 1974 1223 2022 eciam
1247 1991 1332 2038 pro
1351 1974 1547 2023 statutis
1569 1978 1618 2022 et
1643 1975 2060 2024 consuetudinibus
2083 1977 2210 2025 dicte
2234 1977 2433 2027 ecclesie

497 2065 557 2112 ab
597 2064 793 2127 antiquo
839 2063 1030 2112 usitatis
1071 2064 1129 2111 de
1169 2067 1330 2111 cetero
1377 2064 1684 2112 obseruandis
1719 2091 1732 2102 ·
1768 2063 1914 2112 Salua
1953 2065 2089 2113 nobis
2131 2070 2180 2113 et
2222 2067 2433 2130 capitulo

497 2157 660 2201 nostro
683 2152 908 2216 pensione
934 2167 1091 2199 annua
1119 2151 1284 2214 viginti
1320 2156 1431 2200 octo
1464 2152 1760 2200 marcharum
1798 2153 1960 2202 debita
1993 2170 2054 2202 ex
2091 2155 2287 2219 antiquo
2323 2184 2336 2195 ·
2372 2158 2432 2205 In

498 2257 692 2305 quorum
718 2240 923 2289 omnium
944 2239 1269 2288 testimonium
1295 2239 1508 2303 Sigfflum
1532 2244 1744 2289 nostrum
1769 2256 1862 2290 vna
1884 2257 1990 2290 cum
2016 2243 2171 2307 sigillo
2194 2247 2432 2293 communi

498 2329 706 2393 Capituli
741 2328 903 2384 nostri,
939 2344 997 2376 ac
1030 2327 1181 2376 eciam
1217 2327 1382 2391 Sigillo
1406 2329 1522 2377 dicti
1547 2330 1722 2377 domini
1758 2330 1915 2378 Dauid
1953 2332 2011 2379 de
2049 2333 2326 2397 Lyndyssay
2350 2352 2435 2398 pa-

495 2419 621 2466 troni
646 2417 772 2465 dicte
795 2417 1045 2480 prebende,
1085 2416 1133 2463 in
1170 2416 1350 2479 siguum
1390 2417 1463 2465 sui
1503 2433 1760 2467 consensus
1795 2420 1855 2466 ad
1894 2419 1985 2468 hoc
2013 2422 2215 2484 prestiti,
2241 2424 2432 2487 Scripto

495 2506 703 2570 presenti
742 2505 1008 2569 appositum
1055 2508 1129 2553 est
1175 2508 1395 2568 patenter
1434 2533 1444 2542 -
1482 2505 1664 2554 Datum
1705 2506 1752 2554 in
1796 2509 1960 2556 eodem
2003 2509 2225 2573 Capitulo
2266 2517 2431 2560 nostro

498 2594 818 2649 Brechineusi‚
865 2592 1107 2641 Vicesimo
1153 2593 1304 2640 tercio
1351 2593 1426 2640 die
1473 2594 1647 2643 mensis
1695 2595 1941 2644 Februarii
1986 2625 1996 2635 ·
2041 2598 2187 2647 Anno
2234 2599 2429 2648 Domini

495 2684 745 2734 millesimo
777 2664 872 2732 οἷο.
897 2683 1215 2744 octuagesimo
1240 2686 1408 2746 quarto
1446 2711 1456 2720 ·

499 2881 707 2931 Donatio
731 2882 988 2947 Capellano
1013 2883 1059 2930 in
1086 2883 1261 2930 Dunde
1300 2910 1311 2922 ι

506 3008 774 3088 Omnibus
797 3039 918 3086 hanc
941 3043 1121 3087 cartam
1146 3039 1312 3089 visuris
1336 3038 1410 3088 vel
1432 3039 1665 3089 audituris
1699 3040 1860 3090 Dauid
1884 3043 1942 3090 de
1968 3042 2219 3107 Lyndesay
2251 3045 2425 3095 Comes

493 3129 551 3174 de
577 3127 836 3175 Craufurde
861 3125 1063 3174 salutem
1087 3127 1135 3174 in
1161 3127 1368 3176 Domino
1392 3128 1730 3192 sempiternam
1768 3157 1779 3168 ·
1817 3130 2059 3180 Noueritis
2081 3148 2157 3180 me
2181 3147 2286 3181 cum
2311 3150 2423 3182 con-

491 3232 630 3265 sensu
655 3219 704 3263 et
727 3231 922 3264 assensu
949 3214 1209 3263 Alexandri
1229 3217 1287 3263 de
1314 3216 1564 3280 Lyndesay
1588 3217 1887 3280 primogeniti
1910 3219 2002 3266 mei
2040 3223 2088 3268 et
2125 3220 2311 3269 heredis
2333 3238 2423 3285 pro

489 3304 641 3353 salute
666 3304 820 3352 anime
844 3319 947 3350 mee
970 3303 1120 3366 patris
1144 3303 1236 3351 mei
1261 3307 1310 3352 et
1334 3303 1499 3352 matris
1525 3292 1630 3352 mee
1667 3320 1724 3351 ac
1755 3306 1960 3354 omnium
1993 3306 2251 3356 animarum
2287 3314 2422 3357 ante·-
