3016 3958
502 621 576 674 94
1063 621 1355 678 CARTAE
1399 622 1903 680 ORIGINALES.

502 810 710 858 secundo
745 809 822 858 die
855 811 1031 860 mensis
1057 811 1266 874 Augusti
1302 813 1442 861 Anno
1478 812 1675 860 Domini
1710 812 1962 862 millesimo
1986 814 2450 878 quadringentesimo

503 898 891 962 quinquagesimo
915 900 1063 948 tertio
1089 901 1155 948 Et
1183 900 1339 964 Regni
1363 901 1515 950 nostri
1540 902 1931 966 decimoseptimo
1969 931 1978 940 ·

507 1099 884 1149 Instrumentum
909 1101 1179 1150 donationis
1217 1117 1274 1149 ac
1311 1103 1646 1166 assignationis
1682 1104 1827 1151 annui
1867 1104 2082 1152 redditus
2119 1107 2352 1152 terrarum
2393 1105 2451 1151 de

507 1187 740 1236 Findlark
766 1190 878 1238 date
903 1188 1176 1254 Capella-nis
1202 1190 1418 1239 Ecclesie
1446 1191 1782 1241 Brechinensis
1818 1229 1827 1239 .

428 1350 482 1397 L.
517 1310 598 1395 In
622 1347 813 1396 nomine
839 1347 1035 1396 Domini
1073 1383 1083 1395 .
1122 1385 1131 1394 .
1173 1383 1182 1394 .
1219 1352 1386 1412 pateat
1411 1349 1660 1398 euidenter
1685 1352 1809 1414 quod
1835 1367 1961 1399 anno
1986 1351 2338 1400 Incarnationis
2356 1350 2456 1399 Do-

509 1435 684 1483 minice
702 1435 955 1486 millesimo
974 1436 1439 1500 quadringentesimo
1457 1438 1843 1503 quinquagesimo
1861 1441 2007 1489 tertio
2030 1455 2155 1488 nono
2180 1439 2256 1487 die
2280 1440 2455 1488 mensis

510 1524 734 1573 Octobris
758 1525 1029 1573 Indictione
1047 1526 1257 1574 secunda
1282 1526 1597 1576 Pontificatus
1633 1564 1643 1575 .
1681 1564 1690 1573 .
1730 1564 1741 1574 .
1779 1528 1999 1577 Nicholai
2035 1564 2046 1576 .
2085 1565 2094 1575 .
2134 1566 2143 1576 .
2180 1545 2302 1593 pape
2323 1516 2456 1593 quin-

511 1612 551 1660 ti
587 1628 712 1661 anno
745 1614 950 1677 septimo
987 1651 996 1660 .
1036 1651 1045 1660 .
1082 1650 1091 1659 .
1131 1614 1447 1678 personaliter
1481 1616 1773 1666 constitutus
1807 1617 2090 1667 venerabilis
2124 1619 2199 1666 uir
2232 1619 2457 1681 magister

512 1701 755 1750 Robertus
779 1703 838 1750 de
863 1702 1114 1750 Crannoch
1142 1703 1323 1752 Cantor
1347 1704 1684 1754 Brechinensis
1719 1721 1776 1753 ac
1813 1706 1996 1754 Rector
2018 1706 2218 1755 ecclesie
2242 1707 2458 1770 parochi-

511 1790 600 1839 alis
624 1791 682 1838 de
707 1791 853 1854 Yduy
879 1791 1222 1840 Sanctiandree
1247 1791 1463 1841 dioecesis
1496 1793 1698 1842 tradidit
1737 1798 1786 1842 et
1825 1794 2042 1843 exhibuit
2079 1810 2136 1843 ac
2176 1794 2458 1843 manualiter

512 1883 561 1928 et
585 1878 779 1928 realiter
801 1895 887 1944 per
915 1881 1098 1928 denarii
1121 1880 1429 1929 traditionem
1469 1882 1528 1929 de
1565 1882 1783 1932 manibus
1807 1883 1906 1932 suis
1940 1883 1989 1931 in
2024 1883 2243 1931 manibus
2266 1884 2458 1932 discreti

511 1969 602 2016 uiri
627 1969 806 2017 domini
834 1968 1080 2032 Wyllelmi
1117 1969 1319 2018 Henrici
1355 1967 1589 2035 capellani
1625 1971 1757 2019 chori
1793 1971 2130 2020 Brechinensis
2164 1988 2221 2020 ac
2256 1977 2458 2035 protunc

511 2058 742 2121 temporis
765 2058 1086 2121 procuratoris
1121 2058 1384 2107 communis
1419 2055 1778 2122 capellanorum.
1806 2060 2007 2123 predicti
2032 2061 2163 2108 chori
2201 2097 2210 2107 .
2249 2096 2259 2106 .
2296 2097 2306 2107 .
2344 2062 2460 2124 pub-

511 2146 602 2195 lice
638 2147 928 2195 ministrauit
965 2184 974 2194 .
1016 2184 1024 2194 .
1064 2183 1074 2194 .
1110 2147 1334 2196 saisinam
1373 2183 1384 2194 .
1422 2184 1432 2194 .
1470 2183 1481 2194 .
1514 2148 1572 2195 de
1609 2149 1812 2212 quodam
1851 2164 2008 2197 annuo
2044 2149 2232 2197 redditu
2263 2150 2459 2212 triginta

512 2235 768 2284 solidorum
791 2235 972 2285 vsualis
995 2239 1184 2284 monete
1224 2237 1386 2285 Scotie
1423 2241 1638 2301 tempore
1675 2237 1927 2286 solutionis
1950 2238 2183 2287 currentis
2205 2238 2458 2286 leuandum

513 2362 520 2370 .
563 2361 571 2371 .
611 2361 620 2371 .
657 2339 743 2387 per
764 2324 1006 2388 predictos
1029 2324 1300 2388 capellanos
1339 2361 1349 2372 .
1387 2362 1397 2372 .
1437 2362 1446 2372 .
1486 2326 1545 2373 de
1581 2326 1699 2375 totis
1734 2330 1783 2374 et
1820 2326 2017 2389 integris
2050 2327 2191 2375 terris
2216 2327 2274 2375 de
2300 2328 2459 2390 Fynd-

513 2414 618 2461 lark
653 2429 760 2461 cum
794 2413 1098 2477 pertinentiis
1128 2414 1401 2476 jacentibus
1439 2415 1487 2462 in
1526 2413 1778 2477 regalitate
1817 2415 1876 2462 de
1916 2415 2157 2478 Kerymor
2191 2416 2314 2464 infra
2338 2417 2459 2464 vice—

515 2503 791 2551 comitatum
819 2503 877 2550 de
903 2502 1074 2550 Forfar
1095 2507 1322 2567 tanquam
1349 2503 1446 2552 suis
1470 2503 1596 2552 ueris
1630 2506 1681 2551 et
1716 2502 1996 2552 indubitatis
2019 2505 2270 2567 assignatis
2293 2520 2462 2553 secun-

517 2592 625 2638 dum
664 2627 673 2636 .
699 2625 722 2636 ..
760 2625 771 2636 .
807 2593 1021 2638 tenorem
1047 2594 1287 2639 cartarum
1313 2591 1429 2639 dicti
1449 2591 1664 2654 magistri
1685 2591 1886 2640 Roberti
1911 2593 2113 2655 desuper
2136 2593 2455 2657 confectarum

516 2682 565 2727 et
589 2678 744 2727 eidem
767 2679 1064 2742 procuratori
1088 2680 1327 2727 communi
1364 2716 1374 2726 .
1413 2717 1423 2726 .
1462 2717 1471 2726 .
1509 2695 1669 2728 coram
1693 2681 1954 2728 reuerendo
1988 2680 2037 2727 in
2074 2681 2143 2727 Χ0
2176 2685 2313 2744 patre
2350 2718 2360 2726 .
2399 2717 2407 2726 .

516 2767 549 2814 J
554 2767 738 2815 ohanne
781 2766 1004 2831 episcopo
1046 2767 1358 2817 Brechinensi
1398 2783 1584 2816 necnon
1625 2763 1994 2818 uenerabilibus
2016 2772 2065 2816 et
2106 2769 2459 2832 circumspectis

518 2855 635 2903 uiris
655 2855 896 2918 magistris
934 2859 983 2903 et
1012 2856 1215 2905 dominis
1239 2857 1399 2904 Dauid
1440 2858 1498 2905 de
1539 2851 1794 2906 Crannoch¹
1815 2858 1995 2906 decano
2019 2857 2328 2906 Brechinensi
2354 2858 2460 2906 Ste-

521 2944 676 3007 phano
715 2944 880 3006 Augus
903 2944 1203 2993 thezaurario
1245 2950 1294 2993 et
1330 2945 1366 2993 J
1369 2946 1554 2993 ohanne
1591 2946 1868 3009 Monypeny
1891 2946 2222 2994 concanonicis
2245 2947 2458 3009 predicte

521 3031 720 3081 ecclesie
758 3068 768 3078 .
810 3068 820 3079 .
855 3067 865 3079 .
902 3037 1076 3081 octauo
1112 3034 1190 3082 die
1225 3034 1400 3083 mensis
1426 3035 1634 3097 Augusti
1658 3050 1782 3083 anno
1805 3034 2079 3098 supradicto
2117 3071 2127 3081 .
2167 3070 2177 3081 .
2217 3071 2228 3081 .
2260 3036 2460 3083 tradita—

522 3137 638 3177 rum,
673 3137 730 3169 ac
765 3122 952 3169 demum
977 3123 1178 3170 eundem
1204 3123 1442 3188 dominum
1470 3122 1763 3170 WiHelmum
1787 3127 2139 3187 procuratorem
2165 3138 2457 3172 communem

521 3210 710 3258 nomine
748 3226 841 3274 quo
878 3226 1022 3274 supra
1058 3211 1107 3259 in
1143 3211 1303 3260 aulam
1337 3210 1628 3260 honorabilis
1662 3211 1876 3260 scutiferi
1913 3212 2018 3259 Ade
2056 3212 2115 3258 de
2151 3211 2459 3261 Sanctoclaro
