3016 3958
1094 608 1386 663 CARTAE
1437 607 1936 664 ORIGINALES.
2392 615 2500 670 129

540 797 695 845 valeat
730 819 742 849 s
779 798 963 846 scilicet
998 798 1270 861 specialiter
1305 803 1354 847 et
1379 814 1603 862 expresse
1635 820 1647 854 Ι
1680 800 1740 846 ad
1779 799 1926 862 ipsius
1955 800 2133 848 domini
2157 802 2492 852 constituentis

538 888 726 934 nomine
760 908 770 938 ι
804 903 861 934 ac
885 903 970 950 pro
996 903 1053 935 eo
1086 903 1096 935 t
1133 887 1274 935 Omni
1299 892 1513 951 tempore
1549 892 1599 935 et
1635 887 1802 936 diebus
1835 887 2020 936 feriatis
2043 892 2092 936 et
2116 905 2209 937 non
2233 889 2416 939 feriatis
2442 893 2489 939 in

536 977 790 1024 terminum
816 975 1066 1025 solutionis
1101 978 1434 1040 premissorum
1471 976 1618 1024 etiam
1654 981 1762 1039 post
1797 977 1948 1040 ipsum
1974 978 2225 1026 terminum
2259 999 2270 1032 t
2304 984 2353 1028 et
2378 997 2492 1044 quo-

536 1071 661 1118 tiens
685 1070 899 1134 predicto
926 1070 1161 1132 Guaspari
1198 1073 1247 1118 et
1282 1069 1380 1118 suis
1416 1070 1655 1117 videbitur
1686 1082 1697 1114 Ι
1729 1074 1778 1118 et
1803 1069 2036 1133 placuerit
2068 1085 2080 1118 l
2113 1071 2282 1120 Coram
2309 1075 2491 1136 predic-

536 1160 600 1208 tis
625 1159 898 1207 Camerario
925 1158 1310 1206 Vicecamerario
1344 1172 1355 1205 1
1389 1158 1624 1207 Auditore
1649 1158 1750 1205 viee
1776 1160 1992 1207 auditore
2027 1181 2038 1213 s
2072 1160 2289 1224 Regente
2314 1161 2491 1210 locum-

536 1250 809 1297 tenentibus
846 1252 895 1296 et
933 1248 1258 1296 commissario
1298 1248 1507 1296 eiusdem
1540 1262 1552 1295 1
1584 1251 1634 1295 et
1671 1247 1871 1296 aliarum
1906 1249 2143 1297 curiarum
2168 1251 2487 1314 predictarum

537 1339 814 1386 officialibus
850 1342 899 1385 et
930 1337 1175 1400 judicibus
1212 1353 1295 1385 seu
1335 1352 1498 1384 eorum
1522 1335 1955 1385 locumtenentibus
1979 1340 2343 1402 comparendum
2379 1352 2388 1383 1
2423 1342 2488 1389 Et

537 1429 695 1476 omnia
732 1433 780 1476 et
817 1427 1002 1490 singula
1035 1426 1311 1490 supradicta
1334 1425 1538 1489 predicti
1563 1425 1741 1473 domini
1779 1426 2117 1476 constituentis
2151 1429 2339 1477 nomine
2379 1446 2489 1477 con-

535 1519 760 1566 fitendum
809 1521 858 1564 et
899 1515 1329 1578 recognoscendum
1364 1532 1375 1564 l
1409 1518 1458 1562 et
1500 1514 1563 1562 ad
1604 1515 1861 1578 petendum
1897 1515 2183 1564 audiendum
2221 1522 2270 1564 et
2319 1520 2488 1581 reeipi-

536 1609 707 1656 endum
744 1607 860 1655 dicti
899 1606 1090 1669 dompni
1128 1604 1464 1653 constituentis
1501 1604 1688 1652 nomine
1722 1619 1733 1651 t
1766 1621 1903 1653 omne
1927 1612 2200 1670 preceptum
2234 1623 2246 1655 l
2277 1624 2488 1656 omnem-

537 1714 626 1761 que
651 1697 957 1744 monitionem
990 1709 1002 1742 l
1034 1694 1509 1758 condempnationem
1548 1698 1692 1757 atque
1728 1695 2002 1742 mandatum
2031 1712 2121 1759 que
2145 1698 2271 1760 quod
2296 1702 2344 1744 et
2369 1713 2486 1760 quas

537 1786 709 1850 prefati
752 1784 929 1833 domini
970 1783 1257 1831 camerarius
1295 1812 1304 1821 ·
1342 1783 1470 1847 (Sco.)
1510 1811 1519 1820 -
1557 1787 1725 1831 contra
1771 1784 2038 1846 predictum
2087 1785 2328 1834 dominum
2376 1802 2487 1835 con-

538 1876 816 1924 stituentem
849 1887 860 1920 Ι
892 1873 994 1935 ejus
1035 1889 1087 1920 ve
1125 1873 1324 1920 heredes
1348 1887 1646 1920 successores
1683 1876 1732 1919 et
1768 1872 1893 1920 bona
1930 1873 2146 1936 predicta
2181 1875 2337 1922 facere
2361 1876 2484 1923 ferre

539 1969 588 2012 et
612 1962 906 2028 promulgare
930 1961 1164 2009 voluerint
1202 1977 1286 2010 seu
1323 1959 1525 2008 voluerit
1557 1979 1569 2011 l
1600 1965 1650 2008 et
1674 1961 1743 2009 eis
1766 1965 1935 2025 sponte
1959 1963 2349 2026 acquiescendum
2377 1981 2485 2012 nec-

538 2069 632 2100 non
678 2051 1048 2100 submittendum
1082 2071 1094 2104 1
1126 2054 1176 2097 et
1223 2049 1648 2098 resubmittendum
1689 2054 1883 2113 propter
1929 2052 2192 2113 predictum
2243 2054 2482 2101 dominum

540 2142 907 2190 constituentem
926 2155 1012 2203 pro
1030 2138 1272 2202 premissis
1293 2138 1492 2186 firmiter
1509 2138 1814 2187 observandis
1846 2153 1858 2185 l
1888 2140 1921 2186 J
1926 2140 2220 2189 urisdictioni
2245 2143 2480 2191 curiarum

540 2232 858 2295 predictarum
900 2233 949 2276 et
990 2227 1241 2290 cujuslibet
1283 2243 1443 2275 earum
1476 2249 1486 2274 ι
1521 2231 1570 2274 et
1610 2229 1670 2274 ad
1713 2227 1965 2276 volendum
2002 2234 2050 2277 et
2091 2232 2481 2279 consentiendum

542 2321 666 2385 quod
691 2319 781 2383 ipsi
805 2317 982 2366 domini
1006 2316 1306 2365 Camerarius
1342 2343 1353 2353 ·
1391 2316 1510 2380 (Aac.)
1550 2344 1560 2353 ·
1597 2317 1645 2363 in
1671 2317 1822 2380 ipsum
1848 2318 2086 2366 dominum
2112 2321 2481 2370 constituentem
2535 2360 2538 2363 .

543 2405 1061 2456 Excommunicationis
1077 2405 1363 2454 sententiam
1382 2405 1537 2452 ferant
1553 2406 1795 2468 proferant
1813 2407 2110 2470 promulgent
2133 2415 2387 2472 aggravent
2408 2427 2480 2458 re-

542 2499 796 2561 aggravent
827 2511 837 2539 ι
870 2493 1080 2557 aliosque
1104 2509 1351 2557 processus
1375 2493 1527 2542 reales
1550 2498 1598 2541 et
1622 2494 1893 2557 personales
1909 2501 2076 2558 gerant
2095 2502 2144 2544 et
2163 2498 2340 2546 faciant
2359 2515 2479 2562 quos

542 2586 776 2637 voluerint
811 2588 861 2632 et
897 2583 1025 2630 dicto
1063 2582 1298 2645 Guaspari
1322 2586 1406 2629 aut
1429 2581 1527 2630 suis
1550 2581 1782 2645 placuerit
1807 2587 1857 2630 et
1881 2583 2030 2632 visum
2053 2584 2196 2633 fuerit
2221 2588 2479 2650 expediens

543 2690 781 2740 quousque
807 2674 865 2720 de
889 2671 1116 2736 predictis
1140 2670 1358 2718 omnibus
1380 2670 1470 2718 sibi
1506 2671 1649 2718 fuerit
1684 2670 1893 2734 plenarie
1929 2676 1978 2720 et
2013 2672 2194 2736 integre
2219 2679 2267 2722 et
2287 2675 2480 2723 realiter

544 2765 840 2815 satisfactum
871 2761 1013 2824 juxta
1047 2759 1281 2823 presentis
1315 2758 1492 2822 publici
1527 2759 1830 2808 instrumenti
1853 2760 2022 2808 seriem
2047 2765 2096 2809 et
2120 2765 2332 2810 tenorem
2366 2782 2378 2815 Ι
2413 2765 2479 2812 Et

544 2853 828 2918 generaliter
850 2849 1008 2898 omnia
1042 2848 1138 2896 alia
1172 2852 1220 2895 et
1256 2846 1439 2910 singula
1460 2847 1727 2895 faciendum
1752 2848 2003 2896 dicendum
2027 2850 2282 2912 gerendum
2315 2856 2364 2899 et
2397 2869 2479 2899 ex-

544 2943 796 2992 ercendum
824 2944 874 2988 et
904 2938 1250 3003 procurandum
1286 2953 1344 2984 ea
1379 2952 1469 2999 que
1512 2936 1559 2983 in
1597 2936 1838 2999 premissis
1874 2941 1923 2984 et
1961 2937 2088 2985 circa
2122 2954 2180 2986 ea
2213 2941 2479 2988 necessaria

542 3032 717 3080 fuerint
758 3046 842 3079 seu
880 3027 1024 3076 etiam
1061 3023 1414 3090 quomodolibet
1452 3029 1686 3088 oportuna
1716 3038 1758 3071 ΙΙ
1790 3025 2080 3074 Promittens
2114 3026 2256 3074 michi
2293 3030 2478 3077 notario

542 3120 733 3186 publico
759 3116 1059 3180 infrascripto
1096 3118 1149 3163 ut
1188 3112 1423 3162 communi
1461 3117 1510 3160 et
1548 3112 1734 3176 publice
1772 3129 1970 3176 persone
1994 3115 2204 3178 presenti
2227 3116 2476 3180 stipulanti
2551 3164 2553 3166 .

544 3216 592 3259 et
617 3207 864 3272 recipienti
902 3206 1003 3253 vice
1042 3209 1090 3252 et
1127 3202 1315 3252 nomine
1353 3202 1558 3249 omniurn
1584 3205 1632 3249 et
1656 3201 1941 3264 singulorum
1966 3218 2162 3266 quorum
2186 3204 2385 3254 interest
2410 3207 2479 3252 in-

543 3299 710 3347 tererit
734 3302 817 3345 aut
841 3297 1068 3343 interesse
1091 3291 1267 3357 poterit
1303 3291 1351 3338 in
1385 3290 1593 3339 futurum
1626 3303 1637 3336 1
1672 3290 1734 3338 Se
1759 3292 1884 3338 omni
1908 3295 2120 3354 tempore
2155 3303 2165 3335 t
2198 3297 2350 3340 ratum
2375 3310 2478 3356 gra-

1520 3395 1547 3425 r
