3016 3958
347 1684 526 1728 CCXV.

544 625 655 680 266
1080 625 1398 681 CARTAE
1449 625 1552 680 DE
1598 620 2002 680 ECCLESIIS

545 795 692 847 eorum
716 805 1079 848 sustentacionem
1101 808 1358 847 conuertant
1378 804 1423 846 in
1444 808 1702 860 perpetuum
1733 836 1742 847 .
1774 804 2044 847 Taxaciones
2065 808 2215 848 autem
2235 806 2497 850 vicariarum

546 884 760 928 dictarum
779 884 1057 928 ecclesiarum
1078 898 1104 927 a
1123 884 1316 941 predicto
1337 884 1574 927 venerabili
1594 887 1720 940 patre
1740 888 1893 927 nostro
1916 884 2078 927 Albino
2100 884 2318 942 episcopo,
2339 886 2496 937 factas,

547 969 668 1008 ratas
699 968 745 1008 et
774 969 925 1021 gratas
959 964 1011 1006 de
1043 964 1236 1006 vnanimi
1268 978 1482 1007 consensu
1514 964 1697 1021 capituli
1729 965 1870 1007 nostri
1903 965 2116 1008 habemus
2149 996 2159 1007 .
2194 965 2247 1008 In
2280 966 2404 1009 cuius
2435 968 2500 1010 rei

548 1044 846 1088 testimonium
866 1044 1057 1101 sigillum
1078 1044 1258 1100 capituli
1278 1044 1419 1086 nostri
1449 1044 1551 1086 huic
1583 1045 1746 1101 scripto
1767 1044 1948 1101 dignum
1969 1045 2174 1088 duximus
2195 1048 2498 1103 apponendum

550 1128 595 1167 et
614 1124 670 1167 ad
690 1124 897 1167 maiorem
919 1124 1196 1167 securitatem
1216 1138 1366 1167 omnes
1388 1124 1724 1181 subscripsimus
1757 1156 1767 1167 .
1799 1127 1960 1168 Actum
1981 1139 2096 1168 anno
2112 1126 2255 1182 gratie
2270 1127 2500 1170 millesimo

549 1204 844 1247 ducentesimo
890 1204 1222 1260 quadragesimo
1268 1208 1437 1254 octauo,
1481 1218 1630 1247 mense
1678 1205 1963 1261 Septembris,
2004 1205 2170 1248 decimo
2215 1206 2500 1249 kalendarum

552 1283 754 1327 Octobris
785 1316 795 1326 .

554 1456 819 1513 Compositio
839 1458 957 1501 facta
977 1457 1093 1501 inter
1112 1457 1339 1500 ecclesiam
1361 1458 1708 1515 Brechynensem
1731 1461 1777 1500 et
1796 1459 2110 1502 monasterium
2127 1460 2180 1502 de
2202 1461 2502 1503 Aberbrothoc

666 1541 861 1593 tempore
882 1537 910 1579 J
913 1537 1097 1580 ohannis
1118 1537 1309 1594 episcopi
1344 1571 1351 1580 .
1452 1540 1454 1542 ’

554 1671 795 1726 Vniuersis
824 1686 1049 1740 presentes
1079 1684 1252 1728 litteras
1278 1685 1540 1742 inspecturis
1560 1685 1812 1729 Willelmus
1833 1686 1886 1729 de
1907 1686 2201 1730 Lambertona
2220 1687 2501 1731 miseracione

551 1763 700 1806 diuina
718 1763 898 1806 ecclesie
931 1763 1081 1807 Sancti
1111 1764 1286 1806 Andree
1316 1764 1517 1808 minister
1546 1765 1739 1817 humilis,
1764 1766 1951 1809 salutem
1981 1766 2028 1808 in
2058 1766 2247 1810 Domino
2279 1768 2504 1824 sempiter-

550 1856 651 1884 nam
690 1872 702 1885 .
740 1841 849 1885 Cum
889 1843 1006 1886 inter
1043 1843 1314 1887 venerabiles
1349 1848 1498 1901 patres
1539 1846 1766 1902 episcopos
1806 1846 2136 1903 Brechynenses
2177 1848 2419 1890 successive
2460 1852 2504 1890 et

549 1921 786 1978 capitulum
806 1922 999 1965 eiusdem
1018 1922 1103 1966 loci
1122 1938 1176 1966 ex
1195 1928 1320 1980 parte
1341 1939 1442 1975 vna,
1465 1929 1510 1968 et
1529 1925 1761 1982 religiosos
1782 1926 1901 1969 viros
1931 1927 2114 1969 abbates
2134 1927 2188 1969 de
2210 1927 2503 1970 Abirbrothoc

550 2004 700 2043 nostre
721 2001 905 2045 diocesis
925 2006 971 2045 et
990 2006 1254 2047 conuentum
1274 2004 1469 2047 eiusdem
1490 2005 1589 2056 loci,
1612 2019 1745 2062 super
1765 2005 1962 2048 ecclesiis
1982 2006 2035 2048 de
2057 2005 2275 2063 Panbryd,
2296 2007 2349 2049 de
2383 2006 2506 2048 Dun-

550 2081 754 2137 nechtyn,
778 2082 1000 2138 Monieky‚
1025 2082 1344 2140 Kyngoldrum,
1371 2085 1626 2141 Marigtona
1655 2089 1700 2128 et
1731 2085 1952 2142 Katerlyn
1974 2086 2294 2142 Brechynensis
2319 2087 2503 2130 diocesis

551 2174 605 2202 ex
626 2160 781 2211 altera,
804 2161 974 2216 questio
995 2166 1116 2205 mota
1135 2162 1306 2214 fuisset,
1329 2177 1380 2206 ac
1405 2164 1461 2206 lis
1493 2179 1625 2221 super
1649 2165 1812 2208 eisdem
1833 2169 1924 2208 tam
1955 2166 2000 2208 in
2030 2180 2166 2223 regno
2191 2166 2352 2217 Scocie,
2374 2182 2504 2223 quam

550 2241 596 2281 in
616 2240 737 2282 curia
758 2240 956 2283 Romana
976 2241 1144 2284 diucius
1164 2242 1391 2294 ventilata,
1414 2244 1591 2286 tandem
1613 2244 1873 2287 venerabilis
1902 2248 2030 2301 pater
2059 2246 2259 2288 dominus
2280 2246 2309 2288 J
2311 2247 2505 2289 ohannes

552 2320 604 2362 de
626 2320 920 2363 Kininmunth
942 2319 1026 2363 Dei
1046 2322 1192 2378 gratia
1211 2322 1441 2379 episcopus
1463 2324 1784 2380 Brechynensis
1814 2325 1868 2366 de
1898 2338 2105 2381 expresso
2126 2328 2171 2368 et
2191 2326 2383 2367 vnanimi
2404 2341 2504 2369 con-

554 2418 686 2447 sensu
718 2408 763 2447 et
791 2419 977 2448 assensu
1007 2406 1187 2462 capituli
1221 2407 1290 2450 sui
1321 2409 1565 2459 memorati,
1597 2423 1648 2450 ac
1678 2408 1912 2465 religiosus
1944 2409 2012 2451 vii·
2046 2409 2248 2452 dominus
2280 2410 2309 2452 J
2311 2411 2505 2453 ohannes

557 2482 643 2525 Dei
662 2485 807 2540 gratia
827 2486 962 2528 abbas
982 2487 1238 2529 monasterii
1259 2487 1312 2529 de
1334 2487 1626 2530 Abirbrothoc
1647 2488 1700 2530 de
1722 2502 1930 2545 expresso
1953 2492 1998 2532 et
2012 2474 2206 2532 vnanimi
2226 2504 2440 2533 consensu
2461 2496 2506 2533 et-

553 2577 735 2606 assensu
766 2564 908 2607 tocius
941 2569 1182 2609 conuentus
1217 2567 1472 2609 monasterii
1506 2568 1572 2609 sui
1606 2567 1803 2624 predicti,
1834 2568 1983 2611 habito
2014 2568 2136 2624 prius
2167 2583 2298 2625 super
2316 2570 2397 2612 hoc
2418 2570 2503 2612 fre-

553 2644 701 2698 quenti
723 2643 952 2700 sollempni
982 2659 1032 2687 ac
1062 2644 1263 2702 diligenti
1292 2649 1486 2689 tractatu
1516 2661 1570 2688 ex
1600 2650 1786 2703 vtraque
1810 2650 1951 2704 parte,
1973 2662 2125 2704 pacem
2146 2651 2192 2690 et
2211 2649 2505 2705 tranquillita-

553 2726 642 2764 tem
671 2723 850 2766 ecclesie
881 2724 1200 2781 Brechynensis
1232 2740 1282 2768 ac
1315 2726 1569 2769 monasterii
1601 2726 1655 2768 de
1686 2726 1977 2770 Abirbrothoc
2009 2727 2354 2784 supradictorum
2375 2731 2504 2772 affec-

554 2805 715 2852 tantes,
746 2806 792 2845 et
819 2803 962 2846 litium
984 2808 1168 2847 euentus
1188 2805 1342 2848 dubios
1362 2805 1455 2848 fore
1486 2810 1532 2848 et
1559 2805 1750 2849 incertos
1780 2810 1872 2849 tam
1902 2807 2081 2862 provide
2102 2821 2232 2863 quam
2254 2807 2419 2851 vtiliter
2438 2813 2505 2852 at·

556 2881 797 2932 tendentes,
835 2882 880 2923 in
916 2897 997 2925 nos
1032 2890 1242 2940 tanquam
1276 2885 1323 2926 in
1358 2885 1665 2928 arbitratorem
1700 2889 1746 2928 et
1779 2885 2050 2927 amicabilem
2080 2886 2426 2942 compositorem,
2458 2893 2504 2931 et

556 2961 696 3004 tocius
716 2962 955 3016 questionis
986 2977 1036 3004 ac
1066 2965 1236 3020 negocii
1265 2964 1448 3020 predicti
1478 2964 1754 3007 diffinitorem
1783 2964 2187 3019 compromiserunt,
2210 2966 2502 3009 submittendo

558 3055 604 3083 se
626 3041 889 3083 ordinacioni
919 3045 964 3084 et
993 3042 1241 3086 diffinicioni
1271 3048 1421 3086 nostre
1451 3043 1539 3086 alte
1573 3048 1617 3086 et
1648 3044 1776 3086 basse
1806 3043 1852 3084 in
1881 3043 2121 3099 premissis,
2145 3048 2190 3086 et
2209 3045 2502 3099 promittendo

556 3120 741 3175 prestito
757 3120 1007 3175 juramento
1037 3122 1092 3163 ad
1122 3136 1247 3165 sacra
1277 3122 1360 3165 Dei
1391 3122 1619 3179 euangelia
1641 3121 1756 3178 quod
1777 3122 2096 3164 ordinacionem
2126 3127 2172 3165 et
2201 3123 2502 3167 diffinicionem

557 3202 754 3252 nostram
793 3203 1018 3255 gratanter
1050 3203 1339 3258 acceptabunt
1373 3207 1420 3245 et
1452 3201 1642 3244 fideliter
1672 3202 1981 3251 obseruabunt,
2018 3215 2098 3244 nec
2134 3206 2286 3245 contra
2321 3205 2501 3247 eandem

557 3278 774 3334 aliquibus
794 3279 1061 3335 temporibus
1082 3280 1240 3323 futuris
1270 3296 1349 3337 per
1379 3295 1426 3324 se
1456 3280 1526 3322 vel
1557 3273 1634 3336 per
1663 3280 1773 3322 alios
1794 3279 1906 3322 clam
1926 3280 1996 3322 vel
2015 3280 2162 3336 palam
2182 3295 2353 3338 quoquo
2374 3286 2500 3327 modo

558 3359 734 3403 venient
763 3357 833 3402 vel
863 3359 1002 3414 ipsam
1023 3358 1276 3416 infringent,
1309 3366 1388 3404 aut
1419 3360 1599 3417 infringi
1620 3360 1914 3416 procurabunt
1987 3359 2082 3403 Nos
2114 3374 2216 3403 vero
2248 3361 2501 3407 Willelmus
