3016 3958
218 2273 479 2323 XXXIII.

1058 646 1350 704 CARTAE
1394 644 1893 700 ORIGINALES.
2378 649 2450 704 59

504 852 598 884 non
633 840 682 884 et
718 836 1058 886 correctionem
1093 838 1251 887 subire
1286 853 1344 885 ac
1379 836 1701 885 emolumenta
1730 839 1958 884 consueta
1982 835 2105 884 sicut
2129 835 2209 884 alii
2236 838 2444 901 recipere

504 941 599 973 non
623 926 843 975 obstante
867 928 992 990 quod
1017 927 1104 975 hec
1139 943 1226 976 sua
1260 926 1496 975 ordinatio
1531 925 1580 972 in
1616 925 1747 974 dicta
1780 941 1866 974 sua
1890 929 2025 974 carta
2049 942 2110 974 ex
2134 926 2373 975 obliuione
2398 932 2446 975 et

504 1015 790 1079 negligentia
830 1033 922 1065 non
961 1017 1232 1066 continetur
1269 1044 1279 1054 ·
1315 1016 1392 1064 De
1433 1019 1483 1064 et
1525 1031 1667 1079 super
1708 1015 1877 1079 quibus
1919 1014 2135 1064 omnibus
2171 1019 2218 1064 et
2254 1016 2449 1079 singulis

507 1106 608 1170 Ipsi
631 1107 804 1170 prefati
829 1106 1045 1155 dominus
1064 1107 1101 1154 J
1105 1107 1314 1155 ohannes
1340 1105 1601 1169 Wyschart
1627 1104 1848 1152 Vicarius
1871 1103 2105 1167 generalis
2140 1109 2189 1154 et
2225 1105 2450 1155 Decanus

504 1212 535 1243 a
570 1212 646 1244 me
682 1197 870 1244 notario
907 1196 1097 1260 publico
1135 1195 1404 1259 subscripto
1441 1193 1532 1243 sibi
1569 1193 1670 1241 fieri
1702 1193 1944 1257 petierunt
1979 1197 2028 1241 et
2065 1193 2264 1258 quilibet
2289 1211 2450 1243 eorum

505 1284 645 1348 petiit
682 1283 923 1348 publicum
960 1285 1328 1334 instrumentum
1366 1299 1510 1332 unum
1546 1282 1621 1331 vel
1642 1282 1792 1346 plura
1829 1310 1839 1320 -
1878 1283 2006 1331 Acta
2050 1284 2243 1332 fuerunt
2278 1285 2366 1333 hec
2402 1286 2450 1333 in

504 1374 635 1422 dicto
650 1373 868 1438 >capitulo
906 1402 916 1412 ·
956 1402 966 1412 ·
1006 1402 1016 1412 ·
1052 1373 1353 1438 presentibus
1387 1371 1564 1420 ibidem
1595 1370 1944 1420 venerabilibus
1967 1371 2079 1435 viris
2103 1373 2342 1436 magistris
2366 1375 2452 1422 Jo-

503 1463 658 1511 hanne
695 1461 927 1510 Willelmi
961 1462 1137 1511 vicario
1173 1464 1231 1510 de
1270 1461 1509 1524 Monzeky
1546 1460 1884 1509 Brechinensis
1927 1461 2142 1511 dioecesis
2177 1466 2226 1510 et
2262 1463 2451 1511 officiali

505 1552 815 1601 Brechinensi
839 1553 1023 1601 Thema
1046 1553 1232 1600 Archar
1254 1550 1554 1600 thezaurario
1579 1554 1628 1598 et
1651 1549 1686 1596 J
1690 1550 1876 1598 ohanne
1913 1549 2067 1613 Steyll
2091 1550 2217 1599 dicte
2251 1552 2449 1601 ecclesie

504 1642 733 1690 canonico
755 1658 813 1690 ac
835 1642 1024 1690 notario
1047 1641 1239 1706 publico
1262 1640 1467 1690 testibus
1504 1668 1515 1678 ·
1553 1667 1565 1679 ·
1604 1667 1614 1677 ·

574 1731 641 1779 Et
678 1747 764 1794 ego
805 1730 970 1779 Alexr·
1010 1731 1191 1779 Thome
1229 1729 1474 1779 Presbiter
1510 1727 1847 1777 Brechinensis
1878 1729 2093 1778 dioecesis
2116 1730 2332 1794 publicus
2357 1733 2453 1781 Im-

505 1819 672 1884 periali
698 1820 985 1868 auctoritate
1009 1819 1224 1870 notarius
1261 1847 1272 1857 ·
1311 1847 1321 1856 ·
1360 1847 1371 1856 ·

507 2021 808 2070 Fundatione
834 2021 1188 2087 (Presentation
1201 2021 1239 2082 ἓ)
1267 2022 1319 2069 of
1338 2028 1388 2084 ye
1410 2019 1692 2084 Cheplanrie
1717 2020 1789 2068 Be
1814 2029 1864 2084 ye
1886 2021 2030 2069 Laird
2055 2022 2124 2069 off
2143 2023 2353 2072 Pittarro
2390 2025 2458 2072 off

505 2115 588 2159 ten
612 2111 791 2160 merkis
814 2115 898 2160 out
922 2111 991 2160 off
1011 2109 1235 2159 Reidhall
1258 2111 1352 2158 and
1378 2108 1618 2157 Balfeithe
1655 2136 1667 2148 ·

513 2236 838 2318 Reuerendo
862 2267 910 2315 in
936 2267 1049 2332 Xpo
1072 2266 1198 2331 patri
1223 2269 1272 2314 et
1298 2265 1488 2313 domino
1513 2265 1703 2313 domino
1727 2266 1761 2312 J
1766 2265 1940 2314 ohanni
1963 2266 2265 2317 miseratione
2291 2269 2452 2318 diuina

507 2360 747 2424 Episcopo
794 2355 1105 2405 Brechinensi
1151 2371 1236 2403 seu
1284 2354 1386 2403 eius
1431 2353 1609 2402 vicario
1649 2355 1859 2417 generali
1898 2356 1933 2403 J
1936 2356 2147 2406 ohannes
2188 2358 2449 2421 Wyschart

505 2448 642 2498 miles
665 2446 882 2496 dominus
916 2446 975 2493 de
1012 2443 1275 2492 Petterauk
1309 2442 1603 2492 reuerentias
1633 2459 1742 2491 cum
1765 2444 1942 2493 honore
1982 2474 1992 2483 -
2029 2447 2107 2494 Ad
2136 2447 2448 2510 capellaniam

504 2541 783 2603 perpetuam
808 2533 975 2583 altaris
997 2533 1129 2581 beati
1154 2533 1334 2581 Thome
1369 2531 1578 2580 martiris
1612 2532 1662 2579 in
1697 2532 1900 2581 ecclesia
1934 2534 2196 2582 cathedrali
2222 2536 2451 2584 Brechin-

505 2627 607 2676 ensi
641 2642 726 2690 per
761 2640 837 2672 me
871 2623 1060 2671 nouiter
1093 2621 1341 2669 fundatam
1378 2620 1532 2684 Super
1565 2637 1721 2669 annuo
1759 2623 1949 2670 redditu
1985 2624 2148 2672 decem
2183 2641 2447 2674 marcarum

505 2715 751 2765 annuatim
785 2712 1094 2761 leuandarum
1133 2711 1191 2757 de
1227 2709 1372 2758 certis
1405 2709 1547 2758 terris
1572 2710 1767 2758 dominii
1790 2711 1884 2758 mei
1908 2711 1994 2759 viz.
2019 2713 2077 2760 de
2105 2713 2310 2762 Redhall
2335 2715 2446 2763 Bal-

504 2806 608 2855 feth
633 2809 682 2853 et
707 2801 978 2852 molendino
1001 2799 1212 2848 eiusdem
1238 2813 1296 2846 ac
1321 2798 1379 2845 de
1407 2797 1787 2862 Pettyngartnay
1805 2815 1891 2863 pro
1910 2800 2066 2850 salute
2085 2802 2242 2850 anime
2266 2819 2371 2852 mee
2396 2810 2444 2854 et

503 2896 538 2943 J
543 2898 682 2944 onete
700 2891 864 2940 uxoris
881 2906 985 2938 mee
1003 2893 1052 2937 et
1071 2887 1242 2936 animis
1265 2891 1315 2936 et
1338 2887 1490 2950 patris
1507 2887 1601 2935 mei
1626 2892 1675 2936 et
1699 2889 1867 2938 matris
1887 2905 1990 2938 mee
2014 2906 2071 2939 ac
2089 2895 2443 2942 antecessorum

507 2989 555 3033 et
592 2996 915 3033 successorum
941 2993 1151 3026 meorum
1176 2981 1225 3025 et
1250 2975 1458 3024 omnium
1482 2975 1670 3024 illorum
1694 2977 1864 3040 quibus
1900 2978 2077 3044 deliqui
2113 2985 2162 3029 et
2198 2984 2444 3031 emendam

504 3074 784 3136 condignam
808 3085 904 3118 non
925 3067 1019 3116 feci
1044 3071 1094 3116 et
1118 3065 1326 3115 omnium
1349 3064 1556 3113 fidelium
1593 3065 1924 3115 defunctorum
1962 3068 2020 3116 In
2055 3085 2222 3132 puram
2258 3076 2307 3120 et
2341 3089 2447 3136 per-

505 3168 698 3230 petuam
739 3158 1041 3209 elemosinam
1083 3184 1093 3194 ·
1129 3155 1207 3204 Ad
1247 3170 1403 3202 meam
1438 3158 1487 3202 et
1524 3154 1749 3202 heredum
1791 3171 2000 3204 meorum
2040 3160 2445 3221 presentationem

506 3258 804 3314 vestramque
842 3246 1143 3296 collationem
1181 3247 1476 3309 spectantem
1516 3243 1770 3292 discretum
1812 3243 1961 3292 virum
2003 3246 2243 3296 dominum
2283 3249 2446 3299 Dauid

508 3341 748 3406 Vyschart
773 3335 1070 3401 capellanum
1094 3350 1249 3383 meum
1285 3332 1510 3380 dilectum
1546 3331 1746 3381 latorem
1782 3334 2072 3396 presentium
2110 3336 2232 3386 bone
2257 3354 2450 3390 conuer-
