3016 3958
390 2729 485 2776 CL.

491 667 603 721 220
1076 665 1367 722 OARTAE
1411 665 1912 721 ORIGINALES.

495 857 584 905 civi
611 857 832 907 Civitatis
857 857 1190 906 Brechinensis
1213 856 1496 905 haeredibus
1520 856 1617 905 suis
1652 859 1701 904 et
1737 856 1990 919 assignatis
2021 855 2147 905 illius
2170 857 2432 905 tenementi

495 951 594 995 tam
630 951 741 995 ante
779 963 919 1011 quam
956 950 1083 994 retro
1119 962 1225 994 cum
1260 946 1400 994 horto
1435 950 1484 993 et
1520 946 1617 994 suis
1652 945 1954 1009 pertinentiis
1982 945 2189 1007 jacentis
2212 962 2273 994 ex
2297 951 2433 1010 parte

497 1036 783 1085 occidentali
822 1036 978 1084 dictae
1005 1035 1229 1083 Civitatis
1269 1035 1393 1083 inter
1429 1039 1584 1083 terras
1623 1035 1858 1098 quondam
1895 1035 1929 1082 J
1934 1035 2099 1084 oannis
2140 1035 2337 1083 Leitche
2373 1037 2434 1083 ad

497 1126 688 1174 boream
713 1130 867 1174 terras
890 1125 1147 1173 haeredum
1172 1125 1410 1187 quondam
1438 1123 1688 1172 Willielmi
1715 1125 1926 1188 Ramsay
1949 1126 2010 1172 ad
2035 1130 2248 1174 austrum
2272 1126 2437 1174 hortos

501 1217 667 1263 domus
691 1216 748 1262 de
776 1215 1054 1263 Masondew
1077 1214 1351 1278 praedictae
1376 1214 1437 1261 ad
1464 1214 1684 1262 occidens
1709 1217 1757 1262 et
1794 1229 2087 1262 communem
2112 1215 2235 1263 viam
2260 1215 2435 1278 regiam

500 1306 744 1369 praefatae
771 1304 992 1352 Civitatis
1032 1305 1092 1351 ad
1135 1303 1322 1360 oriens;
1371 1303 1687 1367 quodquidem
1728 1306 2052 1352 tenementum
2093 1304 2308 1368 perprius
2347 1304 2437 1352 fuit

501 1394 816 1443 haereditarie
840 1395 874 1441 J
879 1394 1044 1442 oannis
1070 1394 1227 1442 Periss
1252 1393 1367 1441 civis
1392 1393 1549 1440 dictae
1577 1392 1798 1440 Civitatis
1822 1397 1871 1440 et
1895 1393 1928 1439 J
1933 1396 2103 1441 onetae
2127 1394 2161 1440 J
2165 1394 2312 1457 offray
2337 1394 2439 1456 ejus

502 1499 702 1547 sponsae
748 1499 804 1531 ac
852 1483 1111 1530 haeredum
1160 1498 1358 1539 eorum;
1406 1482 1600 1530 tenendi
1647 1482 1695 1529 in
1741 1482 2003 1530 feodifirma
2050 1487 2098 1530 et
2145 1483 2443 1530 haereditate

503 1574 848 1636 imperpetuum
887 1601 897 1610 ·
938 1572 1201 1620 Reddendo
1237 1571 1346 1618 inde
1382 1571 1627 1618 annuatim
1667 1586 1895 1618 summam
1931 1571 2148 1619 undecim
2187 1571 2442 1620 solidorum

505 1667 553 1710 et
590 1666 699 1710 octo
742 1661 1041 1709 denariorum
1084 1664 1302 1708 monetae
1346 1660 1536 1708 Scotiae
1577 1660 1766 1707 nomine
1805 1659 2094 1707 feodifirmae
2132 1689 2142 1698 -
2181 1661 2445 1709 Reservato

504 1757 665 1800 tamen
691 1751 819 1799 dicto
843 1752 877 1798 J
881 1751 1022 1798 oanni
1048 1750 1205 1798 Periss
1230 1750 1332 1811 ejus
1355 1749 1489 1797 vitali
1514 1749 1703 1797 redditu
1721 1749 1973 1798 anterioris
1997 1750 2147 1813 partis
2172 1750 2288 1799 dicti
2312 1754 2444 1799 tene-

506 1841 654 1888 menti
693 1844 742 1888 et
781 1839 957 1888 stabuli
992 1839 1268 1902 posterioris
1303 1839 1454 1902 partis
1489 1854 1573 1902 per
1596 1839 1795 1886 eundem
1835 1839 1893 1886 de
1931 1840 2169 1902 praesenti
2193 1845 2446 1903 occupato-

506 1946 637 1986 rum3
676 1945 857 1977 necnon
897 1931 1137 1976 reservato
1170 1927 1442 1991 praedictae
1474 1928 1507 1974 J
1513 1932 1682 1976 onetae
1720 1928 1754 1974 J
1758 1927 1907 1991 offray
1942 1928 2043 1990 ejus
2077 1928 2216 1977 vitali
2257 1930 2446 1977 redditu

506 2019 655 2067 totius
690 2018 805 2066 dicti
841 2017 1101 2065 tenementi
1140 2045 1150 2055 -
1189 2018 1325 2064 Haec
1361 2021 1495 2064 carta
1518 2016 1698 2065 habens
1736 2017 1783 2063 in
1821 2032 1872 2066 se
1912 2022 2218 2081 praeceptum
2243 2019 2446 2067 saisinae

508 2108 668 2156 David
694 2109 835 2170 Seget
859 2105 1033 2154 ballivo
1060 2107 1173 2154 data
1211 2110 1283 2155 est
1318 2107 1444 2169 apud
1469 2106 1674 2153 Brechin
1699 2121 1858 2153 coram
1893 2106 1968 2154 his
2002 2107 2206 2156 testibus
2233 2108 2448 2157 Roberto

510 2197 727 2260 Kynneir
774 2195 948 2243 ballivo
1010 2195 1166 2243 dictae
1229 2195 1451 2243 Civitatis
1514 2193 1730 2242 Roberto
1795 2194 1971 2243 Rollok
2030 2196 2187 2245 David
2237 2197 2448 2262 Lindsay

510 2286 710 2333 Andrea
746 2285 920 2347 Audny
956 2284 1145 2331 Joanne
1186 2283 1356 2331 Allane
1394 2284 1574 2332 civibus
1609 2284 1883 2347 praedictae
1910 2284 2133 2334 Civitatis
2172 2290 2220 2335 et
2258 2288 2291 2334 J
2296 2304 2447 2336 oanne

511 2375 723 2437 Ramsay
747 2372 933 2422 notario
958 2372 1146 2435 publico
1186 2401 1195 2411 ·
1231 2373 1296 2422 27
1321 2373 1355 2419 J
1359 2371 1441 2419 ulii
1471 2373 1596 2420 1585
1637 2400 1646 2410 ·

518 2702 699 2780 Carta
722 2748 947 2781 concessa
970 2748 1056 2795 per
1078 2732 1343 2795 praefatum
1371 2731 1634 2779 Robertum
1673 2731 1902 2795 Carnegie
1937 2737 2289 2798 praeceptorem
2316 2741 2449 2785 ante—

511 2822 666 2869 dictae
692 2822 858 2870 domus
893 2822 951 2868 de
989 2822 1270 2870 Masondew
1295 2821 1500 2884 Georgio
1538 2821 1853 2871 Crawmound
1878 2823 2042 2886 nepoti
2069 2824 2260 2887 Georgii
2287 2825 2447 2874 Craw-

510 2911 683 2958 mound
710 2910 819 2958 olim
848 2911 906 2958 de
931 2911 1151 2974 Burnsyd
1177 2911 1292 2959 civis
1318 2910 1653 2959 Brechinensis
1687 2914 1737 2958 et
1771 2910 1868 2958 filio
1902 2911 1937 2957 J
1940 2911 2106 2960 oannis
2131 2911 2446 2961 Crawmound

510 2999 558 3046 in
578 2999 708 3046 dicta
725 2998 932 3046 Civitate
952 2998 1289 3047 commorantis
1314 2998 1441 3047 illius
1460 2998 1719 3047 tenementi
1743 3002 1856 3046 ante
1881 3003 1930 3047 et
1955 3003 2083 3047 retro
2107 3015 2210 3048 cum
2236 2999 2377 3050 horto
2395 3008 2444 3051 et

509 3087 811 3151 pertinentiis
828 3087 1035 3148 jacentis
1060 3104 1121 3134 ex
1145 3086 1324 3135 boreali
1347 3091 1485 3150 parte
1509 3086 1636 3134 illius
1659 3086 1854 3136 venellis
1879 3087 2035 3136 dictae
2061 3088 2284 3138 Civitatis
2307 3091 2444 3155 vulgo

508 3176 591 3223 the
618 3175 859 3223 Prenteiss
882 3177 1024 3237 wynd
1048 3179 1245 3223 vocatae
1270 3175 1396 3223 inter
1413 3179 1567 3223 terras
1593 3175 1829 3238 quondam
2170 3177 2357 3227 Heriell
2380 3183 2441 3228 ad

509 3265 664 3313 oriens
687 3267 842 3312 terras
865 3264 1120 3311 haeredum
1145 3264 1380 3327 quondam
1775 3264 1836 3311 ad
1861 3264 2082 3313 occidens
2105 3269 2258 3316 terras
2282 3268 2444 3317 haere-

509 3355 618 3401 dum
643 3354 876 3417 quondam
906 3352 940 3399 J
944 3353 1110 3402 oannis
1135 3353 1253 3402 Low
1286 3353 1347 3400 ad
1382 3352 1572 3400 boream
1599 3355 1648 3400 et
1673 3351 1848 3400 dictam
1872 3353 2088 3402 venellim
2114 3356 2174 3403 ad
2199 3360 2409 3405 austrum
2430 3378 2441 3416 ;
