3016 3958
231 1206 452 1254 LXXII.

485 655 595 709 124
1070 657 1363 712 CARTAE
1408 658 1909 714 ORIGINALES.

483 935 861 986 lustramentum
887 953 1029 1000 super
1053 937 1273 1000 pactione
1303 938 1427 985 inter
1453 938 1721 987 Walterum
1763 941 2037 1004 Monypeny
2061 946 2110 989 et
2136 942 2430 1005 Guasparem

482 1024 713 1072 Bonciani
754 1054 763 1062 ·

488 1170 568 1251 In
603 1205 792 1253 nomine
830 1207 1024 1254 Domini
1060 1207 1214 1254 Amen
1253 1235 1262 1244 ·
1303 1207 1395 1254 Per
1429 1207 1518 1255 hoc
1553 1224 1748 1271 presens
1782 1208 2022 1272 publicum
2064 1211 2429 1260 instrumentum

480 1295 678 1343 Cunctis
702 1299 867 1358 pateat
891 1296 1139 1344 euidenter
1173 1300 1222 1344 et
1258 1296 1322 1345 sit
1356 1300 1520 1344 notum
1553 1297 1691 1352 Quod
1716 1314 1841 1345 anno
1878 1315 1908 1346 a
1941 1300 2195 1349 nativitate
2220 1301 2429 1350 eiusdem

480 1384 674 1432 Domini
708 1383 974 1433 millesimo
1020 1386 1483 1449 quadringentesimo
1530 1387 1853 1449 octuagesimo
1902 1392 2076 1437 octauo
2109 1413 2119 1445 s
2154 1390 2426 1438 Indictione

479 1477 620 1521 sexta
651 1486 662 1518 s
697 1474 792 1522 Die
814 1490 922 1522 vero
944 1474 1171 1522 Mercurii
1190 1479 1362 1539 quarta
1385 1476 1560 1525 mensis
1585 1477 1618 1523 J
1623 1477 1721 1524 unii
1754 1495 1764 1526 l
1798 1477 2111 1527 Pontificatus
2142 1480 2428 1528 sanctissimi

479 1564 527 1610 in
565 1563 678 1628 Xpo
711 1563 864 1627 patris
897 1579 955 1611 ac
991 1564 1100 1612 dor’fi
1135 1565 1286 1613 nostri
1322 1566 1431 1613 doffi
1468 1565 1738 1614 innocentii
1773 1567 1938 1616 diuina
1970 1569 2269 1631 prouidentia
2307 1587 2428 1633 pape

480 1654 637 1702 octavi
660 1669 785 1701 anno
821 1657 992 1717 quarto
1025 1668 1037 1701 l
1070 1653 1131 1701 In
1167 1654 1260 1702 mei
1295 1655 1470 1702 notarii
1506 1655 1684 1718 publici
1707 1656 1997 1720 testiumque
2022 1657 2428 1722 infra-scriptorum

479 1743 540 1790 ad
578 1743 668 1790 hoc
705 1747 980 1791 vocatorum
1020 1747 1069 1791 et
1107 1747 1377 1806 rogatorum
1419 1745 1661 1807 presentia
1702 1745 2025 1794 Personaliter
2058 1747 2307 1795 constituti
2334 1749 2429 1796 Ve-

479 1832 704 1880 nerabilis
750 1836 799 1880 et
849 1832 1118 1896 Religiosus
1159 1833 1375 1881 dominus
1417 1833 1634 1882 dominus
1682 1833 1930 1883 Walterus
1979 1836 2254 1899 Monypeny
2301 1838 2429 1900 prior

479 1922 634 1970 sancti
672 1922 887 1970 Serviani
923 1921 1057 1970 lacus
1094 1923 1152 1970 de
1194 1923 1342 1970 Levin
1380 1922 1545 1970 Sancti
1571 1924 1763 1971 Audree
1788 1925 2006 1987 dyocesis
2041 1925 2087 1972 in
2126 1925 2289 1973 Scotia
2323 1951 2332 1982 t
2365 1944 2426 1974 ex

480 2029 574 2060 una
600 2016 736 2075 parte
769 2034 780 2065 t
815 2011 881 2060 Et
907 2012 1128 2076 Guaspar
1152 2012 1385 2060 Bonciani
1409 2016 1646 2061 mercator
1671 2013 1978 2063 Florentinus
2013 2015 2059 2061 iu
2096 2016 2270 2078 oppido
2298 2018 2429 2063 And-

479 2101 733 2165 werpiensi
758 2101 820 2148 ad
845 2117 1041 2165 presens
1066 2101 1321 2164 negocians
1344 2118 1407 2149 ex
1430 2101 1527 2150 alia
1551 2106 1688 2165 parte
1723 2122 1733 2154 t
1769 2103 1844 2150 De
1869 2103 2076 2166 ipsorum
2101 2110 2150 2153 et
2175 2105 2427 2154 cuiuslibet

481 2191 690 2254 ipsorum
711 2190 853 2238 meris
871 2189 1033 2239 liberis
1051 2194 1100 2238 et
1119 2191 1395 2254 spontaneis
1415 2190 1739 2240 voluntatibus
1771 2216 1781 2244 l
1815 2193 1922 2241 Non
1947 2194 2135 2258 decepti
2159 2211 2253 2243 non
2272 2198 2426 2244 coacti

481 2279 635 2327 necin
655 2273 816 2342 aliquo
835 2283 888 2327 ut
908 2279 1131 2327 dixerunt
1151 2279 1460 2328 circumventi
1493 2294 1505 2327 l
1539 2279 1769 2329 Omnibus
1786 2282 2060 2331 melioribus
2083 2284 2159 2331 via
2191 2307 2203 2339 J
2234 2287 2375 2333 modo
2408 2310 2418 2341 s

476 2371 584 2431 jure
610 2373 660 2416 et
684 2369 837 2416 forma
869 2379 880 2411 Ι
913 2368 1084 2431 quibus
1122 2368 1290 2417 melius
1318 2368 1520 2418 validius
1545 2373 1595 2417 et
1619 2371 1857 2419 efficacius
1881 2371 1939 2419 de
1972 2372 2082 2434 jure
2119 2378 2376 2436 potueruut
2408 2396 2418 2427 t

486 2459 889 2520 Recognouerunt
925 2461 975 2505 et
1011 2457 1214 2506 confessi
1249 2458 1440 2506 fuerunt
1465 2462 1514 2506 et
1540 2457 1739 2522 quilibet
1763 2475 1925 2507 eorum
1950 2463 2221 2524 recognovit
2245 2468 2295 2511 et
2320 2480 2430 2512 con-

483 2549 636 2597 fessus
676 2548 767 2595 fuit
801 2564 811 2595 s
844 2551 894 2595 et
935 2551 1102 2596 tenore
1144 2547 1379 2611 presentis
1418 2547 1595 2611 publici
1633 2548 1937 2598 instrumenti
1980 2550 2345 2614 Recognoscunt
2381 2559 2429 2602 et

492 2637 778 2685 confitentur
812 2641 862 2683 et
897 2635 1097 2700 quilibet
1121 2652 1282 2684 eorum
1307 2637 1603 2699 recognoscit
1637 2642 1686 2686 et
1723 2638 1976 2687 confitetur
2007 2662 2019 2695 J
2052 2641 2245 2690 Fecisse
2270 2643 2429 2692 iniisse

487 2731 536 2774 et
562 2725 851 2774 conclusisse
886 2741 944 2773 ac
978 2725 1213 2796 pepigisse
1237 2742 1321 2774 seu
1345 2727 1620 2775 convenisse
1644 2731 1801 2776 certas
1825 2729 2071 2791 pactiones
2094 2734 2430 2782 conventiones

489 2819 538 2863 et
561 2819 800 2882 tractatus
833 2832 843 2861 s
876 2814 962 2862 sub
982 2814 1072 2862 hac
1091 2815 1339 2863 verborum
1358 2815 1480 2864 serie
1505 2820 1555 2863 et
1578 2816 1731 2864 forma
1762 2837 1773 2869 t
1805 2822 1946 2881 prout
1966 2820 2180 2883 sequitur
2211 2839 2252 2873 st
2286 2821 2431 2870 Vide-

489 2905 602 2952 licet
626 2903 867 2967 predictus
899 2905 1118 2967 Guaspar
1143 2904 1376 2952 Bonciani
1407 2918 1419 2952 l
1451 2906 1577 2968 quod
1603 2905 1704 2969 ipse
1739 2907 1956 2970 promisit
1991 2909 2206 2971 predicto
2242 2912 2431 2960 domino

494 2992 714 3040 Waltero
738 2993 913 3040 ibidem
937 2993 1148 3056 presenti
1181 3013 1192 3047 J
1224 3008 1281 3041 ac
1305 2993 1448 3041 michi
1482 2995 1671 3042 notario
1706 2994 1896 3058 publico
1919 3000 2145 3060 tauquam
2170 2999 2356 3063 publice
2382 3007 2430 3049 et

493 3081 780 3130 auctoritate
817 3097 1016 3144 persone
1054 3081 1264 3144 legitime
1302 3081 1536 3146 stipulans
1559 3087 1609 3130 et
1633 3083 1866 3148 recipiens
1894 3085 1992 3133 vice
2027 3089 2077 3134 et
2113 3087 2300 3135 nomine
2336 3106 2434 3137 om-

494 3171 622 3218 nium
661 3173 710 3218 et
749 3169 1035 3232 singulorum
1073 3185 1270 3233 quorum
1311 3171 1511 3220 interest
1550 3170 1738 3220 intersit
1774 3176 1859 3221 aut
1896 3172 2127 3223 interesse
2167 3178 2344 3239 poterit
2385 3180 2434 3227 in

494 3261 703 3308 futurum
737 3276 747 3309 t
782 3259 844 3306 Se
869 3263 1144 3308 curaturum
1170 3264 1219 3307 et
1243 3263 1431 3308 tantum
1469 3259 1744 3308 effecturum
1768 3261 1894 3325 apud
1917 3249 2237 3326 spectabilem
2256 3270 2305 3314 et
2329 3284 2435 3330 pro-

497 3349 653 3396 vidum
678 3347 830 3395 virum
853 3347 1092 3395 dominum
1118 3347 1387 3412 Philippum
1413 3349 1471 3397 de
1497 3349 1719 3411 Strozzijs
1753 3354 1803 3398 et
1838 3351 1992 3400 socios
2014 3357 2302 3403 mercatores
2327 3357 2437 3405 Flo·
2460 3339 2472 3349 ⁶
