3016 3958
593 621 704 676 322
1073 620 1389 676 CARTAE
1429 616 2056 673 MISCELLANEAE.

596 799 771 841 Domini
800 799 1028 842 millesimo
1060 798 1404 855 quingentesimo
1436 797 1704 853 sexagesimo
1736 810 1849 837 nono
1881 808 2026 837 coram
2055 794 2125 836 his
2154 795 2341 837 testibus
2371 795 2535 838 Jacobo

597 879 774 934 Thayne
808 878 952 921 Dauid
986 878 1187 934 Carnegy
1220 877 1247 919 J
1251 891 1389 920 oanne
1427 876 1592 932 Scharp
1624 875 1652 917 J
1655 876 1789 918 acobo
1821 874 2047 930 Ohapman
2077 874 2244 917 ciuibus
2274 875 2538 917 Brechinen-

599 959 718 1001 sibus
750 959 999 1001 Alexandro
1035 957 1165 1000 Watt
1197 972 1293 999 cum
1329 956 1513 998 diuersis
1546 955 1644 998 aliis
1675 987 1684 997 .
1719 954 1929 996 Omnibus
1962 986 1971 995 .
2005 987 2014 996 .
2050 984 2060 994 .
2092 954 2309 1010 Magister
2343 954 2537 996 Joannes

600 1038 838 1095 Hepburne
879 1038 1057 1081 ecclesie
1093 1036 1355 1080 cathedralis
1396 1034 1701 1078 Brechinensis
1741 1034 2040 1076 thesaurarius
2082 1032 2268 1076 salutem
2301 1066 2309 1075 .
2342 1066 2351 1075 .
2384 1065 2394 1076 .
2428 1033 2538 1088 Quia

600 1119 725 1175 regni
759 1119 902 1162 Scotie
931 1121 1049 1161 retro
1069 1117 1285 1174 principes
1317 1116 1479 1158 diuersi
1510 1148 1520 1158 .
1553 1148 1562 1158 .
1594 1147 1604 1156 .
1636 1128 1785 1157 omnes
1815 1113 1938 1170 regni
1959 1116 2102 1155 terras
2135 1145 2144 1154 .
2177 1145 2187 1155 .
2220 1145 2230 1155 .
2262 1113 2317 1155 ad
2347 1113 2537 1156 feudifir-

598 1211 714 1239 mam
746 1230 754 1239 .
788 1230 797 1240 .
831 1228 842 1239 .
872 1197 1075 1240 locandas
1110 1197 1202 1239 fore
1241 1196 1527 1238 decreuerunt
1564 1225 1575 1236 .
1616 1226 1625 1235 .
1663 1226 1672 1236 .
1712 1193 1938 1236 Noueritis
1973 1193 2108 1249 igitur
2146 1207 2216 1235 me
2257 1193 2539 1235 suadentibus

599 1277 821 1332 premissis
854 1308 864 1318 .
898 1307 908 1318 .
944 1309 952 1318 .
983 1291 1080 1319 cum
1111 1289 1324 1318 consensu
1359 1307 1367 1316 .
1399 1307 1408 1317 .
1444 1305 1454 1316 .
1485 1274 1723 1316 Alexandri
1756 1306 1766 1316 .
1801 1304 1810 1314 .
1846 1305 1853 1314 .
1886 1273 2193 1315 Brechinensis
2223 1273 2414 1329 episcopi
2443 1286 2541 1314 nec-

600 1371 686 1398 non
722 1356 873 1399 decani
909 1360 954 1398 et
988 1356 1292 1398 canonicorum
1328 1354 1518 1396 eiusdem
1551 1387 1559 1396 .
1596 1384 1606 1395 .
1641 1386 1649 1395 .
1681 1367 1779 1395 mea
1812 1357 1857 1395 et
1890 1367 2187 1395 successorum
2218 1367 2411 1395 meorum
2443 1382 2455 1393 .
2487 1385 2497 1394 .
2530 1384 2539 1394 .

599 1435 787 1478 vtilitate
808 1439 853 1478 et
872 1434 1094 1478 commodo
1127 1466 1136 1476 .
1170 1467 1179 1477 .
1212 1466 1221 1476 .
1252 1434 1439 1490 preuisis
1472 1466 1481 1475 .
1514 1466 1522 1475 .
1553 1465 1562 1476 .
1595 1433 1822 1475 assedasse
1854 1465 1864 1474 .
1900 1465 1909 1474 .
1942 1464 1953 1474 .
1985 1436 2029 1474 et
2049 1433 2102 1474 ad
2120 1431 2409 1474 feudifirmam
2442 1462 2452 1473 .
2485 1464 2493 1474 .
2528 1463 2538 1471 .

600 1518 855 1571 perpetuam
876 1514 1134 1556 hereditarie
1165 1514 1382 1556 dimisisse
1416 1545 1424 1554 .
1458 1546 1466 1555 .
1503 1545 1511 1554 .
1542 1512 1687 1554 Dauid
1717 1512 1952 1554 Schewane
1983 1511 2067 1553 ciui
2099 1511 2303 1554 Ciuitatis
2334 1511 2540 1554 Brechin-

601 1595 719 1636 ensis
751 1627 760 1636 .
793 1626 802 1635 .
839 1624 849 1634 .
881 1597 1017 1636 totam
1051 1598 1097 1635 et
1131 1593 1347 1649 integram
1382 1606 1523 1634 meam
1558 1592 1827 1634 mansionem
1861 1605 1976 1633 nunc
2011 1591 2233 1633 ruinosam
2259 1594 2304 1634 et
2334 1591 2539 1633 caducam

600 1688 694 1714 cum
717 1674 843 1715 horto
864 1673 1055 1715 eiusdem
1075 1672 1130 1714 ad
1150 1671 1458 1728 patrimonium
1481 1671 1593 1713 dicte
1614 1685 1708 1713 mee
1729 1671 2002 1713 thesaurarie
2024 1674 2291 1726 spectantem
2317 1670 2539 1725 jacentem

601 1752 715 1794 infra
737 1751 970 1794 ciuitatem
993 1751 1329 1794 Brechinensem
1355 1751 1469 1793 inter
1492 1750 1633 1792 locum
1655 1750 1942 1807 episcopalem
1962 1750 2075 1792 dicte
2098 1749 2301 1792 Ciuitatis
2323 1750 2378 1792 ad
2399 1750 2539 1792 orien-

597 1835 686 1873 tem
706 1830 909 1873 vinellam
929 1831 1042 1872 dicte
1064 1830 1243 1872 ecclesie
1263 1830 1526 1872 cathedralis
1557 1833 1602 1871 et
1631 1829 1900 1871 cemiterium
1920 1829 2113 1871 eiusdem
2132 1829 2188 1871 ad
2208 1829 2474 1872 occidentem
2495 1834 2540 1871 et

598 1914 796 1953 austrum
827 1915 871 1952 et
900 1924 1169 1952 communem
1191 1910 1306 1951 viam
1330 1909 1569 1966 prescripte
1593 1908 1796 1951 Ciuitatis
1826 1908 1880 1950 ad
1911 1909 2087 1950 boream
2121 1939 2130 1949 .
2161 1908 2410 1950 Tenendam
2442 1941 2451 1950 .
2484 1941 2494 1950 .
2532 1941 2539 1949 .

598 1990 650 2031 de
670 2004 739 2032 me
760 1993 805 2032 et
826 1990 1145 2032 successoribus
1165 1989 1274 2030 meis
1306 2020 1315 2030 .
1352 2019 1360 2029 .
1392 2019 1402 2028 .
1434 1989 1480 2029 in
1499 1988 1744 2030 feudifirma
1764 1991 1809 2030 et
1828 1987 2069 2030 hereditate
2089 1988 2407 2044 imperpetuum
2441 2020 2449 2029 .
2483 2019 2494 2030 .
2528 2020 2540 2029 .

598 2069 831 2111 Reddendo
871 2069 969 2110 inde
1011 2069 1233 2111 annuatim
1277 2100 1286 2110 .
1327 2100 1336 2110 .
1379 2099 1388 2111 .
1422 2081 1634 2110 summam
1674 2067 1830 2124 viginti
1869 2070 2056 2122 quatuor
2096 2067 2332 2110 solidorum
2371 2072 2542 2110 monete

603 2148 745 2190 Scotie
767 2153 974 2204 tanquam
997 2149 1164 2190 firmam
1186 2148 1410 2203 antiquam
1442 2178 1451 2188 .
1487 2178 1496 2188 .
1528 2179 1538 2189 .
1572 2146 1683 2189 solui
1714 2147 1887 2190 solitam
1918 2161 2086 2189 necnon
2116 2161 2331 2190 summam
2359 2148 2541 2190 duorum

600 2228 834 2270 solidorum
857 2232 901 2271 et
922 2231 1018 2269 octo
1039 2227 1316 2269 denariorum
1337 2226 1530 2268 eiusdem
1552 2230 1725 2269 monete
1754 2226 1800 2267 in
1830 2227 2228 2282 augmentationem
2253 2227 2339 2269 mei
2358 2227 2540 2270 rentalis

600 2308 823 2349 annuatim
853 2307 1082 2363 plusquam
1113 2322 1303 2363 vnqu-am
1333 2307 1449 2350 dicta
1477 2307 1649 2349 mansio
1680 2321 1778 2349 cum
1806 2307 1934 2349 horto
1967 2337 1977 2348 .
2011 2339 2021 2349 .
2055 2337 2065 2348 .
2095 2308 2218 2363 prius
2248 2307 2417 2350 soluere
2441 2322 2540 2350 con-

604 2391 811 2429 sueuerat
842 2419 850 2428 .
883 2386 1178 2428 Extendentes
1209 2387 1254 2427 in
1285 2390 1377 2428 toto
1408 2386 1462 2428 ad
1494 2399 1706 2428 summam
1735 2385 1892 2442 viginti
1914 2399 1990 2428 sex
2010 2386 2245 2429 solidorum
2276 2391 2321 2430 et
2350 2390 2447 2430 octo
2467 2387 2540 2428 de-

599 2466 817 2508 nariorum
848 2470 1019 2508 monete
1048 2466 1240 2521 predicte
1270 2465 1326 2507 ad
1355 2466 1464 2507 duos
1493 2465 1596 2508 anni
1616 2465 1826 2508 terminos
1847 2469 2079 2508 consuetos
2111 2498 2120 2508 .
2156 2498 2165 2507 .
2197 2498 2207 2509 .
2239 2470 2410 2509 tantum
2445 2498 2453 2507 .
2485 2499 2494 2508 .
2528 2499 2537 2508 .

600 2545 879 2587 Reseruando
920 2549 1064 2587 tamen
1105 2544 1210 2586 mihi
1251 2552 1296 2587 et
1336 2545 1656 2588 successoribus
1700 2544 1807 2587 meis
1845 2577 1855 2587 .
1893 2575 1904 2586 .
1938 2575 1949 2588 .
1983 2545 2139 2601 viginti
2178 2549 2368 2600 quatuor
2406 2546 2538 2601 pedes

598 2624 761 2680 legales
783 2625 874 2666 siue
897 2625 1084 2680 spatium
1107 2624 1262 2680 viginti
1282 2628 1471 2680 quatuor
1490 2624 1646 2680 pedum
1674 2624 1880 2680 legalium
1900 2624 1946 2667 in
1966 2624 2236 2680 longitudine
2257 2629 2303 2667 et
2323 2625 2539 2667 sexdecim

599 2703 729 2758 pedes
755 2703 863 2760 [vel]
890 2703 1078 2759 spatium
1110 2703 1324 2745 sexdecim
1353 2704 1511 2760 pedum
1541 2703 1747 2759 legalium
1778 2704 1825 2745 in
1854 2703 2085 2747 latitudine
2115 2704 2169 2746 de
2199 2704 2384 2747 australi
2413 2709 2538 2760 parte

601 2782 715 2824 horti
736 2783 913 2837 predicti
934 2797 1012 2838 pro
1034 2782 1303 2824 edificatione
1325 2785 1452 2824 vnius
1474 2783 1658 2825 cubiculi
1679 2784 1735 2826 ad
1755 2783 1989 2826 vtilitatem
2015 2797 2155 2826 meam
2177 2786 2223 2826 et
2242 2797 2539 2827 successorum

603 2874 795 2902 meorum
831 2875 909 2916 pro
941 2866 1149 2917 perpetuo
1181 2863 1450 2917 permansuri
1485 2892 1496 2904 .
1529 2893 1538 2903 .
1569 2892 1579 2903 .
1614 2863 1666 2904 In
1706 2863 1829 2905 cuius
1868 2863 1932 2905 rei
1972 2861 2270 2905 testimonium
2304 2862 2405 2904 huic
2443 2877 2539 2918 pre-

605 2940 716 2981 senti
752 2945 869 2981 carte
904 2954 997 2982 mee
1037 2955 1168 2982 manu
1203 2955 1300 2983 mea
1336 2941 1577 2997 subscripte
1620 2947 1664 2983 et
1704 2941 2092 2996 subscriptionibus
2129 2940 2401 2983 manualibus
2437 2942 2539 2983 dicti

603 3018 828 3060 reuerendi
862 3019 1001 3074 patris
1036 3020 1185 3061 decani
1222 3023 1267 3062 et
1301 3021 1603 3082 canonicorum
1640 3050 1650 3062 .
1684 3051 1694 3062 .
1727 3051 1738 3063 .
1771 3020 1962 3076 sigillum
1996 3034 2139 3062 meum
2179 3021 2400 3076 proprium
2441 3035 2537 3062 cum

605 3097 748 3153 sigillo
770 3098 983 3138 communi
1013 3098 1204 3140 eiusdem
1235 3098 1412 3154 capituli
1442 3113 1493 3140 ac
1524 3098 1668 3155 sigillo
1689 3099 1846 3155 prefati
1876 3099 2103 3141 reuerendi
2125 3099 2261 3154 patris
2291 3100 2335 3141 in
2367 3100 2538 3156 signum

604 3190 838 3219 consensus
874 3181 918 3217 et
947 3191 1150 3218 assensus
1185 3178 1418 3219 eorundem
1453 3178 1509 3219 ad
1542 3178 1756 3233 premissa
1786 3180 1854 3220 est
1883 3191 2122 3234 appensum
2158 3179 2272 3234 apud
2304 3178 2537 3222 Ciuitatem

604 3254 937 3296 Brechinensem
967 3255 1035 3296 die
1066 3256 1275 3310 vigesimo
1306 3256 1491 3298 secundo
1515 3257 1678 3298 mensis
1708 3256 1934 3299 Februarii
1963 3270 2077 3299 anno
2108 3255 2284 3299 Domini
2308 3257 2537 3301 millesimo

603 3334 947 3389 quingentesimo
989 3334 1255 3390 sexagesimo
1296 3349 1410 3378 nono
1452 3349 1596 3378 coram
1635 3335 1704 3378 his
1743 3335 1930 3379 testibus
1969 3335 2133 3379 Jacobo
2175 3336 2348 3393 Cheyne
2394 3337 2537 3381 Dauid
