3016 3958
480 645 554 700 34
1040 642 1334 699 CARTAE
1378 641 1883 698 ORIGINALES.

483 835 647 891 Inche,
683 835 975 899 presbiteris,
1013 834 1289 884 Alexandro
1327 835 1507 890 Feriar,
1542 835 1577 882 J
1580 834 1765 883 ohanne
1802 833 2063 898 Farquhar,
2112 833 2145 880 J
2150 833 2334 882 ohanne
2371 834 2429 879 dc

420 922 422 924 ’
483 925 707 974 Fordoun
731 929 781 974 et
807 923 1052 974 Willelmo
1075 925 1109 972 J
1113 925 1312 974 ohannis
1337 941 1444 975 cum
1469 923 1632 973 multis
1667 923 1775 972 aliis
1814 951 1823 961 ·

314 1283 459 1330 XXI.

485 1127 632 1175 Carta
655 1127 1026 1176 confirmationis
1046 1127 1221 1176 Jacobi
1247 1127 1394 1191 Regis
1418 1131 1550 1176 carte
1577 1127 1757 1175 Thome
1784 1125 1892 1174 Bell
1934 1154 1944 1163 ·

493 1251 729 1331 Jacobus
755 1283 847 1331 Dei
869 1282 1025 1346 gratia
1052 1282 1163 1331 Rex
1187 1282 1438 1331 Scotorum
1477 1311 1486 1320 ·
1527 1311 1536 1319 -
1576 1310 1586 1319 ·
1624 1281 1801 1332 Sciatis
1837 1299 1924 1332 nos
1963 1283 2221 1347 quamdam
2246 1284 2430 1330 cartam

486 1372 666 1420 Thome
693 1371 783 1419 Bel
807 1370 1112 1420 ecclesiarum
1139 1371 1498 1421 Aberdonensis
1521 1375 1571 1420 et
1597 1371 1932 1421 Brechinensis
1956 1371 2171 1420 canonici
2195 1370 2432 1422 licentiati

484 1462 532 1510 in
558 1461 765 1511 decretis
786 1477 843 1509 ac
869 1461 1087 1525 perpetui
1112 1461 1275 1509 vicarii
1299 1460 1499 1509 ecclesie
1536 1461 1823 1525 parochialis
1848 1462 1907 1510 de
1936 1462 2184 1510 Montrose
2225 1489 2235 1498 ·
2275 1489 2284 1497 ·
2325 1488 2334 1497 ·
2373 1461 2435 1508 ad

483 1551 674 1615 plenum
698 1550 993 1603 intellexisse
1031 1551 1079 1598 in
1114 1551 1239 1599 hunc
1275 1551 1467 1599 modum
1503 1550 1734 1600 Omnibus
1770 1552 1892 1600 hanc
1930 1555 2111 1600 cartam
2150 1550 2320 1600 visuris
2359 1548 2433 1597 vel

483 1640 718 1689 audituris
743 1641 950 1690 Thomas
973 1640 1064 1689 Bel
1087 1641 1393 1690 ecclesiarum
1420 1641 1774 1690 Aberdonensis
1797 1645 1847 1690 et
1873 1640 2208 1690 Brechinensis
2243 1639 2435 1687 canoni-

484 1746 568 1781 cus
591 1730 868 1781 licentiatus
891 1731 940 1779 in
965 1731 1171 1779 decretis
1205 1747 1263 1779 ac
1297 1734 1554 1794 perpetuus
1577 1731 1779 1780 vicarius
1815 1731 2016 1780 ecclesie
2053 1728 2339 1795 parochialis
2375 1730 2433 1776 de

496 1820 743 1868 Montrose
781 1819 984 1868 salutem
1022 1821 1070 1868 in
1109 1820 1298 1868 domino
1336 1820 1671 1884 sempiternam
1710 1820 1953 1870 Noueritis
1977 1837 2053 1868 me
2077 1821 2138 1868 ad
2161 1819 2358 1883 gloriam
2384 1823 2433 1866 et

484 1908 674 1957 laudem
714 1909 1054 1972 omnipotentis
1078 1909 1172 1956 Dei
1197 1910 1336 1957 beate
1357 1909 1513 1958 Marie
1536 1910 1729 1973 virginis
1752 1911 1920 1959 matris
1954 1910 2162 1960 eiusdem
2191 1913 2240 1959 et
2265 1912 2431 1958 sancte

484 1998 641 2047 crucis
664 2002 713 2045 et
738 1997 946 2046 omnium
970 1997 1161 2047 celestis
1184 1999 1314 2047 curie
1338 2003 1610 2047 sanctorum
1635 2014 1742 2047 cum
1766 2015 1999 2048 consensu
2036 2004 2086 2048 et
2124 2014 2321 2048 assensu
2361 2014 2434 2046 re-

485 2086 680 2136 uerendi
710 2086 759 2134 in
784 2086 976 2136 Christo
998 2087 1150 2150 patris
1173 2087 1351 2136 domini
1386 2088 1421 2134 J
1425 2088 1624 2136 ohannis
1661 2089 1965 2137 miseratione
2004 2088 2166 2137 diuina
2205 2087 2432 2152 Episcopi

487 2176 821 2225 Brechinensis
844 2180 894 2225 et
918 2176 1114 2240 capituli
1138 2177 1350 2226 eiusdem
1375 2178 1561 2226 dedisse
1599 2206 1609 2215 ·
1647 2205 1659 2217 ·
1699 2205 1709 2215 ·
1746 2176 1855 2226 Deo
1891 2179 2032 2226 beate
2074 2177 2228 2226 Marie
2264 2176 2432 2239 virgini

485 2270 651 2315 sancte
675 2265 804 2313 cruci
829 2270 878 2316 et
902 2266 1121 2315 omnibus
1154 2267 1336 2315 sanctis
1370 2267 1657 2331 supradictis
1691 2283 1749 2315 ac
1785 2267 1866 2316 uni
1903 2267 2149 2332 capellano
2174 2267 2222 2314 in
2249 2265 2434 2330 capella

486 2358 650 2403 sancte
675 2355 828 2403 crucis
851 2354 962 2402 ville
987 2355 1044 2402 de
1071 2355 1295 2404 Monrose
1315 2356 1477 2404 diuina
1494 2356 1756 2408 celebranti
1780 2362 1829 2405 et
1854 2341 2200 2421 imperpetuum
2225 2355 2435 2404 celebra-

485 2448 595 2492 turo
618 2459 704 2506 pro
728 2443 902 2492 celebri
944 2448 994 2492 et
1027 2448 1160 2493 statu
1195 2461 1421 2509 prospero
1456 2445 1846 2495 excellentissimi
1870 2450 1920 2494 et
1943 2446 2231 2496 serenissimi
2259 2445 2434 2510 princi-

486 2533 563 2596 pis
588 2537 638 2581 et
663 2534 839 2582 domini
863 2534 956 2582 mei
979 2535 1353 2583 metuendissimi
1378 2535 1555 2583 domini
1577 2535 1611 2582 J
1616 2536 1753 2584 acobi
1778 2535 1942 2584 diuina
1963 2536 2156 2585 fauente
2180 2535 2435 2584 clementia

488 2623 737 2672 Scotorum
763 2623 886 2685 regis
908 2622 1106 2672 illustris
1127 2624 1162 2670 J
1166 2624 1350 2672 ohanne
1374 2624 1531 2687 regine
1553 2625 1775 2673 moderno
1793 2607 2146 2675 antecessorum
2171 2630 2221 2674 ct
2245 2641 2432 2674 succes-

488 2728 621 2760 orum
663 2728 854 2760 suorum
892 2728 949 2760 ac
985 2729 1073 2776 pro
1109 2713 1289 2762 salubri
1327 2717 1376 2762 et
1414 2730 1642 2778 prospero
1683 2718 1817 2763 statu
1858 2715 2104 2764 reuerendi
2145 2715 2193 2763 in
2237 2714 2430 2762 Christo

485 2802 638 2865 patris
674 2801 900 2865 Episcopi
937 2802 1274 2852 Brechinensis
1297 2802 1502 2866 predicti
1538 2807 1587 2851 et
1623 2819 1813 2852 suorum
1864 2819 2189 2852 successorum
2229 2803 2309 2867 qui
2346 2819 2432 2866 pro

484 2895 701 2954 tempore
724 2890 901 2939 fuerint
926 2895 974 2939 et
998 2908 1084 2955 pro
1106 2891 1260 2940 salute
1284 2892 1547 2940 animarum
1571 2894 1830 2941 eorundem
1870 2908 1978 2940 cum
2015 2908 2098 2942 eos
2119 2892 2179 2942 ab
2204 2892 2294 2940 hac
2325 2891 2431 2939 luce

483 2980 684 3043 migrare
723 2979 976 3043 contigerit
1012 2996 1196 3028 necnon
1232 2997 1318 3044 pro
1355 2980 1509 3029 salute
1548 2981 1704 3029 anime
1743 2998 1847 3029 mee
1889 2981 2248 3045 anImarumque
2278 2981 2431 3044 patris

483 3069 577 3116 mei
600 3072 651 3117 et
675 3068 843 3117 matris
866 3084 971 3117 mee
1009 3069 1209 3118 fratrum
1233 3074 1282 3118 et
1306 3086 1516 3119 sororum
1555 3086 1612 3118 ac
1651 3074 2004 3120 antecessorum
2031 3074 2081 3119 et
2105 3085 2429 3129 successorum

483 3173 692 3206 meorum
718 3162 767 3206 et
791 3159 997 3207 omnium
1021 3159 1227 3207 fidelium
1263 3159 1590 3207 defunctorum
1628 3162 1758 3208 totas
1796 3163 1846 3207 et
1883 3159 2092 3223 integras
2114 3163 2271 3208 terras
2298 3175 2429 3208 meas

483 3251 533 3295 et
556 3263 738 3296 annuos
762 3248 976 3296 redditus
999 3248 1291 3312 subscriptos
1309 3263 1416 3296 cum
1439 3247 1746 3312 pertinenciis
1763 3248 2129 3318 jacentes-infra
2155 3248 2351 3311 burgum
2373 3250 2432 3296 de

486 3337 733 3386 Monrosse
758 3337 977 3386 videlicet
1002 3339 1237 3401 quoddam
1263 3353 1418 3386 meum
1444 3341 1598 3385 totum
1634 3341 1960 3386 tenementum
1986 3353 2091 3386 cum
2118 3337 2426 3401 pertinenciis
