3016 3958
1076 657 1369 713 GARTAE
1417 658 1915 716 ORIGINALES.
2355 669 2460 723 199

515 849 711 912 antiquo
752 847 1023 912 pertinente
1066 852 1115 895 et
1159 849 1217 896 de
1259 851 1535 897 tenemento
1576 865 1682 896 cum
1721 854 1827 898 orto
1865 852 2031 900 horreo
2070 857 2119 901 et
2156 854 2456 917 pertinentiis

513 942 786 1000 nuncupato
829 936 1038 985 Thoulas
1079 935 1191 985 land
1233 936 1354 986 alias
1401 938 1703 1002 Dempstaris
1743 940 1935 1001 jacente
1977 957 2037 989 ex
2080 947 2215 1006 parte
2257 945 2452 992 australi

515 1027 796 1075 Brechinen.
834 1028 960 1076 inter
981 1030 1136 1075 terras
1172 1027 1230 1075 de
1265 1027 1444 1075 haucht
1480 1028 1539 1075 de
1577 1028 1857 1076 Brechinen.
1894 1031 1954 1077 ad
1980 1031 2273 1079 occidentem
2298 1049 2453 1080 acram

512 1121 638 1165 terre
663 1117 881 1166 arrabilis
904 1120 1226 1180 nuncupatam
1252 1116 1551 1165 Cokburnnis
1585 1117 1691 1164 akir
1725 1118 1786 1165 ad
1821 1123 2033 1166 austrum
2058 1136 2254 1183 paruum
2280 1121 2453 1169 molen-

513 1206 673 1254 dinum
700 1207 1021 1255 Brechinense
1057 1207 1119 1254 ad
1154 1206 1347 1254 boream
1383 1210 1432 1254 et
1468 1221 1761 1254 communem
1787 1207 1907 1255 viam
1934 1213 2142 1257 nostram
2171 1210 2453 1258 descenden-

511 1301 608 1344 tem
633 1297 694 1344 ad
721 1296 881 1360 mykle
905 1295 1064 1359 mylne
1100 1297 1158 1343 de
1200 1295 1408 1343 Brechin
1442 1296 1504 1343 ad
1540 1295 1770 1343 orientem
1800 1312 1981 1344 necnon
2007 1299 2064 1345 de
2088 1299 2229 1346 terris
2253 1303 2301 1346 et
2325 1303 2454 1347 tene-

511 1386 684 1434 mentis
722 1379 1008 1449 nuncupatis
1047 1385 1302 1433 Baxstaris
1339 1384 1496 1433 landis
1535 1400 1641 1432 cnm
1680 1385 1882 1448 quadam
1922 1401 2034 1433 acra
2071 1392 2197 1434 terre
2235 1388 2451 1436 a-rrabilis

513 1474 690 1523 eisdem
729 1478 979 1538 spectante
1015 1491 1121 1522 cum
1159 1474 1462 1538 pertinentiis
1493 1474 1769 1536 jacentibus
1805 1490 1866 1522 ex
1901 1480 2036 1538 parte
2072 1476 2290 1524 orientali
2328 1478 2452 1525 dicte

514 1564 740 1613 Ciuitatis
774 1564 901 1612 inter
935 1568 1091 1612 terras
1128 1563 1321 1626 Georgii
1346 1564 1568 1611 Fentoun
1602 1564 1663 1610 ad
1699 1567 1910 1612 austrum
1934 1567 2088 1612 terras
2113 1565 2346 1628 capellani
2388 1568 2445 1614 de

513 1653 692 1702 Calden
717 1655 778 1701 ad
802 1654 994 1702 boream
1019 1669 1178 1701 acram
1203 1657 1330 1701 terre
1355 1651 1574 1700 arrabilis
1598 1651 1947 1715 capellanorum
1979 1653 2366 1702 Brechinensium
2391 1657 2449 1702 ad

511 1744 742 1791 orientem
767 1747 815 1791 et
840 1759 1138 1791 communem
1162 1742 1287 1790 viam
1311 1746 1523 1790 nostram
1548 1742 1608 1788 ad
1640 1741 1935 1788 occidentem
1959 1757 2141 1789 necnon
2166 1743 2223 1790 de
2249 1745 2448 1807 quodam

507 1836 783 1880 tenemento
807 1848 913 1879 cum
938 1835 1044 1879 orto
1069 1835 1118 1879 et
1142 1831 1312 1879 horreo
1342 1846 1451 1878 cum
1476 1829 1777 1893 pertinentiis
1800 1834 2070 1893 nuncupato
2095 1830 2312 1880 Alesonis
2337 1832 2446 1879 land

497 1923 692 1984 jacente
734 1938 797 1970 ex
838 1919 1058 1969 orientali
1099 1924 1238 1984 parte
1283 1919 1510 1967 Ciuitatis
1553 1919 1887 1967 Brechinensis
1929 1919 2052 1967 inter
2092 1924 2245 1969 terras
2283 1922 2446 1969 Sancti

503 2012 678 2059 Jacobi
713 2012 773 2059 ad
809 2014 1025 2059 austrum
1059 2014 1214 2058 terras
1247 2012 1547 2072 nuncupatas
1583 2007 1759 2056 Skallis
1793 2008 1947 2056 landis
1979 2009 2039 2055 ad
2076 2009 2264 2057 boream
2288 2027 2444 2058 acram

503 2105 631 2149 terre
655 2099 873 2149 arrabilis
898 2100 1015 2149 dicti
1041 2099 1255 2163 magistri
1287 2098 1521 2146 Willelmi
1547 2097 1786 2146 Meldrum
1810 2100 1869 2146 ad
1895 2099 2123 2146 orientem
2150 2115 2441 2147 communem

505 2191 628 2238 viam
652 2194 862 2239 nostram
888 2191 948 2238 ad
974 2189 1272 2238 occidentem
1297 2192 1346 2237 et
1372 2189 1430 2236 de
1455 2187 1769 2252 quadraginta
1792 2186 1956 2236 solidis
1979 2188 2122 2235 annui
2148 2188 2360 2236 redditus
2386 2190 2442 2235 de

504 2280 645 2329 terris
667 2279 952 2344 nuncupatis
971 2278 1148 2327 Skallis
1165 2277 1277 2326 land
1294 2277 1566 2340 jacentibus
1584 2276 1709 2324 inter
1725 2281 1879 2325 terras
1901 2281 2196 2339 nuncupatas
2219 2276 2440 2325 Alesonis

505 2370 659 2418 landis
682 2371 742 2417 ad
767 2373 978 2418 austrum
997 2373 1153 2417 terras
1170 2371 1472 2430 nuncupatas
1497 2366 1707 2415 Thoulas
1729 2365 1884 2414 landis
1907 2366 1967 2412 ad
1994 2366 2181 2413 boream
2208 2366 2437 2428 quandam

504 2475 662 2508 acram
685 2463 812 2508 terre
835 2458 1053 2507 arrabilis
1077 2457 1290 2520 magistri
1329 2454 1561 2503 Willelmi
1599 2454 1837 2502 Meldrum
1873 2454 1931 2501 ad
1970 2454 2197 2501 orientem
2233 2458 2281 2501 et
2315 2469 2438 2501 com-

504 2566 693 2597 munem
716 2549 840 2597 viam
864 2552 1076 2597 nostram
1104 2548 1165 2595 ad
1202 2546 1498 2593 occidentem
1536 2571 1547 2582 ·
1587 2571 1597 2581 -
1637 2571 1648 2581 ·
1686 2543 1836 2590 Vobis
1861 2541 2144 2605 precipimus
2182 2569 2191 2579 ·
2231 2569 2241 2579 ·
2280 2570 2290 2579 ·
2327 2558 2438 2604 qua-

503 2643 644 2686 tenus
690 2638 843 2686 eidem
890 2638 1117 2700 magistro
1170 2636 1348 2683 Thome
1399 2661 1409 2671 ·
1454 2659 1466 2672 ·
1512 2660 1521 2670 -
1569 2631 1792 2680 saisinam
1843 2630 2159 2694 predictarum
2205 2634 2434 2678 terrarum

502 2731 881 2775 tenementorum
919 2730 968 2774 et
1010 2725 1153 2773 annui
1195 2723 1408 2771 redditus
1449 2737 1554 2769 cum
1597 2720 1715 2768 ortis
1751 2719 1931 2767 horreis
1969 2718 2223 2766 antedictis
2255 2723 2303 2766 et
2340 2720 2436 2767 suis

504 2816 804 2881 pertinentiis
850 2816 974 2864 iuste
1021 2813 1185 2862 haberi
1232 2811 1420 2859 faciatis
1459 2838 1467 2847 ·
1509 2838 1518 2847 ·
1559 2837 1569 2847 ·
1606 2809 1786 2856 Datum
1833 2807 1919 2855 sub
1966 2806 2240 2855 testimonio
2286 2809 2434 2855 nostri

504 2906 662 2968 magni
686 2905 827 2968 sigilli
850 2905 976 2968 apud
1004 2901 1302 2964 Edinburght
1340 2903 1509 2963 quarto
1546 2898 1622 2945 die
1657 2896 1831 2944 mensis
1865 2896 1898 2941 J
1903 2895 2085 2943 anuarii
2120 2912 2242 2943 anno
2262 2897 2435 2944 domini

505 2995 754 3043 millesimo
793 2992 1169 3058 quingentesimo
1205 2988 1561 3054 quadragesimo
1597 2994 1768 3034 octauo
1804 2988 1852 3032 et
1888 2983 2018 3046 regni
2052 2984 2200 3032 nostri
2236 2985 2435 3047 septimo

506 3086 622 3133 Post
640 3084 963 3148 cuiusquidem
982 3081 1196 3146 precepti
1234 3107 1245 3118 ω
1284 3107 1294 3117 ·
1334 3106 1344 3116 ·
1374 3076 1743 3141 publicationem
1769 3073 1981 3136 prefatus
2001 3072 2222 3134 magister
2242 3073 2434 3134 Georgi-

505 3190 561 3222 us
597 3173 836 3221 Meldrum
871 3174 1143 3220 attornatus
1177 3166 1391 3231 magistri
1428 3165 1606 3213 Thome
1634 3161 1872 3209 Meldrum
1899 3162 1957 3207 de
1995 3160 2121 3222 Segy
2145 3160 2246 3209 eius
2282 3161 2430 3224 patris

507 3264 707 3311 eundem
723 3263 963 3310 Andream
981 3259 1253 3307 Henrisoun
1277 3253 1603 3304 vicecomitem
1629 3252 1687 3298 de
1712 3250 1752 3298 F
1756 3250 1883 3298 orfar
1921 3277 1930 3286 ·
1970 3277 1979 3286 ·
2017 3275 2028 3286 ·
2064 3248 2308 3311 requisiuit
2325 3265 2435 3311 qua-

506 3352 727 3400 tennsad
768 3379 778 3390 ·
818 3378 828 3388 ·
867 3379 877 3389 ·
898 3348 1226 3397 executionem
1250 3342 1515 3393 huiusmodi
1540 3338 1750 3404 precepti
1774 3337 2050 3401 procederet
2086 3363 2097 3374 ·
2138 3363 2148 3373 ·
2184 3364 2194 3373 ·
2230 3340 2277 3384 et
2315 3364 2325 3373 ·
2368 3364 2377 3373 ·
2422 3365 2432 3374 ·

507 3442 748 3506 predictus
771 3441 1033 3489 vicecomes
1059 3439 1116 3484 de
1142 3435 1311 3484 Forfar
1347 3461 1357 3472 ·
1397 3461 1406 3470 ·
1447 3460 1455 3469 ·
1493 3430 1691 3478 eundem
1715 3426 1987 3489 magistrum
2015 3423 2263 3487 Georgium
2289 3428 2435 3471 attor-
