3016 3958
1078 641 1371 696 CARTAE
1422 640 1921 695 ORIGINALES.
2400 643 2470 697 81

521 834 674 878 tarum
724 830 1143 894 perambulationis
1179 835 1229 879 ct
1267 829 1602 878 declarationis
1648 846 1733 893 per
1770 858 1780 868 ·
1820 858 1829 867 -
1870 857 1880 867 ·
1918 829 2228 878 Vicecomitis
2269 831 2466 893 deputa-

521 924 623 967 tum
648 924 697 967 et
722 920 875 968 dictos
898 919 1080 968 nobiles
1116 920 1241 968 inter
1275 920 1514 983 predictas
1549 923 1704 968 terras
1739 919 1919 982 positas
1944 935 2028 966 seu
2063 919 2234 982 posita,
2258 919 2467 968 abstule-

522 1013 631 1057 runt
665 1025 748 1057 seu
783 1010 1120 1058 destruxerunt
1159 1038 1168 1047 ·
1208 1037 1218 1047 ·
1259 1037 1268 1047 ·
1307 1009 1494 1058 Dantes
1531 1037 1540 1047 ·
1581 1037 1591 1047 ·
1630 1036 1640 1046 ·
1677 1009 1852 1057 eisdem
1881 1008 2055 1056 nostris
2079 1009 2465 1071 procuratoribus

521 1103 806 1151 coniunctim
849 1107 899 1151 et
940 1103 1129 1151 diuisim
1169 1131 1179 1141 ·
1219 1131 1229 1140 -
1268 1129 1278 1141 ·
1315 1106 1604 1166 potestatem
1646 1130 1656 1140 ·
1696 1131 1706 1140 ·
1746 1130 1755 1139 -
1793 1103 1852 1149 ad
1896 1103 2259 1165 comparendum
2304 1118 2461 1150 coram

520 1207 738 1255 supremo
762 1191 951 1240 domino
973 1195 1137 1240 nostro
1163 1191 1297 1254 Rege
1333 1191 1434 1239 eius
1469 1190 1666 1239 consilio
1700 1206 1782 1240 seu
1819 1191 2057 1239 officiariis
2089 1192 2462 1255 quibuscumque

524 1310 534 1319 ·
573 1309 583 1319 ·
623 1310 634 1319 ·
669 1297 755 1344 pro
791 1281 927 1329 nobis
964 1308 975 1319 ·
1013 1308 1024 1318 ·
1063 1307 1073 1318 ·
1109 1281 1169 1327 ad
1208 1281 1463 1344 petendum
1501 1281 1734 1344 prefatum
1773 1281 2046 1328 Johannem
2084 1282 2141 1328 de
2178 1280 2346 1328 Culass
2380 1297 2463 1328 seu

520 1385 838 1433 quoscumque
872 1368 992 1417 alios
1025 1369 1087 1416 ad
1122 1368 1501 1417 obseruationem
1527 1369 1706 1416 decreti
1731 1370 2020 1432 prefatamm
2046 1369 2464 1434 perambulationis

519 1463 568 1507 et
605 1458 940 1506 declarationis
963 1456 1317 1521 compellendos
1345 1458 1446 1505 fore
1485 1485 1495 1495 ·
1536 1485 1546 1495 ·
1585 1486 1596 1495 ·
1633 1459 1766 1506 etad
1792 1460 2046 1522 petendum
2073 1461 2317 1507 emendam
2354 1475 2465 1508 con-

518 1548 706 1611 dignam
745 1547 803 1595 de
842 1546 1195 1595 destruentibus
1231 1562 1315 1595 seu
1351 1546 1677 1595 auferentibus
1712 1547 1845 1610 signa
1867 1552 2022 1596 metas
2046 1564 2130 1596 seu
2155 1547 2333 1597 limites
2355 1564 2463 1612 pre-

515 1638 618 1686 fata
654 1665 665 1675 ·
703 1637 899 1685 Necnon
937 1636 978 1686 si
1014 1651 1207 1684 necesse
1244 1636 1389 1684 fuerit
1429 1636 1490 1683 ad
1526 1637 1760 1698 agendum
1785 1653 1871 1700 pro
1895 1636 2032 1684 nobis
2067 1641 2115 1685 et
2151 1637 2367 1701 predicta
2390 1653 2466 1685 ec-

516 1725 660 1775 clesia
683 1726 731 1773 in
755 1741 900 1773 causa
936 1752 947 1762 ·
986 1753 996 1763 ·
1035 1752 1046 1763 ·
1085 1725 1264 1773 Ratum
1287 1728 1474 1787 gratum
1499 1728 1646 1788 atque
1670 1725 1853 1772 firmum
1891 1725 2122 1774 habentes
2160 1754 2169 1763 ·
2209 1754 2218 1763 ·
2260 1755 2269 1764 ·
2304 1730 2459 1774 totum

516 1825 565 1868 et
589 1820 810 1884 quicquid
846 1835 932 1883 per
967 1818 1122 1866 dictos
1145 1821 1477 1882 procuratores
1500 1821 1691 1866 nostros
1728 1846 1737 1855 ·
1778 1846 1787 1855 -
1827 1846 1837 1855 ·
1872 1822 2057 1881 gestum
2093 1818 2237 1867 fuerit
2273 1819 2318 1866 in
2355 1835 2460 1882 pre-

515 1909 671 1958 missis
708 1937 718 1947 ·
757 1937 768 1946 ·
806 1936 816 1946 ·
852 1908 938 1956 sub
976 1907 1214 1971 ypotheca
1238 1910 1300 1954 et
1341 1905 1629 1970 obligatione
1672 1906 1880 1954 omnium
1921 1907 2147 1955 bonorum
2190 1911 2455 1956 nostrorum

513 2028 524 2037 ·
562 2027 572 2037 ·
611 2026 622 2036 ·
660 1999 718 2046 In
745 2013 942 2062 quorum
966 1995 1172 2043 omnium
1209 1999 1258 2043 et
1295 1994 1583 2058 singulorum
1619 1995 1758 2043 fidem
1784 1986 1832 2043 et
1858 1996 2182 2044 testimonium
2207 1997 2456 2060 premisso-

506 2104 612 2136 rum
651 2090 897 2151 presentes
932 2085 1097 2133 literas
1132 2083 1285 2147 sigillo
1321 2085 1558 2131 communi
1594 2084 1790 2147 capituli
1826 2085 1976 2133 nostri
2010 2085 2211 2133 fecimus
2243 2085 2453 2132 roborari

505 2177 631 2240 apud
656 2176 903 2224 ciuitatem
928 2173 1294 2221 Brechinensem
1321 2173 1446 2233 xvjta-
1484 2172 1560 2220 die
1596 2173 1770 2222 mensis
1806 2173 2085 2222 Decembris
2108 2189 2232 2221 anno
2257 2173 2452 2222 Domini

505 2265 758 2314 millesimo
783 2261 1248 2328 quadringentesimo
1273 2261 1659 2325 quinqua-gesimo
1699 2290 1708 2299 -

509 2467 880 2512 Instrumentum
918 2462 976 2508 de
1014 2461 1324 2509 Institutione
1362 2461 1542 2508 domini
1564 2460 1761 2508 Henrici
1788 2461 2021 2509 Falconer
2055 2461 2102 2508 in
2139 2460 2447 2524 capellaniam

509 2556 684 2602 Sancte
710 2551 877 2599 Crucis
903 2551 960 2597 de
988 2549 1210 2597 Montros
1245 2577 1256 2587 ·

311 2711 495 2758 XLIV.
521 2677 599 2758 In
641 2708 830 2757 nomine
873 2704 1068 2754 Domini
1111 2705 1270 2751 Amen
1309 2732 1319 2742 ·
1359 2731 1369 2742 ·
1409 2732 1418 2742 ·
1455 2708 1621 2767 pateat
1668 2704 1915 2752 euidenter
1955 2706 2077 2768 quod
2121 2722 2244 2753 anno
2288 2706 2450 2753 Incar-

510 2799 715 2848 nationis
753 2794 1004 2843 Dominice
1043 2792 1299 2841 secundum
1336 2807 1522 2840 cursum
1561 2795 1611 2840 et
1649 2792 2050 2856 computationem
2075 2792 2274 2841 ecclesie
2300 2793 2453 2840 Scoti-

508 2906 625 2939 cane
667 2885 916 2935 millesimo
957 2881 1423 2946 quadringentesimo
1465 2881 1852 2944 quinquagesimo
1894 2881 1970 2928 die
2013 2881 2237 2930 vicesima
2277 2882 2452 2929 mensis

506 2976 726 3027 Januarii
775 2971 1045 3022 Indictione
1093 2970 1278 3017 decima
1324 2973 1495 3033 quarta
1544 2969 1857 3018 Pontificatus
1901 2998 1911 3008 ·
1955 2998 1966 3009 ·
2011 2998 2022 3008 ·
2067 2970 2287 3018 Nicholai
2333 2998 2343 3008 ·
2389 2999 2398 3008 -
2440 2999 2450 3007 ·

505 3083 626 3134 pape
675 3062 830 3128 quinti
876 3075 1000 3108 anno
1049 3062 1221 3122 quarto
1260 3086 1269 3096 ·
1310 3086 1319 3095 ·
1359 3085 1369 3095 ·
1406 3057 1720 3120 personaliter
1766 3058 2054 3106 constitutus
2101 3058 2334 3107 discretus
2381 3060 2451 3106 vir

508 3155 724 3207 dominus
765 3150 1004 3198 Henricus
1045 3147 1280 3195 Falconer
1319 3145 1596 3209 capellanus
1637 3146 1813 3194 Sancte
1856 3146 2110 3195 Trinitatis
2150 3147 2197 3194 in
2247 3147 2451 3195 ecclesia

506 3240 765 3310 parochiali
801 3240 858 3286 de
897 3231 1116 3284 Montros
1148 3235 1375 3299 quasdam
1400 3233 1565 3282 literas
1601 3238 1822 3296 patentes
1857 3235 1904 3282 in
1942 3251 2226 3298 pergameno
2250 3237 2452 3299 scriptas

507 3347 702 3397 quarum
727 3344 821 3376 una
844 3341 954 3374 cera
976 3323 1087 3372 alba
1111 3322 1275 3386 Sigillo
1299 3322 1534 3370 communi
1574 3323 1707 3383 burgi
1744 3324 1802 3370 de
1841 3323 2068 3371 Montros
2091 3324 2327 3387 pendente
2352 3328 2454 3371 erat

1488 3409 1508 3455 l
