3016 3958
363 917 497 966 CIV.

519 610 628 664 166
1064 604 1355 663 CARTAE
1401 606 1903 664 ORIGINALES.

531 878 716 960 Carta
741 927 966 960 concessa
989 927 1073 975 per
1097 911 1276 959 dictum
1313 910 1598 973 Magistrum
1635 908 1886 972 Hugonem
1912 909 2171 973 Dowglace
2195 927 2281 975 pro
2305 911 2463 962 salute

518 1000 704 1049 animae
740 1016 853 1050 suae
889 1005 938 1048 et
973 1000 1235 1048 animarum
1283 998 1495 1047 omnium
1541 996 1749 1046 fidelium
1796 998 2125 1048 defunctorum
2173 1005 2367 1049 sanctae
2413 1006 2462 1049 et

518 1089 787 1137 individuae
815 1088 1040 1136 Trinitati
1064 1103 1122 1136 ac
1145 1086 1405 1151 capellanis
1429 1086 1652 1135 choristis
1675 1090 1725 1134 et
1749 1087 2020 1136 communia
2043 1088 2384 1153 recipientibus
2414 1090 2463 1137 in

519 1178 663 1226 choro
710 1177 940 1226 ecclesiae
989 1174 1277 1225 cathedralis
1327 1175 1662 1223 Brechinensis
1711 1174 1870 1223 divina
1915 1176 2071 1224 officia
2116 1177 2466 1227 celebrantibus

519 1266 791 1315 antedictae
831 1266 983 1329 partis
1031 1264 1236 1329 praefati
1282 1263 1548 1312 tenementi
1587 1291 1598 1302 ·
1636 1263 1904 1326 Reddendo
1939 1265 2184 1314 annuatim
2219 1267 2465 1330 praedicto

521 1355 765 1403 Richardo
803 1353 987 1417 Turing
1021 1353 1187 1416 viginti
1211 1356 1321 1401 octo
1357 1351 1577 1400 denarios
1610 1338 1830 1400 monetae
1866 1352 2059 1401 Scotiae
2094 1355 2283 1403 nomine
2317 1355 2466 1403 feodi-

518 1443 682 1491 firmae
720 1457 778 1490 ac
813 1442 959 1490 etiam
995 1441 1185 1490 domino
1228 1439 1482 1504 temporali
1531 1437 1843 1488 Brechinensi
1878 1440 2044 1504 viginti
2078 1442 2298 1491 denarios
2331 1459 2468 1507 prae-

518 1533 650 1580 fatae
683 1535 906 1580 monetae
940 1529 1130 1579 nomine
1165 1529 1310 1577 annui
1345 1528 1559 1577 redditus
1596 1555 1606 1566 ·
1644 1528 1796 1583 Quem
1831 1543 2039 1576 annuum
2076 1530 2314 1578 redditum
2350 1531 2467 1579 dicti

521 1618 756 1683 capellani
795 1618 895 1684 [in]
934 1618 1279 1682 possessionem
1310 1617 1487 1665 habent
1511 1616 1877 1665 haereditariam
1901 1633 1963 1665 ex
2000 1619 2256 1667 donatione
2289 1620 2419 1682 regia
2455 1648 2466 1658 ·

522 1709 718 1757 Necnon
753 1708 971 1756 faciendo
1005 1722 1092 1771 pro
1122 1706 1281 1755 anima
1305 1721 1391 1754 sua
1425 1709 1474 1754 et
1508 1708 1759 1769 parentum
1794 1721 1985 1754 suorum
2020 1707 2244 1771 suffragia
2277 1713 2326 1756 et
2363 1724 2468 1756 ora-

519 1797 678 1845 tiones
702 1797 899 1844 devotas
922 1796 1181 1844 secundum
1207 1798 1420 1842 tenorem
1455 1797 1617 1841 cartae
1654 1809 1767 1842 suae
1800 1794 2094 1843 fundationis
2127 1796 2355 1859 praefatis
2389 1813 2467 1846 ca—

522 1884 724 1949 pellanis
757 1885 888 1948 prius
910 1884 1066 1932 factae
1105 1911 1115 1920 ·
1153 1883 1285 1930 Data
1308 1882 1395 1931 sub
1418 1881 1573 1944 sigillo
1597 1896 1683 1929 suo
1719 1883 1846 1945 apud
1883 1882 2139 1932 Civitatem
2179 1885 2470 1933 Brechinen-

523 1990 622 2022 sem
659 1973 867 2022 secundo
898 1972 974 2019 die
1013 1971 1187 2019 mensis
1223 1971 1258 2017 J
1263 1969 1345 2017 ulii
1381 1985 1506 2017 anno
1553 1969 1748 2017 Domini
1796 1970 2046 2019 millesimo
2094 1972 2482 2036 quingentesimo·

525 2062 804 2110 duodecimo
839 2076 996 2109 coram
1034 2060 1109 2108 his
1143 2060 1348 2107 testibus
1385 2058 1632 2121 Magistris
1665 2058 1876 2106 Patricio
1912 2059 2127 2123 Carnegy
2165 2065 2213 2109 et
2246 2062 2281 2108 J
2285 2062 2468 2110 ohanne

526 2151 664 2198 Weir
697 2149 898 2197 notariis
933 2147 1134 2212 publicis
1169 2148 1203 2194 J
1207 2148 1392 2196 ohanne
1431 2147 1704 2194 Hatmakar
1747 2146 1971 2196 Johanne
2020 2150 2201 2197 Gardin
2247 2151 2279 2197 J
2285 2152 2469 2200 ohanne

526 2239 647 2286 Lam
681 2238 716 2286 J
720 2238 905 2286 ohanne
931 2237 1031 2284 Cob
1055 2237 1088 2283 J
1094 2237 1278 2284 ohanne
1304 2235 1574 2298 Burnesyid
1607 2235 1642 2282 J
1646 2235 1831 2284 ohanne
1857 2238 2039 2286 Gardin
2073 2239 2106 2285 J
2111 2239 2295 2288 ohanne
2322 2241 2470 2288 Web-

442 2318 445 2319 ⁷
525 2330 625 2375 ster
647 2330 697 2374 et
723 2324 982 2373 Malcolmo
1008 2325 1213 2372 Annand
1238 2339 1344 2372 cum
1370 2323 1566 2373 diversis
1589 2323 1697 2373 aliis
1735 2353 1745 2362 ·

398 2866 500 2912 CV.

528 2614 674 2662 Carta
697 2613 1065 2662 confirmationis
1087 2608 1379 2661 fundationis
1404 2612 1625 2676 Magistri
1651 2613 1858 2662 Gilberti
1883 2615 2190 2665 Strathachin
2225 2633 2311 2681 per
2346 2619 2470 2667 Wil-

524 2702 715 2751 lelmum
742 2702 1031 2766 Episcopum
1056 2701 1427 2750 Brechinensem
1466 2730 1475 2740 ·

537 2826 807 2906 Omnibus
845 2858 967 2905 hanc
1008 2861 1189 2906 cartam
1235 2857 1404 2907 visuris
1450 2857 1525 2906 vel
1571 2859 1804 2907 audituris
1852 2859 2122 2910 Willelmus
2161 2862 2464 2913 miseratione

527 2946 689 2993 diuina
730 2945 996 3009 Episcopus
1039 2939 1374 2994 Brechinensis
1415 2945 1616 2994 salutem
1658 2974 1668 2984 ·
1706 2974 1718 2985 ·
1756 2974 1766 2985 ·
1805 2947 2047 2996 Noueritis
2080 2965 2166 2997 nos
2213 2953 2463 3014 quamdam

527 3043 708 3082 cartam
731 3033 1011 3082 venerabilis
1034 3034 1195 3083 fratris
1217 3033 1368 3082 nostri
1403 3033 1451 3080 in
1489 3033 1649 3083 Cristo
1675 3033 1881 3082 Gilberti
1906 3035 2214 3084 Strathachin
2249 3041 2464 3088 canonici

528 3127 688 3171 nostre
712 3121 910 3171 ecclesie
934 3121 1221 3170 cathedralis
1246 3122 1580 3170 Brechinensis
1617 3149 1628 3159 ·
1667 3149 1678 3160 ·
1717 3150 1727 3159 -
1761 3123 1823 3169 ad
1847 3121 2036 3186 plenum
2061 3123 2353 3175 intellexisse
2376 3130 2463 3176 sub

528 3213 619 3260 hac
649 3211 800 3259 forma
836 3227 926 3274 que
965 3210 1178 3274 sequitur
1214 3238 1225 3248 ·
1261 3209 1494 3258 Omnibus
1528 3209 1651 3257 hanc
1691 3213 1872 3258 cartam
1911 3211 2079 3260 visuris
2121 3212 2192 3260 vel
2231 3216 2462 3266 audituris

530 3300 772 3349 Gilbertus
811 3299 1116 3348 Strathachin
1154 3298 1408 3358 canonicus
1442 3296 1641 3346 ecclesie
1681 3298 1968 3348 cathedralis
2008 3300 2341 3352 Brechinensis
2385 3320 2459 3353 sa-
