3016 3958
353 1835 563 1886 CLXII.

1150 652 1444 707 OARTAE
1489 653 1990 710 ORIGINALES.
2443 665 2551 719 231

599 843 889 907 pauperibus
926 843 974 890 in
1015 860 1071 891 eo
1110 842 1283 892 locatis
1321 847 1370 891 et
1408 843 1624 893 locandis
1661 861 1891 893 summam
1931 861 2018 895 sex
2058 847 2313 897 solidorum
2352 856 2401 899 et
2441 858 2548 902 octo

599 933 925 982 denariorum:
965 933 1171 982 acetiam
1202 934 1490 982 reservando
1528 932 1715 982 ballivis
1750 937 1799 982 et
1835 935 2106 985 consulibus
2143 937 2300 987 dictae
2326 939 2545 991 Civitatis

598 1024 762 1072 domos
801 1027 850 1072 et
888 1024 1107 1072 aedificia
1146 1040 1209 1072 ex
1246 1026 1384 1087 parte
1421 1022 1642 1072 orientali
1680 1023 1888 1085 ejusdem
1914 1030 2189 1074 constructa
2223 1043 2280 1075 ac
2315 1029 2543 1078 venellam

595 1129 679 1162 seu
704 1114 952 1162 introitum
977 1118 1027 1162 et
1052 1115 1239 1162 exitum
1263 1114 1324 1160 ad
1351 1112 1535 1177 reliqua
1559 1113 1686 1161 horti
1724 1113 1909 1177 collegii
1934 1119 1984 1162 et
2008 1116 2198 1164 domum
2223 1115 2353 1165 illam
2378 1118 2425 1165 in
2452 1135 2543 1182 qua

593 1204 627 1250 J
632 1220 809 1252 oannes
847 1203 1037 1252 Liddell
1071 1203 1259 1252 habitat
1299 1231 1309 1241 ·
1349 1202 1574 1251 Testibus
1609 1203 1641 1250 J
1647 1219 1798 1251 oanne
1838 1203 2057 1268 Ramsay
2082 1207 2405 1256 commissario
2432 1209 2547 1256 Bre—

594 1294 806 1342 chinensi
847 1295 1062 1342 Roberto
1102 1293 1280 1342 Rollok
1319 1293 1421 1341 cive
1462 1292 1638 1340 ibidem
1680 1293 1895 1342 Roberto
1932 1294 2126 1357 Vymiss
2161 1296 2209 1343 in
2245 1296 2388 1345 Ower
2432 1298 2543 1345 Pet-

594 1384 755 1447 forthy
777 1384 812 1431 J
815 1384 966 1432 acobo
993 1383 1223 1432 Maliford
1243 1382 1343 1450 [in]
1374 1382 1583 1430 Brechin
1609 1383 1810 1445 degente
1830 1382 2108 1433 Alexandro
2134 1385 2292 1435 Leslie
2317 1386 2543 1435 officiario

592 1474 767 1521 ibidem
812 1472 912 1540 [et]
960 1474 1144 1522 Thoma
1186 1474 1400 1536 Ramsay
1448 1472 1678 1521 servitore
1728 1471 1941 1521 Villelmi
1991 1474 2202 1537 Ramsay
2248 1476 2422 1524 notarii
2464 1504 2474 1514 ·
2511 1478 2541 1523 8

594 1564 763 1612 Martii
789 1565 919 1612 1598
959 1592 970 1602 ·

599 1804 996 1883 Instrumentum
1022 1834 1226 1882 saisinae
1250 1850 1395 1898 super
1430 1838 1566 1881 carta
1602 1849 1828 1883 concessa
1862 1850 1948 1897 per
1984 1834 2227 1882 Andream
2254 1835 2366 1898 Hay
2391 1836 2538 1884 civem

591 1925 814 1974 Civitatis
851 1924 1187 1973 Brechinensis
1223 1940 1330 1972 cum
1366 1939 1599 1972 consensu
1624 1924 1847 1971 Andreae
1875 1923 2003 1970 Wod
2030 1922 2142 1971 olim
2179 1924 2456 1987 portionarii
2482 1927 2538 1972 de

590 2016 753 2065 Eister
777 2015 1037 2064 Drvvmmis
1059 2015 1093 2062 J
1097 2014 1239 2063 oanni
1266 2014 1426 2062 Smart
1451 2014 1671 2062 servitori
1695 2013 1730 2060 J
1733 2013 1871 2061 acobi
1895 2013 2112 2077 magistri
2138 2014 2196 2062 de
2222 2013 2389 2077 Ogilvy
2414 2014 2539 2063 illius

587 2106 714 2154 horti
757 2122 864 2153 cum
906 2104 1210 2169 pertinentiis
1245 2104 1457 2167 jacentis
1499 2103 1624 2151 infra
1665 2102 1924 2152 Civitatem
1966 2104 2260 2167 praedictam
2303 2120 2363 2151 ex
2405 2108 2539 2168 parte

585 2195 871 2244 occidentali
896 2195 1113 2257 ejusdem,
1134 2198 1183 2242 et
1207 2211 1270 2242 ex
1295 2198 1431 2257 parte
1457 2192 1655 2241 australi
1695 2192 1949 2243 exterioris
1973 2193 2221 2243 clausurae
2244 2193 2412 2258 palatii
2437 2195 2534 2243 sive

585 2286 843 2335 mansionis
867 2285 1077 2349 episcopi
1105 2283 1441 2332 Brechinensis
1477 2282 1603 2330 inter
1635 2283 1801 2331 hortos
1835 2298 1948 2331 suos
1982 2287 2032 2331 et
2068 2287 2222 2332 terras
2246 2283 2535 2347 capellaniae

584 2377 788 2425 nominis
824 2377 946 2425 Jesu
983 2377 1045 2423 ad
1083 2375 1305 2423 occidens
1344 2377 1393 2421 et
1432 2377 1647 2422 austrum
1684 2376 1734 2421 et
1769 2388 2063 2420 communem
2088 2372 2295 2436 plateam
2321 2373 2531 2433 ejusdem

584 2467 808 2515 Civitatis
831 2467 892 2514 ad
917 2466 1074 2514 oriens
1101 2465 1268 2519 diebus
1291 2465 1518 2527 vigesimo
1542 2463 1751 2511 secundo
1787 2466 1836 2509 et
1872 2462 2039 2525 quinto
2062 2461 2236 2509 mensis
2263 2461 2383 2508 Maii
2407 2477 2531 2508 anno

585 2557 779 2606 Domini
805 2555 1056 2604 millesimo
1093 2559 1143 2604 et
1180 2554 1534 2604 sexcentesimo
1560 2568 1717 2600 coram
1756 2551 1831 2599 his
1868 2550 2073 2599 testibus
2096 2551 2131 2597 J
2135 2565 2285 2598 oanne
2313 2550 2455 2612 Udny
2481 2550 2527 2596 in

584 2647 727 2696 Ower
768 2645 1024 2694 Pitforthie
1063 2644 1253 2693 Jacobo
1296 2643 1464 2706 Thayn
1507 2642 1608 2690 cive
1652 2641 1808 2689 dictae
1853 2639 2076 2688 Civitatis
2120 2640 2153 2686 J
2159 2655 2311 2686 oanne
2361 2639 2526 2701 Lyoun

581 2738 756 2785 ibidem
782 2738 1104 2784 commorante
1129 2738 1179 2782 et
1206 2733 1363 2781 David
1392 2731 1594 2781 Guthrie
1619 2729 1715 2778 filio
1739 2730 1772 2776 J
1777 2729 1942 2778 oannis
1980 2729 2180 2777 Guthrie
2219 2729 2344 2792 apud
2386 2727 2524 2776 New-

580 2827 739 2891 mylne
777 2854 788 2866 ·
826 2826 1014 2875 Saisina
1037 2824 1219 2873 tradita
1242 2840 1328 2887 per
1353 2822 1582 2870 Thomam
1608 2818 1842 2867 Vinzeitis
1877 2818 1925 2864 in
1961 2818 2190 2865 Dubtoun
2228 2816 2450 2865 ballivum
2475 2818 2521 2864 in

580 2921 837 2982 praecepto
861 2916 1064 2965 saisinae
1089 2913 1383 2963 nominatum
1421 2927 1580 2959 coram
1617 2908 1690 2957 his
1724 2907 1927 2956 testibus
1953 2907 2153 2955 Valtero
2189 2908 2303 2974 Scot
2338 2907 2371 2953 J
2376 2908 2523 2955 acobo

584 3010 747 3057 Smart
785 3012 834 3055 et
870 3006 1060 3054 Joanne
1102 3004 1335 3067 Kingzovv
1376 3001 1556 3049 civibus
1598 2996 1994 3046 Brechinensibus
2036 2995 2311 3043 Alexandro
2345 2997 2526 3044 Johne—

583 3104 723 3148 stoun
746 3097 843 3144 filio
866 3097 900 3143 J
904 3095 1071 3144 oannis
1094 3094 1128 3140 J
1133 3094 1396 3141 ohnestoun
1422 3089 1546 3153 apud
1572 3085 1887 3134 molendinum
1914 3086 1971 3132 de
1999 3084 2209 3147 Kynnell
2235 3085 2449 3148 degentis
2474 3090 2520 3132 et

581 3190 614 3235 J
619 3204 770 3236 oanne
818 3186 1053 3234 Vinzeitis
1099 3182 1196 3231 filio
1245 3181 1362 3230 dicti
1412 3179 1620 3227 Thomae
1670 3174 1901 3223 Vinzeitis
1939 3202 1949 3212 ·
1987 3175 2192 3237 Georgio
2239 3174 2427 3222 Wricht
2470 3178 2516 3221 et

580 3279 614 3324 J
619 3293 770 3326 oanne
797 3278 1007 3339 Ramsay
1031 3272 1230 3323 notariis
1269 3300 1278 3310 ·
1315 3271 1380 3319 23
1406 3269 1439 3315 J
1446 3268 1542 3316 unii
1570 3266 1699 3314 1600
1739 3292 1747 3301 ·
