3016 3958
534 661 607 713 54
1089 656 1380 713 CARTAE
1424 654 1864 712 ORIGINALE
1873 656 1927 710 S.

675 877 684 885 ·
741 844 951 897 debitam
1004 848 1240 898 instanter
1289 846 1443 910 petiit,
1479 846 1754 910 quiquidem
1794 844 2019 908 magister
2056 845 2091 892 J
2094 846 2270 895 acobus
2324 874 2334 883 ·
2393 873 2402 882 ·
2460 873 2470 882 ·

539 943 591 988 ut
615 954 756 1002 supra
778 937 989 986 libellum
1024 952 1165 1002 super
1206 936 1298 984 hiis
1337 934 1492 999 petiit,
1533 950 1591 982 ac
1632 934 1792 982 omnia
1831 937 1943 982 acta
1981 937 2032 982 et
2071 934 2275 982 actitata
2315 949 2473 983 coram

539 1029 668 1078 dicto
692 1028 846 1077 iudice
870 1027 920 1076 in
942 1027 1033 1075 hac
1056 1042 1201 1075 causa
1222 1025 1353 1073 facta
1375 1023 1473 1073 suis
1496 1023 1718 1087 expensis
1741 1023 1931 1071 decerni
1954 1021 2216 1087 postulauit
2253 1051 2263 1061 ·
2300 1023 2475 1071 Procu-

540 1122 671 1166 rator
693 1133 804 1165 vero
827 1115 1026 1165 alterius
1046 1114 1198 1180 partis
1219 1116 1473 1162 terminum
1496 1114 1557 1162 ad
1581 1112 1890 1161 libellandum
1914 1127 1944 1160 a
1966 1112 2122 1160 iudice
2156 1111 2246 1162 sibi
2281 1111 2475 1160 limitari

541 1206 681 1270 petiit
730 1234 739 1243 ·
774 1206 809 1252 J
814 1206 939 1253 udex
979 1221 1090 1253 vero
1131 1204 1316 1267 copiam
1362 1207 1576 1251 actorum
1626 1188 1756 1251 dicto
1803 1202 2100 1266 procuratori
2146 1201 2330 1266 petenti
2375 1201 2476 1248 fieri

542 1295 753 1344 decreuit
777 1298 827 1343 et
852 1294 1086 1343 decimum
1110 1293 1362 1357 septimum
1387 1292 1512 1340 diem
1537 1291 1654 1340 dicti
1678 1291 1854 1340 mensis
1890 1291 1952 1339 ad
1986 1290 2254 1339 huiusmodi
2289 1289 2474 1354 copiam

542 1384 861 1450 recipiendam
883 1399 1067 1432 necnon
1090 1384 1152 1431 ad
1174 1380 1482 1430 libellandum
1504 1380 1799 1445 procuratori
1824 1379 2021 1430 alterius
2043 1379 2195 1444 partis
2217 1379 2476 1442 assignauit

542 1474 756 1538 partibus
790 1473 916 1538 apud
950 1476 1062 1521 acta
1095 1472 1259 1520 citatis
1296 1499 1307 1509 ·
1345 1470 1497 1534 Super
1534 1470 1703 1533 quibus
1739 1469 1956 1518 omnibus
1992 1472 2042 1517 et
2078 1467 2273 1531 singulis
2319 1468 2477 1516 dictus

542 1567 818 1627 procurator
840 1578 870 1610 a
893 1578 967 1610 me
985 1561 1171 1610 notario
1188 1559 1378 1624 publico
1402 1559 1489 1608 sibi
1514 1558 1615 1606 fieri
1639 1557 1780 1622 petiit
1804 1556 2042 1621 publicum
2062 1557 2426 1605 instrumentum
2466 1584 2476 1593 ·

545 1655 672 1702 Acta
692 1653 882 1701 fuerunt
905 1651 994 1698 hec
1017 1650 1066 1698 in
1090 1648 1300 1714 capitulo
1335 1647 1533 1696 ecclesie
1559 1646 1869 1695 Brechinensi
1907 1683 1918 1693 .
1956 1682 1967 1693 .
2002 1674 2012 1684 -
2050 1645 2356 1695 Presentibus
2386 1645 2480 1694 dis-

544 1742 688 1790 cretis
721 1745 770 1789 et
805 1739 1016 1789 honestis
1051 1738 1164 1787 viris
1198 1737 1401 1786 dominis
1434 1737 1655 1785 Johanne
1695 1736 1894 1799 Knycht
1940 1740 2125 1784 rectore
2173 1734 2372 1784 ecclesie
2420 1736 2479 1782 de

491 1821 493 1823 ¹
544 1831 800 1893 Funewyn,
837 1828 1112 1876 Alexandro
1148 1827 1340 1881 Thome,
1378 1824 1624 1873 Willelmo
1662 1824 1812 1887 Cassy
1852 1824 2051 1873 notariis
2091 1823 2294 1888 publicis
2332 1823 2478 1872 Alex-

358 2545 525 2592 XXX.

543 1921 692 1968 andro
730 1918 956 1967 Rochede
993 1921 1043 1964 et
1077 1916 1111 1963 J
1115 1916 1300 1964 ohanne
1338 1915 1469 1978 Gray
1504 1913 1764 1977 capellanis
1812 1912 1943 1960 chori
1993 1913 2326 1962 Brechinensis
2371 1928 2478 1961 cum

545 2008 708 2057 multis
731 2007 838 2056 aliis
874 2045 883 2053 .
923 2043 932 2053 .
971 2042 980 2052 .

615 2099 681 2145 Et
718 2113 804 2160 ego
843 2095 1079 2144 Patricius
1117 2093 1335 2141 Nicholai
1355 2093 1606 2156 presbyter
1630 2091 1963 2140 Brechinensis
2000 2092 2231 2155 dyoecesis
2263 2091 2481 2155 publicus

548 2186 832 2234 auctoritate
857 2183 1086 2247 imperiali
1124 2219 1133 2229 .
1174 2219 1184 2229 .
1225 2218 1235 2228 .

551 2386 721 2434 Pensio
746 2387 804 2433 de
831 2385 1038 2432 Lethnet
1075 2420 1085 2430 .
1123 2385 1332 2440 Quartus
1354 2383 1583 2431 terminus
1602 2383 1660 2429 de
1687 2381 1896 2428 Lethnot
1935 2415 1945 2425 .

559 2508 639 2590 In
676 2542 863 2590 nomine
902 2541 1093 2589 Domini
1133 2541 1287 2588 Amen
1324 2576 1335 2587 .
1374 2576 1382 2586 .
1422 2575 1432 2586 .
1468 2543 1634 2603 pateat
1671 2539 1919 2586 euidenter
1954 2539 2079 2602 quod
2103 2554 2228 2586 anno
2254 2538 2480 2588 Incarna-

550 2633 693 2680 tionis
716 2631 965 2679 Dominice
990 2629 1237 2679 millesimo
1261 2628 1723 2693 quadringentesimo
1746 2628 1988 2677 tricesimo
2022 2628 2189 2692 quinto
2223 2630 2480 2677 secundum

551 2737 737 2770 cursum
762 2725 810 2768 et
835 2720 1237 2784 computationem
1263 2718 1479 2767 Ecclesie
1503 2718 1756 2767 Scoticane
1780 2718 1957 2767 mensis
1990 2733 2101 2766 vero
2136 2717 2382 2766 Februarii
2406 2719 2483 2767 die

554 2810 736 2858 decimo
795 2809 998 2873 septimo
1050 2808 1320 2856 Indictione
1375 2806 1731 2870 decimaquarta
1767 2843 1778 2853 .
1815 2842 1826 2853 .
1865 2842 1875 2852 .
1913 2806 2115 2869 Eugenii
2167 2842 2177 2852 .
2228 2842 2238 2852 .
2290 2843 2299 2852 .
2351 2806 2480 2870 Pape

554 2899 710 2963 quarti
750 2913 874 2945 anno
915 2896 1080 2960 quinto
1115 2933 1126 2943 .
1166 2896 1227 2944 In
1264 2897 1356 2944 mei
1392 2895 1566 2944 notarii
1601 2932 1611 2942 .
1649 2931 1659 2942 .
1696 2930 1707 2942 .
1743 2895 1984 2959 presentia
2019 2895 2399 2959 comparentibus
2433 2896 2481 2943 in

555 2986 728 3035 iudicio
774 3001 932 3034 coram
968 3020 981 3032 .
1019 3021 1029 3031 .
1066 3022 1076 3032 .
1110 2985 1144 3031 J
1149 2985 1332 3033 ohanne
1380 2984 1617 3048 Episcopo
1665 2983 1974 3032 Brechinensi
2021 2983 2239 3032 discretis
2279 2984 2390 3033 viris
2431 2990 2480 3033 et

555 3074 757 3123 dominis
777 3074 811 3121 J
815 3074 997 3122 ohanne
1024 3072 1146 3120 Liell
1167 3073 1463 3121 thezaurario
1487 3072 1796 3121 Brechinensi
1834 3076 1884 3120 et
1922 3073 2146 3135 magistro
2185 3073 2398 3121 Roberto
2425 3075 2482 3132 de

560 3165 770 3227 Hoprew
805 3162 854 3210 in
890 3161 995 3210 loco
1032 3161 1280 3224 capitulari
1326 3160 1525 3210 ecclesie
1575 3160 1910 3209 Brechinensis
1954 3161 2339 3222 procuratoribus
2376 3198 2385 3207 .
2425 3199 2434 3208 .
2472 3198 2482 3208 .

560 3252 676 3300 dicti
699 3250 946 3299 reuerendi
969 3249 1120 3313 patris
1143 3265 1200 3297 ac
1223 3249 1419 3313 capituli
1443 3248 1778 3297 Brechinensis
1814 3249 2054 3298 actoribus
2076 3249 2136 3297 ab
2160 3265 2254 3297 una
2291 3254 2339 3298 et
2378 3267 2487 3299 ven-

561 3340 726 3398 erabili
751 3340 849 3388 viro
875 3338 1107 3401 Magistro
1141 3338 1174 3386 J
1178 3339 1326 3386 acobo
1351 3339 1408 3385 de
1435 3337 1688 3400 Lyndesay
1723 3341 1906 3406 rectore
1944 3337 2142 3386 ecclesie
2179 3339 2486 3402 parrochialis
