3016 3958
284 2298 493 2347 CXXV.

1079 672 1372 728 CARTAE
1422 674 1920 735 ORIGINALES.
2371 688 2474 742 191

529 864 652 927 quod
678 863 718 912 si
743 863 832 927 ipsi
855 862 1032 911 fuerint
1056 863 1267 912 conuicti·
1302 863 1381 912 uel
1416 865 1479 914 sit
1515 866 1586 914 ita
1618 868 1853 916 notorium
1891 871 2014 934 quod
2040 871 2170 920 nulla
2192 873 2471 937 tergiuersa-

526 953 657 1002 tione
694 952 871 1017 poterit
907 952 1052 1001 celari
1089 954 1214 1017 quod
1250 953 1341 1016 ipsi
1377 954 1634 1003 defecerint
1670 961 1722 1004 ut
1758 973 1900 1022 supra
1935 960 2059 1023 quod
2095 960 2251 1010 dictus
2285 977 2467 1013 annuus

528 1042 742 1090 redditus
779 1069 791 1081 ·
829 1070 840 1080 ·
879 1069 890 1081 ·
926 1045 1198 1091 reuertatur
1220 1042 1333 1090 mihi
1372 1046 1421 1090 et
1456 1043 1708 1093 heredibus
1731 1046 1849 1095 meis
1883 1047 1985 1096 sine
2020 1050 2223 1113 strepitu
2253 1050 2467 1112 judiciali

529 1158 540 1169 ·
580 1159 589 1169 ·
630 1159 640 1169 ·
679 1131 738 1178 In
765 1130 899 1180 cuius
933 1130 1362 1179 reitestimonium
1386 1132 1496 1180 huic
1519 1133 1729 1196 presenti
1765 1139 1897 1184 carte
1931 1153 2035 1185 mee
2070 1137 2272 1201 sigillum
2311 1156 2466 1188 meum

524 1221 765 1285 proprium
790 1224 864 1270 est
886 1236 1145 1285 appensum
1169 1236 1372 1269 unacum
1396 1221 1740 1286 subscriptione
1765 1240 1870 1272 mea
1903 1226 2110 1274 manuali
2133 1229 2260 1291 apud
2286 1228 2466 1277 Ciuita-

524 1315 623 1358 tem
666 1310 1037 1358 Brechinensem
1079 1309 1155 1357 die
1197 1309 1347 1358 xxvito
1389 1310 1565 1359 mensis
1609 1311 1776 1360 Martii
1816 1329 1940 1362 anno
1982 1315 2176 1363 Domini
2216 1316 2464 1366 millesimo

525 1399 901 1463 quingentesimo
923 1398 1167 1462 trigesimo
1201 1400 1405 1463 septimo
1441 1399 1644 1448 dominis
1668 1400 1827 1449 Dauid
1854 1403 2014 1451 Broun
2042 1403 2285 1454 Willelmo
2310 1407 2462 1455 Ferne

522 1487 750 1552 magistro
794 1488 983 1536 Jacobo
1033 1488 1233 1552 Murray
1279 1487 1539 1552 capellanis
1580 1489 1763 1537 Thoma
1811 1491 1924 1555 Kay
1965 1493 2179 1542 Roberto
2227 1494 2461 1544 Willsoun

523 1576 782 1626 Malcolmo
815 1577 850 1624 J
853 1577 1036 1626 aksoun
1072 1580 1122 1625 et
1156 1577 1189 1624 J
1193 1577 1344 1626 acobo
1369 1577 1555 1626 Baxter
1577 1578 1780 1628 testibus
1803 1595 1909 1628 cum
1934 1581 2131 1632 diuersis
2154 1582 2260 1632 aliis
2283 1584 2462 1635 ciuibus

522 1666 924 1715 Brechinensibus
961 1695 971 1705 ·

1515 1757 1634 1808 Dns.
1668 1758 1703 1805 J
1706 1758 1806 1806 abus·
1832 1758 1974 1824 Lesly
1997 1777 2138 1809 manu
2161 1762 2349 1826 propria
2384 1799 2394 1810 .

519 1958 628 2007 Aue
649 1958 991 2024 Resignatione
1007 1961 1061 2008 of
1078 1960 1159 2007 the
1183 1963 1269 2008 tua
1291 1959 1525 2009 annuellis
1547 1977 1636 2009 ane
1651 1962 1683 2008 4
1702 1961 1859 2010 merks
1882 1962 1975 2009 and
1999 1978 2088 2010 ane
2111 1962 2243 2010 merk
2257 1962 2382 2010 furth
2410 1963 2464 2011 of

519 2050 651 2098 John
677 2050 818 2099 Leith
857 2051 949 2098 and
991 2051 1175 2113 George
1215 2049 1447 2112 Wrychts
1483 2053 1727 2098 tenement
1751 2051 1842 2098 and
1868 2051 1949 2098 the
1975 2051 2111 2098 zeard
2148 2055 2198 2099 at
2233 2051 2315 2099 the
2339 2056 2457 2101 west

520 2143 628 2203 port
651 2144 704 2188 to
729 2140 942 2188 Richard
967 2139 1213 2203 Chepman
1237 2139 1329 2186 and
1358 2138 1559 2187 Grissell
1598 2140 1809 2203 Ramsay
1847 2167 1857 2178 ·

527 2264 608 2347 In
634 2297 730 2346 Dei
753 2297 943 2345 nomine
980 2324 991 2334 ·
1029 2297 1183 2342 Amen
1222 2323 1232 2333 ·
1272 2323 1282 2333 ·
1322 2323 1332 2333 ·
1368 2295 1554 2343 cunctis
1588 2299 1754 2359 pateat
1792 2322 1802 2333 ·
1842 2323 1853 2333 ·
1892 2323 1902 2333 ·
1939 2297 2062 2359 quod
2087 2311 2210 2344 anno
2235 2297 2458 2344 Incarna-

515 2387 660 2436 tionis
685 2386 937 2435 Dominice
961 2384 1211 2433 millesimo
1235 2384 1612 2448 quingentesimo
1635 2384 1877 2448 trigesimo
1912 2385 2113 2448 septimo
2147 2385 2321 2434 mensis
2344 2401 2453 2433 vero

518 2476 635 2539 Maij
662 2476 738 2523 die
763 2474 989 2538 vigesimo
1012 2473 1220 2522 secundo
1258 2500 1270 2511 ·
1308 2500 1319 2510 ·
1358 2501 1368 2511 ·
1405 2472 1719 2536 personaliter
1752 2473 2040 2522 constitutus
2075 2473 2360 2523 honorabilis
2383 2475 2453 2522 vir

517 2565 789 2613 Richardus
830 2564 1074 2627 Chepman
1115 2562 1237 2610 ciuis
1276 2561 1503 2611 Ciuitatis
1545 2562 1880 2611 Brechinensis
1918 2591 1928 2601 ·
1967 2591 1977 2601 ·
2016 2591 2026 2601 ·
2065 2579 2203 2610 unum
2246 2579 2450 2611 annuum

514 2654 750 2702 redditum
791 2656 994 2717 quatuor
1031 2666 1296 2699 mercarum
1334 2655 1524 2699 monete
1567 2651 1730 2699 Scotie
1768 2679 1778 2689 -
1808 2679 1828 2707 ,·
1868 2679 1878 2689 ·
1915 2652 1973 2699 de
2013 2651 2154 2700 terris
2195 2651 2449 2714 vulgariter

515 2743 696 2792 vocatis
732 2741 940 2790 Cutlaris
973 2739 1129 2789 landis
1155 2739 1429 2802 jacentibus
1463 2739 1511 2786 in
1547 2740 1757 2788 Ciuitate
1796 2740 2100 2789 Brechinensi
2138 2740 2262 2788 inter
2297 2744 2450 2789 terras

515 2832 866 2897 capellanorum
912 2829 1080 2878 altaris
1125 2828 1334 2877 omnium
1390 2832 1661 2877 sanctorum
1710 2829 1770 2875 ad
1816 2828 2108 2876 occidentem
2154 2844 2213 2891 ye
2258 2828 2446 2877 tolbuth

432 2931 437 2937 “
515 2938 744 2972 comoune
775 2920 992 2969 bakhous
1027 2923 1182 2966 terras
1218 2918 1252 2964 J
1257 2916 1455 2965 ohannis
1491 2917 1693 2964 Swanne
1720 2920 1769 2965 et
1793 2916 1968 2964 domini
1990 2917 2025 2964 J
2028 2917 2164 2965 acobi
2191 2917 2347 2965 Leisle
2372 2934 2448 2966 ca-

515 3010 692 3076 pellani
725 3011 787 3058 ad
822 3009 1053 3057 orientem
1088 3010 1138 3055 et
1173 3021 1468 3054 communem
1501 3004 1728 3053 venellam
1753 3005 1972 3053 videlicet
2006 3005 2056 3068 ly
2091 3006 2192 3053 ovir
2227 3008 2350 3069 vynd
2385 3008 2444 3055 ad

514 3103 708 3151 boream
741 3104 790 3148 et
826 3099 876 3162 ly
904 3112 1181 3147 commoune
1219 3094 1357 3143 streit
1398 3094 1459 3141 ad
1501 3093 1746 3142 ecclesiam
1783 3093 2102 3141 cathedralem
2137 3095 2197 3142 ad
2233 3099 2442 3143 austrum

514 3189 886 3239 extendentibus
907 3202 1092 3235 necnon
1116 3200 1259 3232 unum
1283 3198 1489 3231 annuum
1514 3181 1748 3230 redditum
1785 3181 1922 3230 unius
1954 3197 2109 3230 merce
2133 3186 2320 3230 monete
2343 3198 2448 3246 pre-

516 3281 643 3328 dicte
681 3307 692 3317 ·
731 3307 742 3317 ·
779 3306 791 3316 ·
826 3276 954 3325 horti
989 3273 1248 3337 vulgariter
1271 3270 1427 3319 vocati
1452 3269 1578 3317 Ville
1605 3270 1819 3324 Quhittis
1853 3271 1962 3318 zard
1991 3270 2199 3332 jacentis
2232 3272 2292 3318 ad
2327 3271 2448 3319 occi-

517 3372 706 3418 dentem
735 3370 924 3431 partem
959 3364 1087 3412 dicte
1113 3360 1340 3428 Ciuitatis
1374 3358 1500 3406 inter
1533 3361 1686 3406 terras
1709 3358 1952 3407 hortorum
1983 3358 2329 3422 capellanorum
2353 3358 2447 3407 col-
