3016 3958
1009 552 1329 608 CARTAE
1369 551 1999 608 MISCELLANEAE.
2375 552 2486 612 277

535 729 765 773 millesimo
795 731 1227 789 quadringentesimo
1259 732 1583 790 septuagesimo
1620 737 1758 783 sexto,
1794 732 1879 774 hiis
1915 732 2103 775 testibus
2140 732 2351 789 magistro
2376 733 2490 775 Wil-

531 810 661 853 lelmo
684 810 843 867 Ogiluy
863 811 1123 855 cancellario
1144 812 1324 856 ecclesie
1344 816 1495 855 nostre
1516 812 1729 869 magistro
1763 811 1985 868 Stephano
2007 811 2188 868 Anguss
2216 812 2490 856 thezaurario

530 890 742 947 magistro
778 890 967 949 Georgio
1004 892 1132 935 Seres
1167 896 1422 950 precentore
1452 891 1665 949 magistro
1701 891 1868 934 Jacobo
1905 891 2072 935 Brouss
2111 891 2400 948 prebendario
2436 893 2488 935 de

531 971 780 1015 Lethnocht
798 972 1011 1029 magistro
1033 973 1226 1017 Roberto
1241 973 1402 1016 Brown
1415 972 1628 1029 magistro
1645 970 1674 1014 J
1676 971 1811 1015 acobo
1834 971 2017 1015 Balfour
2037 971 2256 1015 canonicis
2277 973 2490 1029 magistro

534 1051 737 1095 Johanne
772 1052 954 1109 Aylmer
988 1052 1161 1096 officiali
1197 1056 1349 1096 nostro
1385 1053 1589 1096 Johanne
1625 1050 1779 1109 Lyoun
1815 1055 1862 1096 et
1890 1051 2142 1095 Alexandro
2172 1042 2363 1095 Annand
2394 1068 2491 1096 cum

534 1131 721 1175 diuersis
742 1132 841 1176 aliis
862 1136 904 1176 et
926 1136 1077 1177 nostre
1098 1132 1439 1177 consecrationis
1459 1146 1574 1176 anno

252 1378 508 1421 CCXXXI.
532 1360 680 1417 Carta
698 1374 1020 1431 praedictarum
1042 1379 1257 1418 terrarum
1278 1375 1332 1418 de
1364 1374 1565 1432 Fyndore
1596 1388 1804 1418 concessa
1832 1387 1911 1431 per
1939 1373 2214 1418 Willelmum
2242 1374 2492 1433 episcopum

535 1454 869 1497 Brechinensem
890 1468 989 1497 cum
1010 1468 1228 1498 consensu
1248 1455 1400 1498 decani
1416 1459 1462 1498 et
1476 1454 1654 1511 capituli
1674 1454 1882 1498 ecclesiae
1899 1454 2163 1499 cathedralis
2184 1455 2492 1498 Brechinensis

533 1534 664 1578 Petro
687 1533 928 1591 Dempstar
946 1535 1037 1579 filio
1058 1539 1104 1579 et
1122 1536 1353 1593 apparenti
1373 1535 1552 1579 haeredi
1567 1534 1838 1579 honorabilis
1870 1535 2065 1579 scutiferi
2091 1535 2120 1578 J
2122 1535 2309 1579 ohannis
2330 1535 2492 1593 Demp-

532 1620 625 1659 star
644 1615 697 1658 de
719 1615 1054 1659 Caraldistoune
1075 1619 1121 1659 et
1142 1616 1170 1659 J
1173 1620 1330 1660 onetae
1363 1615 1690 1674 Ouchterlovny
1721 1617 1818 1672 ejus
1850 1629 2037 1673 sponsae
2067 1630 2303 1672 eorumque
2325 1616 2491 1659 diutius

530 1696 693 1739 viventi
723 1710 869 1739 coram
900 1696 970 1739 his
999 1697 1188 1740 testibus
1217 1696 1445 1754 magistris
1476 1696 1667 1754 Hugone
1698 1695 1922 1753 Douglass
1942 1696 2107 1739 decano
2128 1695 2356 1740 Willelmo
2379 1695 2491 1739 Mel-

530 1775 655 1819 drum
703 1780 986 1833 praecentore
1018 1776 1204 1820 Valtero
1237 1776 1466 1820 Fentoune
1503 1776 1764 1820 cancellario
1806 1777 1999 1820 Patricio
2043 1777 2174 1820 Boiss
2214 1777 2489 1821 thesaurario

529 1856 749 1899 canonicis
770 1856 979 1900 ecclesiae
1008 1856 1258 1913 praedictae
1288 1856 1317 1899 J
1320 1857 1455 1900 acobo
1479 1856 1669 1900 Stewart
1698 1856 1906 1900 canonico
1938 1856 2208 1900 Moraviensi
2239 1856 2489 1901 Alexandro

534 1936 754 1979 Meldrum
793 1936 847 1979 de
887 1935 1079 1979 Nevhall
1120 1936 1323 1979 Johanne
1364 1935 1604 1994 Dempstar
1646 1936 1700 1980 de
1753 1936 2011 1980 Ouchterles
2051 1937 2237 1981 dominis
2287 1937 2487 1981 Johanne

537 2016 762 2074 Chapman
784 2021 830 2060 et
848 2015 1035 2060 Valtero
1056 2016 1188 2059 Clerk
1208 2017 1393 2060 notariis
1412 2017 1598 2073 publicis
1618 2019 1675 2059 24
1700 2017 1903 2060 Octobris
1931 2020 2038 2060 1500
2072 2050 2080 2060 .

530 2191 730 2243 Char-ter,
765 2193 858 2236 The
881 2191 1045 2248 Bishop
1068 2192 1116 2234 of
1133 2191 1321 2234 Brechin
1342 2192 1386 2234 in
1405 2192 1559 2235 favour
1578 2192 1628 2235 of
1646 2192 1731 2235 Mr.
1756 2191 1926 2249 George
1950 2191 2164 2235 Fentoun.

221 2339 500 2388 CCXXXII,
527 2326 752 2382 Omnibus
784 2372 794 2382 .
828 2371 837 2381 .
871 2371 881 2381 .
918 2338 1166 2382 Willelmus
1200 2373 1208 2382 .
1243 2372 1253 2382 .
1286 2372 1296 2382 .
1328 2339 1559 2397 episcopus
1576 2340 1885 2383 Brechinensis
1902 2339 2098 2383 Salutem
2121 2372 2130 2382 .
2156 2370 2166 2381 .
2192 2371 2201 2381 .
2225 2339 2383 2383 Sciatis
2404 2354 2484 2382 nos

522 2434 618 2462 cum
641 2433 856 2463 consensu
890 2452 899 2462 .
934 2451 943 2462 .
977 2452 986 2462 .
1019 2419 1200 2476 capituli
1217 2419 1358 2463 nostri
1390 2452 1399 2462 .
1436 2450 1447 2461 .
1481 2450 1491 2461 .
1521 2419 1724 2462 dedisse.
1751 2450 1761 2461 .
1784 2452 1793 2462 .
1821 2423 1866 2462 et
1882 2419 1964 2462 hac
1980 2419 2174 2476 presenti
2191 2422 2315 2462 carta
2330 2424 2482 2463 nostra.

523 2500 804 2543 confirmasse
836 2531 845 2543 .
879 2532 888 2542 .
922 2531 932 2542 .
964 2499 1123 2542 dilecto
1153 2503 1305 2543 nostro
1338 2498 1527 2555 Georgio
1559 2498 1762 2542 Fentoun
1792 2498 1970 2541 tinctori
1991 2498 2075 2541 ciui
2097 2501 2246 2541 nostre
2279 2498 2484 2542 Ciuitatis

524 2580 830 2622 Brechinensis
858 2583 953 2622 tota
983 2582 1029 2622 et
1058 2580 1232 2635 integra
1260 2579 1348 2622 tria
1377 2582 1531 2622 nostra
1559 2582 1811 2622 tenementa
1841 2592 1938 2621 cum
1970 2580 2245 2635 pertinentiis
2275 2580 2479 2638 contigue

517 2661 711 2717 jacentia
750 2660 796 2702 in
835 2660 953 2703 dicta
992 2664 1145 2702 nostra
1186 2658 1377 2702 Ciuitate
1419 2657 1704 2701 Brechinensi
1743 2659 1789 2700 in
1830 2659 1916 2700 fine
1955 2659 2139 2702 australi
2179 2663 2226 2703 et
2265 2674 2319 2703 ex
2355 2664 2480 2716 parte

522 2740 723 2783 orientali
744 2740 826 2783 vici
849 2739 1040 2782 eiusdem
1063 2739 1180 2782 inter
1198 2742 1437 2782 torrentem
1460 2738 1717 2795 wulgariter
1736 2742 1940 2781 vocatum
1960 2739 2035 2782 the
2057 2738 2164 2783 Litil
2187 2738 2270 2782 Mil
2288 2739 2408 2782 Burn
2425 2740 2480 2782 ad

521 2822 696 2865 boream
718 2833 989 2864 communem
1010 2819 1126 2862 viam
1141 2819 1311 2876 regiam
1331 2818 1387 2861 ad
1409 2818 1609 2861 occidens
1629 2818 1761 2860 finem
1782 2817 2019 2861 australem
2048 2818 2164 2862 dicte
2195 2818 2403 2864 Ciuitatis
2424 2820 2480 2863 ad

520 2906 717 2945 austrum
739 2905 785 2944 et
804 2914 930 2943 acras
950 2899 1079 2943 dictis
1099 2899 1363 2942 tenementis
1383 2897 1655 2955 pertinentes
1675 2897 1731 2940 ad
1753 2897 1898 2940 oriens
1919 2912 2105 2941 unacum
2126 2899 2279 2943 croftis
2299 2903 2345 2943 et
2365 2900 2479 2943 acris

520 2988 635 3026 terre
656 2982 836 3025 arabilis
857 2981 1019 3024 eisdem
1041 2980 1303 3024 tenementis
1323 2993 1376 3022 ex
1408 2978 1589 3035 antiquo
1619 2977 1939 3035 pertinentibus
1970 2993 2067 3022 cum
2090 2979 2197 3023 totis
2227 2983 2273 3023 et
2292 2980 2477 3037 integris

520 3063 611 3105 suis
627 3062 762 3118 justis
778 3061 1055 3119 pertinentiis
1072 3060 1401 3117 quibuscunque
1433 3091 1442 3102 .
1476 3058 1740 3115 Quequidem
1755 3061 2006 3102 tenementa
2021 3073 2118 3101 cum
2135 3059 2287 3103 croftis
2303 3064 2349 3103 et
2364 3061 2476 3103 actis

518 3142 723 3199 predictis
753 3142 932 3184 fuerunt
960 3140 1229 3183 honorabilis
1259 3140 1342 3182 viri
1373 3139 1555 3183 Roberti
1587 3138 1757 3181 Litstar
1786 3138 1896 3182 ciuis
1930 3138 2044 3183 dicte
2081 3144 2232 3183 nostre
2270 3140 2476 3184 Ciuitatis

520 3221 826 3264 Brechinensis
846 3221 1092 3264 hereditare
1113 3224 1159 3263 et
1178 3233 1262 3277 que
1283 3219 1397 3261 idem
1420 3219 1639 3262 Robertus
1670 3251 1679 3261 .
1713 3251 1722 3261 .
1756 3250 1765 3262 .
1798 3218 1914 3276 apud
1944 3220 2183 3263 maneriem
2205 3224 2400 3264 nostram
2422 3222 2475 3264 de

521 3301 736 3345 Fernwell
773 3301 816 3343 in
854 3300 1055 3344 manibus
1092 3301 1255 3343 nostris
1288 3332 1297 3342 .
1332 3330 1340 3340 .
1374 3331 1383 3342 .
1416 3299 1460 3341 in
1492 3298 1687 3342 fauorem
1719 3298 1823 3341 dicti
1855 3297 2031 3356 Georgii
2069 3300 2135 3343 sui
2172 3301 2341 3357 nepotis
2373 3333 2382 3343 .
2417 3332 2426 3342 .
2462 3333 2471 3343 .
