3016 3958
1005 588 1324 644 OARTAE
1363 588 1996 646 MISCELLANEAE.
2355 594 2467 649 283

520 778 572 811 nc
603 778 752 807 eorum
782 765 909 808 alteri
945 766 1109 809 diutius
1145 768 1310 811 viuenti
1345 769 1389 810 in
1426 769 1658 812 coniuncta
1692 769 1984 812 infeodatione
2019 770 2196 826 suisque
2234 771 2466 815 heredibus

518 843 807 901 infrascriptis
849 849 893 888 et
932 846 1169 903 assignatis
1201 880 1211 890 .
1245 878 1256 889 .
1289 881 1299 890 .
1332 851 1474 891 terras
1514 863 1635 892 meas
1675 850 1863 892 arabiles
1903 854 1950 892 et
1989 854 2256 907 campestres
2295 852 2463 908 prefate

517 938 612 973 mee
651 924 892 981 capellanie
936 930 1184 982 spectantes
1226 959 1235 969 .
1279 959 1289 968 .
1334 960 1343 970 .
1387 942 1485 970 cum
1520 960 1530 970 .
1568 961 1578 971 .
1617 961 1627 970 .
1662 929 1754 971 suis
1795 961 1804 971 .
1843 962 1853 972 .
1895 961 1903 971 .
1943 929 2220 986 pertinentiis
2265 930 2462 985 jacentes

514 1003 560 1050 in
601 1005 808 1060 parochia
846 1005 899 1047 de
941 1005 1128 1048 Brechin
1169 1009 1214 1049 et
1250 1007 1366 1049 intra
1405 1007 1754 1051 vicecomitatum
1793 1009 1846 1051 de
1888 1009 2046 1052 Forfar
2086 1009 2202 1052 inter
2237 1024 2463 1053 commune

513 1083 570 1128 lie
591 1082 715 1126 Dene
736 1084 788 1126 de
811 1083 998 1126 Brechin
1029 1099 1082 1126 ex
1112 1086 1334 1128 occidente
1365 1090 1506 1129 terras
1525 1088 1577 1129 de
1600 1087 1813 1130 Unthank
1835 1102 1888 1130 ex
1918 1088 2085 1131 boreali
2115 1092 2257 1132 terras
2281 1090 2334 1132 de
2358 1090 2470 1133 Ovir-

510 1164 738 1220 Petforthy
768 1168 813 1205 et
842 1163 1014 1206 Nethcr
1044 1164 1273 1221 Petforthy
1294 1179 1348 1207 ex
1378 1167 1544 1209 oriente
1575 1171 1718 1210 terras
1749 1167 2089 1210 molendinarias
2131 1169 2183 1211 de
2221 1168 2459 1213 Caldhame

510 1247 556 1286 et
585 1243 801 1300 publicam
832 1243 947 1284 viam
978 1257 1065 1298 qua
1093 1243 1183 1286 itur
1212 1258 1239 1286 a
1269 1245 1407 1301 burgo
1429 1245 1735 1289 deMantross
1765 1247 1820 1290 ad
1853 1247 2089 1291 Ciuitatem
2120 1237 2458 1292 Brechinensem

507 1338 561 1365 ex
582 1322 765 1366 australi
786 1321 984 1378 partibus
1006 1323 1061 1363 ab
1082 1337 1170 1364 una
1200 1327 1244 1365 et
1274 1324 1372 1366 aliis
1403 1339 1482 1380 per
1501 1340 1570 1367 me
1601 1330 1645 1368 et
1676 1340 1886 1382 personas
1908 1328 2177 1384 subscriptas
2197 1343 2312 1370 nunc
2334 1343 2457 1371 occu-

507 1406 634 1458 patas
664 1401 866 1443 videlicet
898 1401 1158 1456 magistrum
1194 1402 1408 1446 Thomam
1444 1405 1616 1448 Bowsie
1653 1406 1865 1449 Thomam
1901 1406 2012 1449 Wat
2047 1407 2261 1450 Jacobum
2301 1406 2456 1450 Schor-

507 1487 635 1538 teyne
669 1482 884 1524 Joannem
918 1480 1057 1522 Milne
1092 1484 1306 1524 sartorem
1339 1483 1556 1526 Joannem
1590 1485 1729 1527 Bruce
1763 1486 1980 1528 Joannem
2003 1486 2219 1529 Matheris
2242 1487 2455 1529 seniorem

504 1563 720 1605 Joannem
751 1561 1013 1617 Dempstare
1046 1560 1300 1604 Conandum
1337 1563 1592 1607 Tailzeoure
1627 1565 1866 1608 Henricum
1904 1565 2119 1622 Hepburn
2155 1566 2452 1608 Alexandrum

504 1643 638 1685 Knox
670 1641 904 1699 Georgium
934 1640 1167 1682 Wilsoune
1199 1641 1415 1685 Joannem
1447 1644 1608 1686 Liddill
1642 1644 1918 1687 Willelmum
1955 1645 2157 1701 WVychad
2192 1646 2452 1702 magistrum

503 1723 532 1765 J
534 1736 718 1765 oannem
741 1721 971 1764 Cokburne
992 1719 1021 1761 J
1023 1720 1206 1762 acobum
1228 1720 1514 1765 Donaldsoun
1536 1723 1778 1766 Robertum
1801 1724 2029 1766 McKallas
2050 1724 2079 1766 J
2081 1725 2264 1767 acobum
2286 1724 2450 1782 Demp-

503 1807 596 1846 star
635 1807 679 1844 et
718 1800 864 1844 Dauid
897 1800 1043 1842 Broun
1079 1830 1087 1840 .
1121 1798 1387 1856 Quequidem
1420 1806 1536 1845 terre
1569 1835 1578 1845 .
1613 1833 1623 1844 .
1655 1835 1665 1845 .
1698 1817 1795 1845 cum
1828 1803 2043 1846 domibus
2062 1803 2174 1845 dicte
2211 1804 2448 1860 capellanie

503 1883 801 1939 spectantibus
817 1884 1065 1939 jacentibus
1090 1885 1208 1926 intra
1227 1882 1388 1925 dictam
1414 1881 1649 1925 Ciuitatem
1671 1882 2008 1924 Brechinensem
2028 1883 2226 1939 perprius
2247 1885 2447 1927 assedate

500 1996 510 2005 .
543 1996 552 2006 .
587 1994 596 2004 .
626 1963 804 2006 fuerunt
824 1965 1041 2020 quondam
1055 1964 1083 2006 J
1086 1965 1219 2007 acobo
1237 1963 1477 2018 Hepburne
1498 1961 1625 2003 fratri
1646 1975 1741 2003 meo
1754 1975 1962 2018 germano
1977 1977 2053 2017 pro
2068 1977 2214 2005 annua
2231 1963 2445 2006 solutione

500 2057 667 2085 summe
708 2043 895 2086 sedecim
934 2044 1145 2087 librarum
1184 2043 1394 2085 tredecim
1435 2041 1670 2084 solidorum
1716 2045 1762 2083 et
1805 2045 1993 2096 quatuor
2031 2042 2305 2084 denariorum
2340 2075 2350 2085 .
2386 2077 2394 2085 .
2434 2077 2443 2085 .

499 2128 671 2166 monete
703 2156 713 2166 .
747 2157 756 2166 .
790 2156 800 2167 .
835 2124 977 2167 Scotie
1009 2128 1054 2167 et
1083 2123 1250 2180 prefate
1282 2122 1436 2164 domus
1472 2120 1518 2162 in
1553 2120 1670 2162 dicta
1707 2119 1897 2162 Ciuitate
1929 2121 2210 2163 Brechinensi
2244 2123 2443 2164 assedate

499 2236 509 2246 .
543 2236 553 2246 .
586 2236 595 2247 .
627 2205 672 2246 in
692 2203 936 2246 feudifirma
955 2203 1219 2246 hereditaria
1235 2216 1325 2257 ,per
1356 2215 1422 2242 me
1444 2214 1559 2242 nunc
1582 2203 1684 2242 sunt
1704 2213 1782 2255 pro
1814 2214 1960 2242 annua
1981 2200 2108 2242 firma
2129 2200 2445 2260 quinquaginta

496 2283 629 2326 trium
661 2284 895 2326 solidorum
926 2287 971 2326 et
1005 2286 1193 2338 quatuor
1227 2281 1504 2323 denariorum
1540 2283 1711 2321 monete
1742 2279 1934 2335 predicte
1961 2284 2005 2321 ct
2036 2280 2097 2322 sic
2127 2281 2295 2335 prefate
2326 2285 2441 2322 terre

497 2364 685 2407 arabiles
717 2367 762 2406 et
793 2366 1060 2419 campestres
1093 2376 1189 2404 cum
1225 2361 1314 2402 suis
1346 2391 1355 2402 .
1390 2392 1400 2401 .
1433 2391 1442 2401 .
1474 2358 1749 2415 pertinentiis
1778 2358 1823 2399 in
1856 2359 1936 2400 hac
1972 2359 2162 2414 presenti
2193 2363 2316 2402 carta
2345 2374 2440 2401 mea

495 2447 697 2487 contente
734 2443 993 2485 estimantur
1029 2443 1073 2483 in
1106 2440 1266 2483 rentali
1302 2439 1415 2481 dicte
1454 2452 1545 2479 mee
1584 2437 1823 2493 capellanie
1866 2438 2090 2479 annuatim
2131 2438 2186 2479 ad
2228 2453 2440 2481 summam

494 2522 820 2579 quatuordecim
856 2522 1064 2563 librarum
1112 2523 1284 2561 monete
1320 2517 1535 2559 antedicte
1567 2549 1576 2558 .
1610 2516 1838 2558 Tenendas
1870 2547 1878 2559 .
1913 2549 1923 2558 .
1959 2547 1969 2557 .
1998 2519 2323 2572 prenominatas
2354 2522 2440 2560 ter-

493 2618 567 2646 ras
599 2633 611 2644 .
642 2635 651 2644 .
687 2632 698 2643 .
728 2601 908 2656 prefatis
945 2600 1106 2641 Joanni
1140 2597 1376 2639 Bellenden
1410 2600 1454 2638 et
1483 2595 1640 2637 Jonete
1679 2595 1871 2650 Seytoun
1899 2595 1992 2637 eius
2024 2609 2181 2652 sponse
2217 2610 2267 2638 ac
2289 2611 2436 2639 eorum

494 2683 621 2726 alteri
661 2682 823 2724 diutius
864 2680 1028 2722 viuenti
1063 2679 1108 2720 in
1148 2678 1378 2720 coniuncta
1413 2675 1703 2717 infeoalatione
1740 2679 1784 2716 et
1819 2675 2047 2716 heredibus
2082 2675 2288 2718 masculis
2324 2677 2437 2719 inter

494 2764 614 2820 ipsos
652 2761 846 2818 legitime
887 2758 1126 2816 procreatis
1168 2771 1244 2799 seu
1287 2754 1565 2812 procreandis
1607 2754 1764 2809 quibus
1805 2754 2103 2796 deficientibus
2142 2755 2353 2810 legitimis
2393 2762 2437 2799 et

493 2841 873 2899 propinquioribus
908 2837 1139 2880 heredibus
1174 2835 1277 2878 dicti
1310 2834 1494 2876 Joannis
1527 2834 1854 2889 quibuscunque
1891 2847 1968 2875 seu
2003 2833 2238 2890 assignatis
2274 2835 2326 2877 de
2368 2851 2435 2877 me

492 2927 539 2966 et
579 2921 899 2965 successoribus
940 2918 1047 2959 meis
1094 2917 1206 2958 dicte
1248 2914 1485 2971 capellanie
1529 2913 1763 2969 capellanis
1804 2913 1849 2954 in
1889 2913 2132 2956 feudifirma
2175 2946 2183 2956 .
2230 2947 2238 2955 .
2286 2948 2296 2956 .
2339 2931 2434 2971 pcr-

491 3007 623 3061 petua
657 3006 702 3044 et
735 3000 976 3042 hereditate
1006 2999 1323 3054 imperpetuum
1356 3027 1365 3037 .
1399 3027 1407 3036 .
1442 3026 1450 3034 .
1484 2993 1718 3035 Reddendo
1749 2993 1848 3034 inde
1870 2994 2095 3036 annuatim
2126 3025 2136 3035 .
2170 3027 2179 3037 .
2213 3016 2228 3036 .·
2254 2997 2359 3037 mihi
2390 3001 2434 3039 et

495 3082 816 3127 successoribus
836 3080 944 3121 meis
965 3076 1195 3120 antedictis
1226 3075 1387 3117 dictam
1426 3086 1637 3116 summam
1671 3073 1994 3127 quatuordecim
2028 3072 2237 3115 librarum
2259 3082 2430 3117 monete

488 3162 678 3220 predicte
710 3165 917 3215 tanquam
945 3157 1167 3212 antiquam
1197 3155 1366 3196 firmam
1395 3153 1605 3195 dictarum
1640 3156 1854 3193 terrarum
1885 3184 1894 3194 .
1929 3182 1940 3192 .
1974 3183 1984 3192 .
2017 3166 2182 3195 necnon
2216 3168 2427 3197 summam

490 3240 694 3285 tredecim
717 3238 950 3281 solidorum
972 3240 1016 3278 et
1036 3238 1222 3291 quatuor
1246 3233 1520 3275 denariorum
1542 3231 1732 3272 eiusdem
1754 3236 1924 3273 monete
1956 3231 1999 3272 in
2030 3233 2426 3288 augmentationem

491 3320 672 3363 rentalis
688 3318 800 3360 dicte
821 3331 912 3359 mee
934 3314 1169 3371 capellanie
1202 3345 1211 3356 .
1245 3345 1253 3354 .
1286 3344 1295 3354 .
1331 3312 1384 3353 ad
1417 3311 1524 3352 duos
1547 3310 1648 3352 anni
1680 3310 1888 3352 terminos
1919 3342 1928 3352 .
1961 3343 1971 3352 .
2005 3341 2016 3351 .
2048 3311 2230 3354 Necnon
2251 3313 2430 3355 heredes
2471 3373 2476 3376 ‚
