3016 3958
538 636 650 689 294
1077 635 1393 691 CARTAE
1433 634 2061 690 MISCELLANEAE.

536 813 714 855 ecclesie
734 813 996 856 cathedralis
1017 814 1322 856 Breehinensis
1357 813 1527 856 dedisse
1559 845 1569 855 .
1603 845 1613 855 .
1646 845 1656 855 .
1687 817 1733 855 et
1769 813 1850 854 hac
1885 812 2079 869 presenti
2099 816 2221 855 carta
2251 827 2348 854 mea
2377 827 2478 855 con-

534 893 732 935 firmasse
763 926 772 935 .
809 932 814 935 .
849 925 860 935 .
891 893 1055 936 Jacobo
1090 893 1414 950 Lewingstown
1446 893 1498 934 de
1537 892 1772 934 Caldhame
1793 892 2025 934 heredibus
2055 891 2146 934 suis
2177 896 2222 934 et
2241 892 2479 947 assignatis

535 974 861 1028 quibuscunque
901 972 1159 1015 hereditarie
1197 976 1397 1024 totas‚et
1431 973 1627 1029 integras
1661 975 1804 1014 terras
1839 975 2090 1014 tenementa
2124 985 2250 1013 acras
2286 976 2399 1014 terre
2437 980 2481 1013 et

536 1051 623 1094 alia
661 1052 902 1108 respectiue
936 1052 1259 1108 particulariter
1294 1052 1540 1108 subscripta
1574 1052 1774 1094 videlicet
1808 1083 1818 1094 .
1852 1082 1863 1094 .
1898 1084 1907 1093 .
1938 1051 2058 1093 illam
2094 1051 2271 1094 tertiam
2310 1055 2478 1107 partem

536 1136 749 1194 terrarum
784 1131 887 1173 ville
922 1131 975 1173 de
1011 1131 1158 1174 Eister
1187 1131 1387 1174 Drwmes
1420 1132 1523 1188 (que
1558 1131 1642 1174 fuit
1673 1132 1874 1188 perprius
1905 1132 2009 1174 dieti
2040 1130 2194 1173 Jacobi
2225 1145 2303 1187 per
2331 1131 2474 1186 ipsum

538 1212 592 1254 ab
632 1211 810 1253 Andrea
843 1210 961 1253 Wod
996 1211 1086 1254 filio
1121 1212 1338 1267 quondam
1377 1211 1551 1254 Valteri
1598 1211 1712 1254 Wod
1748 1212 1801 1253 de
1838 1211 2095 1254 Fettercarn
2131 1210 2388 1266 conquesta)
2429 1224 2479 1252 ac

449 1306 456 1311 ·
540 1291 713 1333 tertiam
749 1294 917 1346 partem
953 1290 1062 1332 mori
1096 1290 1227 1347 vulgo
1264 1291 1320 1333 lie
1354 1291 1621 1347 Beschoppis
1657 1291 1810 1333 Firthe
1845 1291 2082 1347 nuncupati
2125 1305 2222 1332 eum
2254 1324 2264 1333 .
2299 1323 2308 1333 .
2342 1323 2352 1332 .
2384 1304 2482 1346 per-

540 1371 737 1413 tinentiis
772 1371 1005 1413 earundem
1042 1370 1367 1426 quibuscunque
1399 1371 1597 1426 jacentes
1631 1371 1676 1411 in
1710 1371 1899 1413 dominio
1929 1371 1982 1412 de
2014 1371 2201 1412 Breehin
2232 1370 2347 1412 infra
2369 1371 2482 1412 vice-

541 1450 790 1492 comitatum
811 1451 864 1491 de
886 1449 1054 1499 Forfar‚
1075 1450 1259 1491 acetiam
1292 1482 1302 1492 .
1336 1481 1346 1491 .
1378 1482 1387 1492 .
1420 1450 1541 1492 illam
1571 1450 1755 1492 alteram
1785 1451 1961 1492 tertiam
1987 1453 2158 1506 partem
2188 1454 2403 1492 terrarum
2425 1450 2478 1492 de

541 1530 688 1573 Eister
717 1529 917 1572 Drwmes
953 1530 1171 1585 (perprius
1207 1530 1423 1585 quondam
1457 1529 1708 1572 Alexandro
1741 1529 1900 1585 Ogiluy
1934 1529 1980 1571 in
2012 1529 2257 1571 feudifirma
2292 1530 2479 1572 locatam

542 1614 586 1652 et
617 1624 695 1666 per
724 1610 866 1665 ipsum
897 1610 1192 1652 Alexandrum
1214 1609 1427 1666 magistro
1450 1610 1623 1651 Andree
1654 1608 1812 1651 Leiehe
1832 1609 1991 1651 rectori
2012 1609 2064 1650 de
2087 1609 2278 1651 Kilmoir
2297 1609 2481 1665 disposi-

540 1694 630 1732 tam
664 1703 714 1731 ae
745 1703 823 1744 per
853 1688 1014 1730 dictum
1051 1688 1263 1731 ‚Iacobum
1294 1688 1607 1745 Lewingstoun
1639 1703 1667 1730 a
1698 1688 1814 1730 dicto
1842 1689 2055 1744 magistro
2083 1689 2260 1730 Andrea
2290 1692 2481 1744 emptam

589 1802 597 1810 .
634 1800 644 1811 .
681 1783 779 1810 cum
828 1768 968 1810 altera
1016 1768 1148 1810 tertia
1186 1772 1311 1823 parte
1351 1768 1461 1810 mori
1503 1768 1632 1823 vulgo
1672 1768 1730 1809 lie
1772 1767 1925 1809 Firthe
1970 1767 2208 1823 nuncupati
2247 1782 2344 1810 cum
2387 1769 2480 1811 suis

537 1880 545 1890 .
590 1880 599 1888 .
639 1880 648 1889 .
688 1847 964 1903 pertinentiis
993 1848 1168 1902 jacente
1201 1852 1251 1889 ut
1290 1861 1422 1903 supra
1459 1881 1469 1890 .
1508 1847 1693 1889 acetiam
1733 1880 1743 1888 .
1783 1879 1793 1889 .
1833 1880 1841 1890 .
1880 1847 1987 1889 illud
2028 1850 2341 1889 tenementum·
2365 1851 2479 1889 terre

537 1931 739 1969 vocatum
775 1927 831 1969 ab
863 1927 1042 1982 antiquo
1078 1926 1265 1968 Listeris
1300 1926 1416 1976 land,
1446 1930 1616 1970 tantam
1647 1932 1815 1983 partem
1851 1927 2045 1969 eiusdem
2077 1942 2160 1982 que
2191 1929 2483 1983 occupabatar

543 2007 653 2062 (per)
705 2006 920 2062 quondam
961 2006 1171 2048 Jacobum
1217 2004 1451 2061 Dempster
1491 2011 1537 2049 et
1576 2009 1792 2063 Agnetem
1833 2007 2013 2050 Painter
2052 2007 2146 2049 eius
2188 2021 2390 2062 sponsam
2438 2012 2484 2049 et

546 2101 660 2128 nune
700 2101 778 2142 per
816 2087 979 2128 dictum
1020 2086 1232 2128 Jacobum
1271 2085 1584 2142 Lewingstoun
1624 2101 1722 2128 cum
1762 2088 1890 2129 horto
1933 2088 2088 2129 horreo
2130 2091 2174 2128 et
2208 2087 2484 2143 pertinentiis

542 2167 735 2209 eiusdem
777 2166 885 2222 (No.
928 2166 1127 2223 COLH.)
1163 2167 1381 2222 jacentem
1427 2167 1542 2209 infra
1587 2166 1821 2210 Ciuitatem
1867 2167 2202 2210 Breehinensem
2246 2182 2299 2209 ex
2342 2168 2482 2209 orien-

542 2246 620 2288 tali
653 2252 777 2302 parte
808 2247 1000 2288 eiusdem
1035 2247 1152 2289 inter
1185 2261 1317 2288 unam
1352 2251 1522 2302 partem
1558 2247 1662 2289 dieti
1696 2247 1934 2289 tenementi
1969 2247 2110 2289 vocati
2145 2246 2349 2289 Litsteris
2379 2247 2482 2289 land

542 2326 685 2368 Dauid
715 2326 948 2382 Dempster
966 2325 1167 2382 pellatori
1187 2326 1271 2367 ciui
1291 2326 1403 2368 dicte
1427 2326 1630 2369 Ciuitatis
1650 2327 1910 2368 hereditarie
1942 2329 2209 2382 spectantem
2239 2331 2285 2369 et
2314 2327 2481 2368 heredi-

542 2409 623 2449 bus
643 2407 859 2462 quondam
893 2406 1098 2448 Richardi
1129 2406 1363 2462 Dempster
1394 2410 1661 2462 spectantem
1692 2421 1745 2448 ex
1776 2407 1939 2450 boreali
1972 2421 2241 2449 communem
2269 2408 2384 2449 viam
2414 2421 2484 2449 re-

542 2487 658 2541 giam
695 2486 808 2528 dicte
844 2485 1051 2529 Ciuitatis
1087 2487 1139 2527 ad
1177 2485 1376 2528 occidens
1407 2487 1519 2528 viam
1551 2501 1635 2542 que
1665 2487 1785 2528 ducit
1815 2501 1842 2528 a
1871 2491 1999 2543 porta
2031 2487 2087 2529 ad
2117 2487 2174 2528 lie
2205 2487 2328 2529 Litill
2359 2488 2484 2543 Myln

544 2564 657 2606 Dain
688 2580 742 2606 ex
773 2565 974 2608 orientali
1004 2569 1049 2607 et
1078 2565 1262 2607 australi
1292 2565 1503 2621 partibus,
1535 2566 1719 2608 acetiam
1756 2555 1860 2608 illas¹
1876 2567 1987 2609 duas
2007 2580 2134 2609 acras
2160 2569 2276 2608 terre
2306 2567 2484 2609 arabilis

544 2660 595 2685 ex
631 2645 810 2700 antiquo
845 2645 960 2687 dicto
991 2649 1238 2687 tenemento
1270 2645 1538 2700 pertinentes
1570 2678 1579 2687 .
1613 2677 1623 2687 .
1656 2678 1666 2687 .
1693 2646 1890 2700 jacentes
1922 2647 2038 2688 inter
2066 2640 2157 2688 dict
2189 2646 2323 2701 Lytill
2357 2646 2482 2702 Myln

545 2723 668 2766 Dane
705 2738 757 2765 ex
793 2724 957 2766 boreali
997 2724 1180 2766 alteram
1217 2738 1363 2766 aeram
1400 2739 1515 2766 nunc
1555 2725 1601 2766 in
1636 2725 1776 2767 hortis
1811 2725 2032 2767 redactam
2069 2731 2114 2769 et
2154 2727 2397 2768 edificatam
2433 2741 2485 2767 ex

548 2803 731 2845 australi
769 2803 824 2844 lie
857 2803 1065 2845 Common
1097 2803 1221 2844 Dean
1253 2818 1307 2844 ex
1343 2803 1547 2846 orientali
1587 2808 1631 2846 et
1666 2804 1781 2846 viam
1810 2805 2049 2860 predictam
2086 2820 2168 2861 que
2204 2806 2323 2847 ducit
2343 2806 2398 2847 ad
2428 2806 2483 2846 lie

550 2882 673 2937 Myln
707 2881 830 2923 Daue
861 2897 913 2923 ex
956 2882 1239 2932 occidentali;
1283 2898 1467 2938 quarum
1508 2898 1706 2925 acrarum
1747 2898 1848 2934 una,
1887 2884 2090 2926 videlicet
2129 2885 2336 2927 australis
2367 2899 2481 2935 aera,

550 2962 749 3016 perprius
772 2963 996 3016 spectabat
1015 2962 1245 3004 heredibus
1275 2963 1493 3018 quondam
1524 2963 1689 3005 Thome
1720 2963 1875 3005 Bowse
1905 2964 1951 3005 in
1982 2962 2169 3006 Breehin
2186 2979 2197 3014 ;
2229 2965 2483 3020 quequidem

548 3054 646 3081 aere
668 3054 781 3080 nune
802 3054 879 3095 per
911 3040 1144 3096 Georgium
1174 3040 1351 3084 Wricht
1377 3042 1594 3084 notarium
1626 3047 1893 3098 occupantur
1923 3075 1933 3084 .
1967 3043 2231 3098 Quequidem
2262 3058 2411 3086 omnes
2441 3050 2486 3087 et

551 3118 718 3174 singule
759 3124 873 3160 terre
919 3152 928 3160 .
973 3152 984 3160 .
1028 3152 1037 3160 .
1078 3120 1254 3163 fuerunt
1293 3121 1493 3176 perprius
1533 3120 1636 3163 dicti
1678 3120 1831 3163 Jacobi
1872 3120 2184 3178 Lewingstoun
2225 3123 2484 3166 hereditarie

550 3212 599 3239 ac
640 3197 919 3252 quasquidem
954 3231 962 3239 .
997 3231 1005 3239 .
1040 3231 1049 3240 .
1080 3199 1125 3240 in
1165 3200 1364 3242 manibus
1399 3200 1507 3242 meis
1542 3203 1750 3255 tanquam
1783 3201 1829 3242 in
1864 3201 2065 3243 manibus
2104 3202 2266 3244 domini
2308 3205 2375 3245 sui
2415 3219 2486 3246 su-

551 3276 733 3333 perioris
777 3309 787 3317 .
835 3308 845 3317 .
893 3309 901 3316 .
947 3277 1202 3333 simpliciter
1246 3279 1489 3335 resignauit
1520 3311 1530 3321 .
1569 3311 1579 3320 .
1619 3311 1628 3320 .
1664 3294 1743 3335 pro
1787 3280 1869 3321 hac
1910 3281 2101 3335 presenti
2143 3296 2258 3323 noua
2297 3283 2488 3325 infeoda-

551 3357 668 3398 tione
700 3387 710 3397 .
744 3387 753 3396 .
787 3387 796 3397 .
829 3354 1014 3410 Insuper
1051 3371 1130 3398 nos
1162 3358 1303 3399 dietus
1339 3358 1539 3400 Andreas
1573 3358 1800 3414 episcopus
1831 3358 2138 3402 Breehinensis
2159 3375 2253 3402 eum
2276 3376 2489 3405 consensu

554 3435 745 3491 predicto
781 3448 856 3489 pro
890 3435 1020 3477 certis
1052 3437 1331 3492 pecuniarum
1366 3437 1546 3479 summis
1566 3438 1691 3479 nobis
1723 3470 1732 3479 .
1766 3470 1776 3479 .
1809 3470 1819 3479 .
1850 3453 1928 3494 per
1957 3439 2117 3481 dictum
2150 3439 2359 3482 Jacobum
2394 3457 2491 3497 per-
