3016 3958
227 1383 578 1453 ocoLxXXV.

1092 581 1414 638 GARTAE
1454 581 2086 638 MISCELLANEAE.
2450 582 2561 639 369

609 757 902 813 predictarum
944 763 1160 803 terrarum
1201 766 1247 805 et
1285 763 1503 805 communi
1543 766 1728 819 pastura
1771 763 1817 804 in
1863 763 2025 805 eisdem
2065 794 2074 804 .
2112 796 2121 804 .
2161 795 2169 804 .
2207 765 2416 804 consueta
2462 777 2559 804 cum

591 838 858 882 tenentibus
891 841 1133 884 tenandriis
1168 841 1251 899 [et]
1287 842 1666 886 liberetenentium
1708 843 1900 885 seruitiis
1943 842 2178 885 earundem
2211 875 2221 885 .
2254 842 2471 884 Tenendis
2507 842 2559 884 de

607 918 733 961 nobis
765 950 775 960 .
808 951 817 961 .
850 951 859 961 .
887 920 1050 964 virtute
1081 954 1090 964 .
1122 955 1132 965 .
1165 953 1174 965 .
1205 922 1292 965 acti
1313 922 1620 965 annexationis
1648 954 1658 965 .
1691 955 1700 964 .
1733 953 1742 963 .
1772 923 2090 980 imperpetuum
2123 952 2133 963 .
2165 952 2175 963 .
2208 955 2217 964 .
2247 936 2340 963 eum
2365 921 2562 964 clausula

605 997 659 1039 de
680 997 811 1041 Nouo
831 999 986 1042 damus
1016 1032 1027 1045 .
1061 1031 1071 1042 .
1104 1033 1113 1043 .
1146 1002 1276 1058 Apud
1307 1001 1623 1058 Halyrudhous
1643 1002 1848 1045 vicesimo
1870 1002 2023 1058 quinto
2049 1002 2117 1044 die
2145 1001 2309 1044 mensis
2331 1001 2558 1044 Februarii

606 1092 721 1121 anno
745 1079 923 1122 Domini
944 1081 1174 1124 millesimo
1198 1083 1548 1140 quingentesimo
1569 1083 1853 1140 nonagesimo
1876 1087 2032 1139 quarto
2064 1086 2109 1126 et
2138 1082 2263 1139 regni
2284 1083 2424 1125 nostri
2445 1097 2559 1125 anno

606 1159 809 1203 vicesimo
839 1164 993 1205 octauo
1027 1193 1037 1203 .

605 1395 876 1465 Preceptum
899 1412 1020 1452 carte
1042 1409 1387 1453 confirmationis
1421 1440 1431 1451 .
1466 1440 1476 1451 .
1510 1442 1519 1452 .
1553 1423 1684 1466 super
1704 1412 1827 1452 carta
1855 1441 1864 1451 .
1895 1442 1904 1451 .
1936 1442 1945 1451 .
1976 1423 2183 1451 concessa
2204 1424 2282 1466 per
2302 1409 2560 1465 magistrum

605 1488 841 1545 Georgium
873 1489 1095 1531 Meldrum
1126 1489 1262 1531 filium
1299 1493 1344 1532 et
1378 1489 1582 1531 heredem
1618 1489 1821 1545 magistri
1860 1488 2036 1545 Georgii
2073 1489 2294 1531 Meldrum
2330 1490 2561 1545 burgensis

602 1569 655 1610 de
678 1568 866 1611 Carraill
888 1568 1050 1611 ,Ioanni
1066 1569 1227 1625 Audny
1249 1569 1340 1611 filio
1363 1572 1408 1612 et
1428 1569 1578 1611 heredi
1595 1569 1824 1626 apparent-i
1847 1569 2022 1611 Andree
2045 1569 2203 1626 Audny
2225 1554 2332 1612 ciuis
2355 1568 2561 1612 Ciuitatis

602 1649 913 1692 Brechinensis
945 1653 990 1692 et
1022 1649 1270 1692 Katherine
1290 1648 1492 1706 Weymis
1525 1664 1601 1691 sue
1634 1663 1793 1705 sponse
1826 1682 1835 1691 .
1869 1681 1878 1691 .
1913 1680 1923 1690 .
1957 1652 2002 1691 et
2031 1649 2265 1691 heredibus
2295 1649 2410 1691 inter
2439 1649 2559 1705 ipsos

603 1728 818 1786 legittime
859 1730 1099 1786 procreatis
1133 1762 1143 1772 .
1182 1762 1191 1772 .
1230 1761 1240 1771 .
1274 1731 1432 1785 quibus
1472 1729 1776 1772 deficientibus
1816 1729 2050 1771 heredibus
2092 1732 2136 1771 et
2175 1728 2415 1784 assignatis
2454 1729 2559 1771 dicti

602 1808 788 1851 Joannis
829 1811 1157 1866 quibuscunque
1193 1842 1202 1851 .
1238 1842 1247 1852 .
1283 1842 1293 1852 .
1328 1810 1380 1851 de
1418 1842 1427 1851 .
1467 1842 1476 1852 .
1515 1842 1524 1852 .
1561 1809 1638 1851 illo
1679 1808 1878 1851 interiori
1918 1812 2167 1852 tenemento
2210 1823 2286 1851 seu
2326 1808 2556 1865 posteriori

601 1894 755 1932 vocato
777 1889 1011 1933 Aliesouns
1032 1890 1156 1932 Land
1181 1890 1282 1945 (No.
1306 1889 1547 1945 CXXXI.)
1569 1903 1754 1931 vnacum
1771 1889 1910 1944 janua
1930 1889 2152 1931 interioris
2168 1889 2405 1931 tenementi
2419 1888 2555 1931 libero

600 1970 784 2012 introitu
816 1973 860 2012 et
890 1971 1010 2012 exitu
1047 1969 1255 2019 eiusdem,
1292 1969 1477 2012 acetiam
1514 1970 1567 2010 de
1603 1983 1688 2010 vno
1724 1968 1856 2009 cubili
1893 1982 1970 2010 seu
2005 1982 2178 2010 camera
2213 1983 2299 2010 vna
2335 1967 2555 2024 superiore

601 2050 832 2092 anterioris
864 2049 1103 2092 tenementi
1134 2049 1324 2091 eiusdem
1358 2063 1436 2105 per
1466 2048 1682 2091 Joannem
1717 2047 1874 2089 Allane
1902 2063 1981 2104 pro
2009 2051 2205 2104 tempore
2239 2052 2462 2105 occupata,
2487 2049 2558 2103 ja-

600 2129 798 2171 centibus
829 2144 883 2171 ex
914 2129 1115 2171 orientali
1135 2133 1261 2185 parte
1283 2128 1396 2170 dicte
1420 2127 1624 2170 Ciuitatis
1645 2127 1762 2170 inter
1782 2131 1924 2169 terras
1945 2127 2049 2170 dicti
2072 2128 2280 2185 Magistri
2303 2128 2479 2186 Georgii
2500 2144 2553 2170 ex

599 2209 764 2251 boreali
786 2209 987 2251 orientali
1018 2212 1064 2251 et
1094 2208 1279 2251 australi
1300 2209 1500 2265 partibus
1519 2223 1634 2250 nunc
1666 2207 1860 2250 Roberto
1893 2208 2092 2264 Kynneir
2123 2208 2283 2251 Joanni
2315 2213 2360 2252 et
2390 2210 2554 2252 Thome

599 2289 793 2331 Liddells
819 2290 1063 2345 respectiue
1094 2289 1139 2330 in
1169 2288 1415 2331 feudifirma
1446 2288 1612 2331 locatas
1645 2293 1689 2330 et
1719 2289 1914 2330 anterius
1935 2292 2231 2331 tenementum
2263 2289 2455 2331 eiusdem
2477 2303 2554 2345 per

599 2369 627 2410 J
631 2383 814 2411 oannem
835 2368 994 2411 Allane
1017 2356 1284 2424 occupatum
1306 2369 1362 2410 ad
1393 2367 1658 2410 occidentem
1681 2382 1778 2409 eum
1809 2368 1937 2410 horto
1969 2372 2014 2410 et
2043 2363 2200 2411 ho'rreo
2221 2369 2413 2411 eiusdem
2435 2373 2555 2412 tene-

598 2449 735 2491 menti
755 2452 886 2504 prout
905 2462 984 2504 per
1004 2448 1166 2490 dictum
1192 2447 1414 2490 Andream
1446 2447 1605 2503 Audny
1636 2478 1646 2489 .
1679 2479 1688 2489 .
1722 2479 1732 2489 .
1765 2451 2046 2502 occupantur,
2079 2462 2245 2490 necnon
2276 2449 2329 2490 de
2361 2449 2554 2491 occiden-

597 2529 678 2570 tali
709 2529 978 2571 dimidietate
1009 2528 1128 2570 illius
1161 2527 1276 2583 petie
1308 2531 1423 2570 terre
1457 2527 1635 2569 arabilis
1670 2527 1908 2582 spectantis
1938 2530 2188 2570 tenemento
2218 2528 2322 2571 dicti
2352 2530 2554 2585 magistri

600 2607 776 2664 Georgii
811 2611 965 2650 vocato
1003 2607 1311 2663 Buttergaskis
1348 2605 1472 2648 Land
1509 2605 1641 2660 (Nos.
1679 2604 1896 2649 CXXXI.
1934 2610 1980 2649 et
2021 2605 2181 2661 CLII.)
2223 2622 2301 2663 per
2341 2607 2554 2651 Thomam

599 2688 796 2730 Bouman
827 2702 905 2744 pro
936 2691 1130 2743 tempore
1161 2689 1372 2742 occupata
1397 2685 1570 2740 jacente
1604 2699 1658 2726 ex
1679 2684 1881 2727 orientali
1911 2688 2036 2741 parte
2066 2686 2179 2728 dicte
2212 2687 2418 2731 Ciuitatis
2438 2688 2554 2732 inter

597 2772 739 2810 terras
775 2767 963 2810 arabiles
996 2765 1236 2822 capellanie
1274 2765 1424 2808 Sancti
1461 2764 1644 2807 Niniani
1679 2779 1794 2807 nunc
1827 2765 1991 2807 Jacobo
2027 2765 2253 2822 Chapman
2290 2768 2550 2811 hereditarie

597 2851 847 2904 spectantes
879 2847 933 2889 ad
963 2846 1229 2888 occidentem
1251 2849 1393 2888 terras
1414 2844 1632 2901 quondam
1652 2844 1868 2886 Willelmi
1890 2845 2066 2887 Ricardi
2088 2860 2203 2888 nunc
2225 2861 2328 2890 vero
2349 2849 2550 2905 magistri

598 2928 783 2970 Joannis
821 2927 1052 2970 Ookburne
1092 2941 1147 2968 ex
1186 2925 1351 2968 boreali
1392 2925 1576 2967 alteram
1613 2923 1926 2967 dimidietatem
1962 2925 2154 2968 eiusdem
2192 2927 2310 2983 pecie
2342 2931 2458 2970 terre
2499 2944 2553 2970 ex

596 3007 800 3051 orientali
830 3012 875 3050 et
908 3021 1134 3050 commune
1167 3009 1342 3049 antrum
1376 3019 1430 3047 ex
1465 3004 1650 3047 australi
1685 3004 1884 3060 partibus
1919 3036 1929 3046 .
1963 3005 2180 3048 Tenendis
2213 3007 2266 3049 de
2299 3007 2550 3050 Alexandro

597 3088 800 3143 episcopo
842 3086 1126 3129 Brechinensi
1164 3118 1173 3127 .
1213 3116 1222 3127 .
1261 3118 1270 3127 .
1307 3086 1625 3141 imperpetuum
1663 3117 1672 3126 .
1712 3116 1721 3126 .
1760 3116 1769 3126 .
1808 3084 1937 3140 Apud
1978 3084 2310 3141 Halyruidhous
2345 3087 2549 3130 vicesimo

596 3170 753 3222 quarto
785 3166 853 3208 die
886 3167 1050 3208 mensis
1085 3165 1240 3218 Martii
1268 3179 1383 3207 anno
1413 3163 1590 3206 Domini
1622 3163 1852 3206 millesimo
1885 3164 2234 3221 quingentesimo
2267 3168 2549 3224 nonagesimo

596 3250 753 3301 quarto
776 3249 821 3289 et
841 3246 965 3302 regni
987 3245 1150 3288 domini
1172 3244 1307 3301 Regis
1328 3243 1531 3286 vicesimo
1554 3247 1708 3286 octauo
1739 3275 1749 3285 .

1534 3409 1618 3450 3a
