3016 3958
481 634 588 688 148
1063 593 1354 686 CARTAE
1399 630 1898 686 oRIGINALEs

485 911 858 961 Instrumentum
885 911 1057 961 saisine
1082 910 1130 958 in
1154 910 1361 958 favorem
1389 909 1589 972 Agnetis
1614 910 1798 957 Baxter
1836 938 1846 947 ·

170 1090 461 1138 LXXXVI.
493 1056 573 1137 In
614 1090 803 1138 nomine
847 1090 1039 1138 Domini
1079 1118 1088 1128 -
1128 1119 1137 1127 ·
1177 1118 1187 1128 ·
1223 1093 1389 1154 pateat
1438 1090 1563 1153 quod
1610 1105 1734 1137 anno
1777 1090 2129 1139 Inoarnationis
2171 1090 2421 1140 Dominice

482 1183 732 1233 millesimo
769 1185 1227 1248 quadringentesimo
1264 1184 1568 1247 nonagesimo
1603 1200 1728 1232 nono
1770 1184 1945 1233 mensis
1984 1183 2206 1234 Octobris
2243 1186 2320 1232 die
2360 1187 2425 1232 vi-

482 1274 659 1323 oesimo
698 1274 966 1324 Indictione
1004 1275 1150 1323 tertia
1190 1274 1500 1322 Pontificatus
1538 1302 1547 1311 ·
1587 1301 1597 1312 e
1638 1303 1646 1312 -
1689 1273 1956 1322 Alexandri
1996 1302 2005 1311 ·
2045 1302 2055 1312 ·
2095 1302 2104 1311 -
2142 1290 2262 1337 pape
2298 1275 2423 1323 sexti

483 1379 608 1412 anno
631 1367 803 1412 octauo
841 1393 851 1401 ·
891 1392 901 1402 ·
939 1392 950 1402 ·
986 1363 1300 1427 personaliter
1325 1363 1613 1412 constitutus
1636 1362 1924 1411 honorabilis
1949 1363 2019 1410 vir
2045 1363 2287 1411 Robertus
2324 1363 2426 1411 Lit-

483 1456 584 1502 star
607 1468 727 1502 vnus
750 1452 1030 1501 balliuorum
1057 1452 1281 1501 Ciuitatis
1307 1451 1642 1500 Breohinensis
1665 1451 1867 1500 accessit
1892 1453 1951 1498 ad
1979 1453 2215 1515 quandam
2241 1458 2423 1516 partem

483 1542 744 1591 tenementi
763 1542 970 1604 jacentis
994 1542 1116 1589 infra
1142 1541 1401 1589 Ciuitatem
1422 1541 1788 1588 Breehinensem
1815 1557 1875 1588 ex
1900 1544 2035 1603 parte
2060 1541 2279 1588 orientali
2304 1542 2425 1590 eius-

483 1633 589 1680 dem
614 1632 740 1679 inter
773 1635 927 1679 terras
954 1630 989 1677 J
993 1631 1192 1679 ohannis
1218 1629 1373 1678 Avale
1396 1634 1494 1677 tam
1531 1630 1591 1676 ad
1627 1633 1839 1677 austrum
1877 1646 2014 1693 quam
2051 1631 2112 1677 ad
2149 1631 2338 1678 boream
2375 1637 2423 1679 et

481 1721 605 1768 viam
630 1721 807 1784 regiam
831 1721 892 1768 ad
917 1720 1212 1769 occidentem
1249 1723 1298 1767 et
1333 1723 1486 1767 terras
1524 1718 1749 1766 heredum
1775 1719 2010 1782 quondam
2035 1719 2068 1765 J
2073 1719 2271 1767 ohannis
2296 1720 2425 1768 Scall

481 1811 542 1857 ad
578 1810 810 1858 orientem
849 1813 898 1857 et
936 1809 1111 1857 ibidem
1153 1808 1376 1857 recitauit
1413 1809 1538 1871 quod
1578 1809 1738 1871 Agnes
1775 1808 1958 1855 Baxter
1993 1824 2117 1855 nuno
2142 1824 2314 1871 sponsa
2337 1810 2424 1857 Jo-

480 1898 650 1947 hannis
672 1898 705 1945 J
710 1898 828 1946 offra
852 1898 972 1946 ciuis
997 1898 1224 1947 Ciuitatis
1244 1896 1579 1945 Breohinensis
1603 1913 1687 1959 per
1709 1896 2060 1960 inquisitionem
2086 1897 2423 1960 fidedignorum

484 1987 800 2036 communium
826 1987 1214 2036 Breohinensium
1239 1986 1429 2049 cognita
1462 1985 1553 2033 fuit
1588 1986 1635 2032 in
1673 1983 1832 2047 our[ia
1856 1986 2114 2051 affirmata]
2142 1986 2352 2048 legitima
2375 1992 2424 2035 et

484 2077 788 2141 propinquior
828 2077 964 2125 heres
1008 2075 1243 2124 Richardiv
1279 2076 1463 2123 Litstar
1508 2075 1565 2122 de
1614 2074 1743 2121 diota
1783 2078 1918 2137 parte
1959 2075 2219 2122 tenementi
2268 2077 2424 2131 Quare

486 2167 641 2214 dietus
684 2166 923 2214 Robertus
963 2164 1166 2213 balliuus
1203 2193 1213 2203 ·
1254 2193 1263 2202 -
1304 2193 1313 2202 ·
1349 2164 1572 2213 salsinam
1611 2168 1661 2211 et
1703 2164 2038 2211 hereditariam
2081 2166 2423 2228 possessionem

487 2256 613 2303 dicte
637 2255 788 2319 partis
809 2254 1072 2302 tenementi
1098 2255 1223 2302 dicte
1251 2254 1431 2316 Agneti
1466 2269 1551 2316 per
1572 2253 1878 2301 traditionem
1903 2253 1948 2300 le
1975 2254 2110 2317 Hesp
2135 2259 2184 2302 et
2210 2254 2418 2321 S[tapil]

486 2350 705 2408 terreque
743 2349 792 2393 et
829 2344 1000 2407 lapidis
1038 2343 1338 2391 donationem
1379 2343 1509 2390 dedit
1549 2341 1750 2389 eontulit
1783 2342 1960 2404 pariter
1998 2347 2047 2390 et
2086 2343 2374 2392 ministrauit
2413 2374 2422 2382 -

487 2434 632 2482 Saluo
648 2434 755 2496 jure
780 2431 1033 2481 cuiuslibet
1070 2460 1081 2470 ·
1119 2435 1192 2479 Ao
1217 2433 1365 2495 ipsam
1394 2431 1634 2493 Agnetem
1671 2430 1718 2476 in
1755 2430 1931 2478 dietam
1956 2435 2139 2494 partem
2164 2435 2423 2482 tenementi

485 2523 676 2572 inclusit
713 2527 761 2571 et
798 2522 844 2570 in
869 2537 986 2585 paee
1010 2521 1191 2570 remisit
1229 2550 1240 2559 ·
1277 2522 1429 2584 Super
1453 2520 1622 2584 quibus
1661 2547 1669 2556 ·
1710 2547 1719 2556 ·
1759 2548 1769 2557 ·
1808 2519 1938 2567 dieta
1964 2520 2128 2583 Agnes
2165 2538 2194 2569 a
2231 2539 2306 2570 me
2344 2539 2426 2570 no-

486 2613 611 2662 tario
648 2640 658 2650 ·
699 2641 708 2649 ·
748 2640 757 2650 ·
794 2611 884 2659 sibi
907 2610 1007 2658 fieri
1031 2610 1171 2674 petiit
1205 2610 1566 2658 instrumentum
1606 2636 1616 2646 ·
1656 2636 1665 2645 ·
1706 2637 1716 2646 -
1754 2610 1880 2656 Aeta
1917 2637 1926 2646 ·
1967 2637 1976 2646 ·
2016 2636 2026 2646 ·
2063 2625 2204 2673 super
2227 2611 2423 2658 fundum

487 2702 602 2749 dieti
625 2700 887 2749 tenementi
925 2728 935 2737 ·
974 2728 984 2737 ·
1024 2727 1034 2737 ·
1072 2699 1378 2747 Presentibus
1402 2698 1576 2745 ibidem
1606 2697 1820 2744 Roberto
1846 2697 1994 2745 Avale
2022 2697 2264 2747 Willelmo
2291 2700 2423 2748 Cobb

490 2790 706 2838 Gilberto
751 2787 1018 2837 Mersohale
1062 2786 1305 2836 Willelmo
1349 2788 1564 2849 Georges
1599 2790 1648 2834 et
1691 2786 1895 2848 Symone
1939 2785 2116 2834 Valoar
2155 2790 2424 2850 sergeandis

491 2896 595 2927 oum
621 2879 821 2927 diuersis
858 2906 867 2915 ·
907 2906 916 2916 -
957 2906 967 2915 ·

559 2968 626 3016 Et
660 2983 747 3030 ego
782 2965 1008 3014 Valterus
1043 2965 1185 3013 Clerk
1224 2965 1464 3013 Presbiter
1500 2964 1832 3012 Breohinensis
1867 2964 2081 3012 dioeoesis
2103 2965 2320 3027 publicus
2343 2984 2425 3015 au-

491 3056 766 3106 toritatibus
791 3054 1068 3119 Apostolioa
1102 3059 1151 3102 et
1188 3053 1431 3118 Imperiali
1455 3053 1667 3101 notarius
1704 3080 1714 3090 ·
1753 3080 1763 3089 ·
1803 3079 1812 3089 ·
1850 3052 2031 3115 signaui
2069 3080 2079 3090 ·
2118 3081 2128 3090 ·
2168 3082 2177 3091 ·
2214 3055 2261 3101 in
2286 3056 2422 3104 fidem

493 3151 542 3194 et
581 3144 905 3194 testimonium
946 3143 1162 3191 veritatis
1200 3171 1209 3181 ·
1249 3171 1258 3180 ·
1299 3170 1308 3179 -
1345 3142 1677 3206 premissorum
1718 3156 1916 3188 vnaeum
1957 3143 2243 3204 appensione
2284 3146 2424 3207 sigilli

490 3234 663 3300 prefati
689 3233 890 3281 Roberti
914 3248 998 3295 per
1023 3233 1197 3280 dietam
1224 3234 1456 3294 Agnetem
1481 3246 1586 3278 oum
1611 3230 1844 3278 instancia
1868 3230 2107 3293 impetrati
2147 3259 2157 3268 ·
