3016 3958
205 1931 502 1977 cfflJLXXV.

183 2322 506 2365 CCCLXXVI.

508 642 619 696 364
992 635 1310 691 GARTA.E
1349 631 1976 689 MISCELLANEAE.

510 819 646 861 libera
680 817 871 860 multura
900 815 1112 864 videlicet,
1146 812 1349 856 vicesimo
1380 815 1535 868 quarto
1562 825 1699 867 grano
1728 810 1791 853 uti
1820 824 1927 852 usus
1958 812 2026 852 est
2045 809 2100 851 ab
2132 809 2311 865 antiquo
2343 809 2441 851 inde

512 898 718 940 soluendo
738 900 938 944 tantum;
973 908 1052 951 pro
1080 893 1248 950 prefato
1278 894 1524 934 tenemento
1554 894 1670 933 terre
1702 922 1712 933 .
1745 921 1755 933 .
1787 921 1798 933 .
1830 894 1875 932 et
1904 890 2031 931 horto
2058 888 2230 945 jacente
2259 889 2304 931 in
2329 889 2444 931 dicta

514 977 702 1019 Ciuitate
733 974 1013 1018 Brechinensi
1044 972 1257 1015 sexdecim
1288 971 1488 1013 denarios
1518 973 1690 1013 monete
1720 969 1927 1026 predicte,
1947 983 2115 1011 necnon
2140 969 2370 1011 heredibus
2400 974 2444 1010 et

514 1056 749 1111 assignatis
769 1054 983 1110 quondam
1004 1052 1259 1095 Antunnani
1279 1049 1510 1093 Tailzeour
1532 1049 1640 1092 ciuis
1661 1048 1852 1091 eiusdem
1874 1048 2079 1091 Ciuitatis
2102 1063 2234 1090 unum
2255 1062 2445 1090 annuum

516 1136 730 1178 redditum
765 1133 918 1190 viginti
953 1114 1049 1175 ocfo
1083 1131 1316 1174 solidorum
1352 1134 1523 1173 monete
1564 1129 1779 1172 antedicte
1814 1161 1824 1171 .
1856 1162 1866 1172 .
1901 1162 1910 1171 .
1942 1143 2129 1171 unacum
2170 1129 2359 1171 seruitiis
2401 1130 2446 1170 in

517 1216 633 1258 dicta
662 1214 851 1257 Ciuitate
881 1212 1038 1255 debitis
1070 1215 1114 1253 et
1145 1210 1363 1254 consuetis
1395 1241 1406 1252 .
1438 1243 1447 1253 .
1482 1242 1490 1252 .
1522 1214 1567 1252 et
1597 1224 1676 1266 pro
1707 1209 1889 1265 prefatis
1921 1209 2050 1251 terris
2082 1209 2135 1250 de
2168 1207 2447 1265 Drumgrane

519 1328 528 1337 .
560 1327 570 1338 .
604 1327 613 1337 .
644 1294 758 1335 dicto
796 1292 968 1334 domino
1009 1291 1119 1346 Regi
1155 1294 1199 1332 et
1233 1290 1324 1332 suis
1357 1289 1563 1346 predictis
1599 1302 1811 1330 summam
1846 1289 1992 1331 decem
2027 1288 2235 1330 librarum
2276 1294 2447 1330 monete

519 1379 725 1429 tanquam
754 1372 923 1414 firmam
954 1403 963 1413 .
996 1404 1005 1414 .
1039 1404 1048 1413 .
1080 1370 1313 1412 earundem
1344 1400 1354 1412 .
1388 1400 1399 1411 .
1430 1400 1441 1411 .
1473 1374 1518 1412 et
1546 1369 1591 1411 in
1622 1368 2021 1425 augmentationem
2051 1368 2243 1423 ipsarum
2269 1368 2449 1411 rentalis

521 1466 732 1495 summam
761 1452 892 1494 trium
922 1450 1129 1493 librarum
1161 1463 1235 1491 sex
1272 1449 1506 1491 solidorum
1542 1451 1587 1491 et
1621 1452 1717 1490 octo
1747 1447 2021 1490 denariorum
2054 1480 2063 1490 .
2096 1480 2106 1490 .
2139 1480 2149 1490 .
2183 1462 2232 1490 ac
2268 1448 2449 1490 heredes

522 1530 701 1574 masculi
731 1530 834 1573 dicti
863 1529 1023 1572 domini
1053 1529 1195 1571 Dauid
1226 1528 1483 1584 duplicando
1503 1528 1663 1571 dictam
1683 1528 1967 1570 feudifirmam
1988 1528 2126 1584 primo
2157 1543 2271 1571 anno
2303 1543 2451 1571 eorum

521 1611 725 1654 introitus
756 1642 766 1652 .
798 1642 808 1652 .
840 1641 849 1653 .
881 1609 1052 1652 nomine
1074 1608 1313 1650 feudifirme
1333 1611 1505 1650 tantum
1536 1639 1546 1650 .
1579 1640 1589 1650 .
1623 1640 1632 1650 .
1664 1608 1795 1664 Apud
1824 1607 2169 1650 Halieruidhous
2199 1612 2354 1651 octauo
2382 1609 2451 1650 die

524 1689 686 1732 mensis
706 1688 930 1731 Februarii
951 1702 1064 1730 anno
1085 1686 1260 1729 Domini
1281 1687 1509 1729 millesimo
1530 1687 1877 1744 quingentesimo
1899 1688 2194 1744 octuagesimo
2216 1692 2370 1730 octauo
2402 1722 2411 1730 .

528 1917 636 1973 Grift
654 1930 722 1972 for
741 1929 814 1971 life
835 1932 881 1971 to
902 1928 1020 1971 John
1040 1927 1202 1970 Erskin
1232 1928 1281 1969 of
1307 1927 1429 1984 Logy
1450 1928 1497 1969 of
1523 1928 1598 1969 the
1618 1927 1759 1970 thirds
1781 1927 1828 1970 of
1854 1928 1929 1970 the
1949 1928 2124 1971 various
2146 1929 2455 1972 ecclesiastical

530 2010 740 2052 benefices
760 2007 964 2064 formerly
983 2007 1167 2063 granted
1195 2011 1241 2050 to
1272 2007 1341 2049 his
1370 2007 1655 2063 grandfather
1679 2006 1797 2049 John
1818 2007 1979 2049 Erskin
2005 2007 2053 2049 of
2078 2007 2191 2050 Dwn
2212 2010 2370 2066 during
2389 2011 2458 2053 his

527 2089 600 2131 life
624 2089 732 2144 (No.
754 2086 1054 2142 OCCLXVI.)
1115 2085 1256 2129 Dated
1277 2090 1325 2129 at
1345 2085 1473 2129 Leith
1497 2086 1601 2129 16th
1625 2086 1878 2142 September
1904 2090 2027 2132 1589.

535 2315 799 2384 Preceptum
829 2330 947 2370 carte
977 2326 1216 2369 feudifirme
1235 2327 1349 2368 facte
1381 2357 1391 2368 .
1425 2357 1435 2368 .
1470 2358 1479 2368 .
1510 2327 1701 2370 ,Iohanni
1732 2327 1886 2384 Layng
1914 2329 2004 2371 filio
2036 2330 2230 2387 legitimo
2262 2333 2460 2389 magistri

533 2408 745 2450 Johannis
766 2407 918 2464 Layng
937 2406 1130 2449 custodis
1161 2406 1319 2463 signeti
1352 2406 1396 2448 S.
1410 2405 1464 2449 D.
1480 2406 1537 2450 N.
1569 2406 1704 2464 Regis
1729 2421 1859 2464 super
1890 2439 1901 2450 .
1934 2440 1944 2451 .
1978 2441 1986 2450 .
2017 2410 2147 2452 terris
2177 2410 2229 2453 de
2262 2411 2460 2469 Gothyne

530 2487 692 2530 vocatis
714 2487 1011 2543 Reidgothyns
1031 2500 1128 2528 cum
1150 2485 1393 2528 molendino
1415 2486 1650 2529 earundem
1682 2517 1692 2528 .
1726 2516 1738 2528 .
1769 2519 1778 2529 .
1811 2490 1857 2530 et
1875 2488 2150 2544 pertinentiis
2173 2490 2262 2532 suis
2284 2493 2461 2548 quibus»

536 2581 700 2623 cunque
716 2566 962 2622 jacentibus
982 2566 1097 2608 infra
1115 2566 1461 2608 vicecomitatum
1481 2566 1534 2608 de
1550 2565 1731 2608 Forfare
1747 2566 1803 2609 ad
1819 2567 2081 2623 prebendam
2097 2575 2390 2627 nuncupatam
2408 2573 2462 2615 lie

534 2645 803 2701 pensionarie
819 2646 935 2688 intra
950 2645 1175 2688 ecclesiam
1196 2645 1487 2687 cathedralem
1504 2646 1837 2689 Brechinensem
1855 2649 2150 2703 spectantibus
2177 2680 2187 2691 .
2215 2683 2224 2693 .
2252 2681 2262 2693 .
2287 2666 2337 2694 ac
2352 2667 2463 2695 nunc

535 2725 580 2766 in
603 2724 800 2766 manibus
820 2724 981 2766 domini
1001 2723 1136 2781 Regis
1159 2724 1444 2767 existentibus
1476 2755 1488 2766 .
1524 2725 1745 2768 Tenendis
1777 2758 1787 2768 .
1818 2755 1830 2769 .
1864 2757 1875 2768 .
1905 2727 2075 2783 prefato
2095 2728 2287 2771 Johanni
2310 2730 2463 2788 Layng

536 2803 765 2846 heredibus
789 2805 880 2846 suis
900 2807 945 2847 et
963 2804 1199 2861 assignatis
1218 2804 1270 2846 de
1286 2804 1459 2847 domino
1479 2804 1601 2862 Rege
1622 2807 1667 2848 et
1687 2807 2007 2849 successoribus
2029 2808 2119 2850 suis
2148 2809 2194 2850 in
2223 2810 2467 2854 feudifirma

539 2897 615 2923 seu
639 2882 894 2938 emphiteosi
923 2887 968 2925 et
985 2883 1226 2926 hereditate
1254 2884 1571 2940 imperpetuum
1601 2915 1611 2927 .
1643 2884 1878 2928 Reddendo
1908 2915 1920 2928 .
1954 2916 1964 2927 .
1997 2919 2007 2929 .
2039 2901 2250 2930 summam
2282 2891 2465 2934 sedecim

538 2961 742 3003 librarum
763 2965 969 3018 tanquam
988 2963 1157 3005 firmam
1177 2963 1400 3019 antiquam
1430 2978 1508 3019 pro
1539 2963 1701 3006 eisdem
1730 2964 1930 3020 perprius
1951 2966 2063 3008 solui
2093 2967 2265 3010 solitam
2295 2973 2340 3012 et
2369 2985 2468 3014 con-

540 3043 719 3090 suetam,
741 3041 922 3084 acetiam
943 3056 1154 3085 summam
1176 3056 1251 3085 sex
1272 3042 1506 3086 solidorum
1527 3047 1572 3087 et
1591 3047 1689 3086 octo
1709 3043 1984 3087 denariorum
2003 3045 2050 3087 in
2070 3050 2466 3103 augmentationem

538 3119 716 3161 rentalis
735 3120 965 3163 earundem
983 3120 1213 3177 plusquam
1232 3136 1420 3178 vnquam
1454 3154 1463 3164 .
1495 3152 1506 3164 .
1539 3155 1549 3165 .
1579 3122 1849 3179 persolutum
1869 3123 1953 3168 fuit
1981 3124 2037 3167 ad
2066 3125 2176 3168 duos
2196 3129 2299 3170 anni
2320 3133 2467 3173 termi-

541 3211 621 3240 nos
654 3202 882 3240 consuetos
918 3231 927 3241 .
962 3229 972 3241 .
1009 3231 1019 3242 .
1047 3201 1219 3243 nomine
1253 3201 1506 3256 feudifirme,
1537 3216 1706 3245 necnon
1734 3202 1916 3246 heredes
1949 3203 2054 3247 dicti
2086 3205 2300 3250 Johannis
2331 3209 2471 3266 dupli-

540 3276 675 3319 cando
695 3277 929 3332 predictam
949 3278 1237 3322 feudifirmam
1257 3281 1384 3323 vnius
1413 3281 1516 3323 anni
1546 3295 1695 3323 eorum
1724 3281 1852 3338 primi
1881 3282 2086 3326 introitus
2115 3291 2247 3341 prout
2275 3303 2379 3331 vsus
2401 3297 2469 3334 est

543 3355 782 3398 feudifirme
811 3358 981 3399 tantum
1013 3390 1023 3400 .
1055 3390 1064 3400 .
1100 3389 1109 3399 .
1140 3358 1268 3415 Apud
1289 3358 1630 3403 Halieruidhous
1651 3363 1805 3404 octauo
1835 3361 1904 3404 die
1932 3363 2092 3406 mensis
2125 3363 2324 3410 Octobris
2354 3383 2468 3413 anno

549 3434 724 3477 Domini
744 3434 971 3478 millesimo
994 3437 1337 3494 quingentesimo
1357 3438 1637 3495 nonagesimo
1670 3469 1681 3480 .
