3016 3958
981 656 1191 712 CART
1201 656 1303 712 AE
1343 655 1973 713 MISCELLANEAE.
2331 657 2442 717 379

495 836 541 877 in
562 836 746 878 baronia
767 836 819 878 de
846 836 1013 879 Kethik
1035 840 1080 879 et
1100 837 1215 879 infra
1242 837 1592 879 vicecomitatum
1613 837 1666 879 de
1688 836 1847 879 Forfar
1878 869 1886 879 .
1920 869 1929 879 .
1965 870 1974 880 .
2006 837 2191 880 acetiam
2225 869 2234 879 .
2266 870 2275 881 .
2312 870 2320 879 .
2351 852 2451 880 con-

493 915 704 959 cessimus
737 946 748 959 .
781 949 790 958 .
823 949 831 959 .
863 918 1033 973 prefato
1057 916 1244 973 Georgio
1276 949 1285 959 .
1319 949 1329 959 .
1363 947 1372 959 .
1402 916 1636 959 heredibus
1658 918 1749 959 suis
1770 921 1816 959 et
1831 916 2070 974 assignatis
2101 950 2110 960 .
2146 950 2155 960 .
2189 950 2198 960 .
2230 918 2448 974 predictas

494 1000 636 1038 terras
656 997 709 1039 de
734 997 846 1053 Syde
876 1011 973 1039 cum
1006 1028 1015 1039 .
1053 1030 1061 1039 .
1092 1029 1102 1040 .
1133 996 1380 1040 molendino
1402 997 1458 1039 lie
1480 996 1739 1053 Newmylne
1771 1029 1780 1039 .
1813 1029 1823 1040 .
1856 1025 1867 1041 .
1898 997 2030 1040 terris
2059 997 2384 1040 molendinariis
2406 1001 2451 1039 et

494 1077 687 1120 astrictis
731 1077 937 1121 multuris
972 1109 983 1120 .
1017 1110 1026 1120 .
1063 1110 1073 1120 .
1109 1076 1377 1134 Quequidem
1416 1081 1533 1120 terre
1574 1091 1672 1119 cum
1702 1076 1950 1119 molendino
1983 1107 1994 1118 .
2027 1108 2038 1118 .
2074 1109 2083 1119 .
2114 1081 2160 1120 et
2189 1109 2199 1120 .
2233 1110 2242 1120 .
2275 1109 2285 1120 .
2317 1077 2452 1134 perti·

493 1158 656 1200 nentiis
688 1188 699 1199 .
731 1148 746 1200 ζ.
773 1190 784 1200 .
816 1158 1086 1214 episcopatui
1108 1157 1392 1199 Brechinensi
1413 1160 1624 1213 tanquam
1644 1170 1748 1213 pars
1768 1160 1986 1199 terrarum
2011 1157 2316 1214 temporalium
2353 1189 2361 1198 .
2393 1190 2401 1199 .
2441 1189 2449 1198 .

495 1237 746 1293 patrimonii
787 1237 982 1280 eiusdem
1014 1267 1026 1279 .
1058 1270 1067 1280 .
1106 1268 1114 1278 .
1143 1237 1450 1294 pertinuerunt
1492 1240 1538 1279 et
1576 1250 1691 1278 nunc
1731 1235 1857 1279 nobis
1903 1237 2126 1293 pertinent
2156 1270 2165 1279 .
2201 1267 2212 1280 .
2245 1269 2254 1278 .
2287 1237 2450 1279 virtute

495 1318 582 1360 acti
617 1318 922 1361 annexationis
953 1349 962 1360 .
995 1347 1006 1358 .
1039 1349 1050 1359 .
1080 1317 1316 1360 Reddendo
1353 1316 1580 1359 annuatim
1610 1316 1728 1359 dicta
1758 1316 2016 1360 Elizabetha
2046 1348 2056 1360 .
2091 1350 2101 1360 .
2137 1349 2146 1358 .
2178 1321 2223 1360 et
2254 1317 2450 1374 prefatus

497 1398 712 1455 Georgius
751 1397 940 1454 Barclay
974 1429 982 1438 .
1015 1429 1024 1439 .
1061 1429 1069 1438 .
1102 1410 1317 1439 summam
1352 1396 1501 1438 decem
1535 1395 1744 1439 librarum
1779 1400 1824 1440 et
1856 1397 2013 1452 viginti
2045 1397 2322 1440 denariorum
2355 1431 2364 1440 .
2397 1430 2407 1439 .
2441 1428 2450 1438 .

495 1481 668 1521 monete
716 1478 842 1534 regni
880 1508 891 1518 .
927 1508 937 1519 .
980 1508 990 1518 .
1027 1461 1238 1535 tanquam
1288 1476 1538 1532 antiquam,
1565 1476 1858 1519 feudifirmam
1896 1507 1906 1518 .
1944 1509 1954 1519 .
1994 1508 2005 1518 .
2045 1492 2231 1520 vnacum
2283 1493 2453 1520 summa

494 1557 812 1613 quinquaginta
851 1556 980 1598 vnius
1023 1555 1260 1598 solidorum
1302 1559 1400 1598 octo
1442 1555 1721 1598 denariorum
1767 1560 1942 1599 monete
1982 1557 2201 1600 antedicte
2242 1562 2452 1614 tanquam

496 1651 644 1679 annua
682 1636 1043 1693 augmentatione
1089 1635 1272 1678 rentalis
1313 1636 1550 1678 earundem
1590 1636 1637 1678 in
1679 1636 1967 1693 originalibus
2000 1667 2011 1677 .
2045 1668 2055 1678 .
2088 1669 2097 1680 .
2129 1638 2453 1681 infeofamentis

586 1750 596 1759 .
627 1721 834 1760 contenta
864 1730 1050 1759 vnacum
1083 1730 1254 1759 summa
1283 1717 1510 1759 duodecim
1541 1717 1819 1759 denariorum
1853 1749 1863 1759 .
1898 1748 1908 1759 .
1942 1749 1953 1759 .
1984 1718 2030 1760 in
2052 1720 2451 1775 augmentationem

496 1798 638 1841 nostri
670 1797 853 1840 rentalis
885 1796 1120 1853 plusquam
1156 1829 1163 1839 .
1195 1830 1204 1841 .
1240 1829 1257 1860 ·.
1282 1800 1399 1840 terre
1432 1827 1444 1839 .
1475 1829 1486 1839 .
1521 1829 1530 1840 .
1562 1797 1763 1854 perprius
1799 1797 2028 1841 solucrunt
2061 1829 2071 1840 .
2099 1831 2109 1841 .
2137 1832 2146 1842 .
2179 1800 2451 1842 extendendo

496 1880 541 1921 in
562 1878 735 1934 integro
767 1877 824 1920 ad
853 1890 1067 1919 summam
1088 1876 1316 1920 duodecim
1336 1877 1546 1920 librarum
1567 1877 1896 1934 quatuordecim
1925 1878 2161 1921 solidorum
2192 1884 2237 1922 et
2266 1884 2454 1936 quatuor

496 1960 775 2002 denariorum
797 1958 852 2000 ad
886 1989 896 1999 .
929 1991 938 2000 .
974 1988 984 2000 .
1015 1958 1227 2001 terminos
1256 1962 1489 2002 consuetos
1523 1989 1533 1999 .
1567 1991 1576 2000 .
1610 1988 1621 2000 .
1653 1959 1836 2001 acetiam
1867 1959 2075 2001 soluendo
2101 1961 2326 2003 annuatim
2347 1961 2453 2003 duo-

497 2046 635 2088 decim
656 2057 844 2100 capones
866 2046 911 2086 et
931 2042 1157 2085 duodecim
1174 2042 1372 2100 pultreas
1388 2043 1561 2086 nomine
1577 2043 1834 2094 feudifirme,
1854 2043 2296 2101 necnon'duplicando
2313 2045 2452 2088 dictas

497 2159 507 2168 .
543 2158 551 2167 .
586 2158 595 2167 .
628 2124 830 2167 deuorias
860 2123 916 2166 ad
938 2123 1166 2166 introitum
1187 2123 1527 2180 vniuscuiusque
1547 2124 1721 2166 heredis
1752 2156 1762 2167 .
1798 2155 1808 2165 .
1841 2157 1850 2166 .
1882 2138 1933 2166 ac
1964 2157 1975 2166 .
2010 2156 2020 2166 .
2054 2157 2064 2167 .
2096 2126 2332 2181 prestando
2363 2129 2454 2168 tres

498 2209 642 2248 sectas
673 2205 729 2246 ad
756 2205 844 2247 tria
868 2203 1032 2259 placita
1064 2203 1272 2260 capitalia
1301 2218 1380 2260 per
1410 2218 1490 2246 nos
1522 2237 1532 2246 .
1569 2235 1579 2246 .
1615 2234 1626 2246 .
1657 2208 1736 2246 aut
1765 2204 1876 2247 alios
1907 2204 1976 2247 ius
2006 2206 2218 2248 hab-entes
2250 2238 2259 2248 .
2293 2239 2302 2248 .
2336 2238 2346 2248 .
2378 2210 2455 2248 aut

499 2299 650 2328 eorum
685 2284 873 2326 balliuos
906 2314 917 2326 .
951 2314 961 2324 .
995 2315 1005 2326 .
1036 2283 1153 2325 infra
1186 2283 1425 2325 dominium
1467 2283 1761 2327 Brechinense
1797 2285 2000 2334 tenenda,
2041 2289 2086 2327 et
2116 2289 2327 2328 ‘tenentes
2367 2286 2456 2328 dic-

499 2370 645 2408 tarum
677 2367 895 2406 terrarum
929 2362 975 2404 in
1011 2362 1275 2405 exercitibus
1311 2363 1474 2405 nostris
1517 2367 1562 2406 et
1595 2364 1720 2420 regni
1757 2364 1920 2407 balliuo
1952 2369 2103 2407 nostro
2139 2366 2368 2422 principali
2403 2367 2456 2407 de

502 2444 688 2487 Brechin
726 2443 990 2486 sufficienter
1026 2441 1184 2484 armati
1220 2442 1345 2484 iuxta
1386 2456 1549 2485 morem
1585 2443 1727 2498 patrie
1769 2444 1934 2486 seruire
1966 2445 2245 2495 tenebuntur,
2288 2460 2455 2488 necnon

503 2560 512 2569 .
546 2559 555 2568 .
589 2559 598 2568 .
631 2525 758 2566 heres
791 2556 801 2566 .
837 2555 845 2564 .
878 2555 888 2564 .
920 2522 966 2564 in
987 2523 1127 2578 primo
1148 2522 1333 2564 introitu
1365 2554 1374 2565 .
1406 2554 1416 2564 .
1449 2552 1458 2565 .
1491 2522 1617 2564 nobis
1649 2555 1658 2564 .
1693 2555 1702 2564 .
1737 2555 1746 2565 .
1778 2523 2069 2566 iuramentum
2090 2524 2314 2567 fidelitatis
2335 2540 2456 2582 pres-

501 2606 628 2656 tabit,
668 2608 711 2647 et
747 2603 862 2660 quod
893 2616 975 2644 nos
1011 2605 1056 2644 et
1094 2615 1369 2644 successores
1404 2605 1580 2644 nostros
1615 2606 1694 2644 aut
1726 2602 1951 2659 episcopos
1985 2603 2301 2647 Brechinenses
2343 2606 2456 2661 siqui

498 2686 662 2728 fuerint
696 2686 961 2740 potestatem
998 2682 1208 2723 habentes
1243 2681 1438 2737 ipsorum
1474 2681 1619 2723 sedem
1655 2681 1867 2723 decanum
1904 2686 1949 2725 et
1989 2684 2219 2726 canonicos
2259 2685 2455 2728 eiusdem

499 2778 710 2824 personas
743 2777 814 2806 res
846 2766 891 2805 et
923 2766 1065 2804 terras
1099 2775 1268 2803 necnon
1303 2761 1589 2803 christianam
1619 2765 1664 2803 et
1692 2761 1979 2803 orthodoxam
2005 2763 2133 2804 fidem
2157 2763 2345 2806 fideliter
2376 2780 2454 2821 pro

501 2860 630 2903 posse
650 2842 950 2887 manutenebit
982 2874 991 2883 .
1027 2871 1039 2884 .
1071 2872 1079 2884 .
1112 2840 1310 2884 Vlterius
1345 2840 1382 2882 si
1414 2873 1424 2883 .
1458 2873 1466 2882 .
1501 2873 1511 2882 .
1543 2841 1752 2883 antedicti
1786 2873 1794 2882 .
1831 2873 1839 2882 .
1872 2872 1883 2884 .
1915 2842 2152 2885 defecerint
2171 2843 2218 2885 in
2240 2844 2453 2888 solutione

581 2957 592 2967 .
627 2926 688 2968 sic
709 2924 824 2980 quod
845 2936 956 2964 vnus
985 2921 1199 2963 terminus
1230 2921 1275 2962 in
1306 2920 1439 2962 alium
1465 2923 1615 2963 currat
1641 2924 1745 2963 tunc
1777 2935 1990 2964 summam
2023 2955 2032 2964 .
2069 2955 2079 2965 .
2111 2953 2120 2965 .
2153 2923 2450 2980 duplicabunt‚

494 3012 539 3050 et
560 3007 597 3048 si
618 3006 703 3048 duo
725 3003 901 3047 termini
931 3004 1110 3044 currant
1142 3000 1187 3042 in
1218 3001 1398 3043 tertium
1429 3005 1533 3042 tunc
1561 3014 1742 3056 presens
1771 3001 2008 3045 infeodatio
2041 3036 2051 3046 .
2088 3035 2097 3046 .
2131 3034 2143 3045 .
2175 3005 2338 3049 nullius
2367 3008 2451 3050 erit

497 3089 667 3133 roboris
699 3119 708 3128 .
743 3117 752 3127 .
787 3116 797 3125 .
828 3081 1004 3139 prouiso
1037 3114 1047 3123 .
1081 3114 1090 3123 .
1124 3113 1133 3123 .
1166 3080 1280 3136 quod
1316 3113 1325 3122 .
1365 3113 1374 3122 ,
1407 3111 1417 3121 .
1455 3079 1581 3122 nobis
1618 3112 1629 3123 .
1665 3111 1675 3123 .
1714 3113 1724 3123 .
1760 3096 1840 3137 pro
1874 3114 1882 3123 .
1922 3115 1931 3124 .
1968 3115 1978 3125 .
2015 3085 2296 3139 pecuniarum
2338 3101 2454 3129 sum-

501 3169 584 3211 mis
616 3201 626 3210 .
659 3199 668 3209 .
703 3197 713 3208 .
744 3168 888 3207 terras
919 3194 928 3204 .
963 3193 972 3203 .
1004 3193 1014 3203 .
1045 3174 1124 3216 per
1147 3164 1345 3202 nostrum
1378 3189 1389 3200 .
1423 3191 1432 3200 .
1457 3191 1467 3201 .
1494 3159 1746 3202 officiariurn
1770 3175 1847 3202 seu
1865 3162 2115 3217 serjandum
2144 3178 2323 3208 namare
2354 3199 2363 3209 .
2400 3200 2409 3209 .
2443 3200 2452 3209 .

505 3263 582 3291 seu
603 3246 735 3289 etiam
768 3276 778 3286 .
810 3275 821 3285 .
854 3274 864 3285 .
896 3240 1137 3283 antedictos
1169 3253 1352 3281 censura
1379 3238 1674 3281 ecclesiastica
1703 3241 1757 3281 ad
1780 3240 2040 3284 solutionem
2071 3276 2080 3286 .
2115 3275 2124 3286 .
2157 3274 2166 3284 .
2198 3247 2455 3301 compellere

503 3328 651 3371 licebit
682 3358 692 3368 .
727 3357 736 3367 .
766 3358 775 3364 .
811 3322 947 3366 saluis
968 3321 1094 3364 nobis
1127 3350 1138 3361 .
1171 3352 1180 3362 .
1214 3352 1224 3362 .
1258 3319 1449 3362 seruitiis
1482 3352 1491 3361 .
1528 3352 1536 3360 .
1571 3352 1579 3361 .
1610 3321 1830 3363 consuetis
1863 3354 1872 3362 .
1906 3353 1915 3363 .
1948 3354 1958 3365 .
1990 3324 2121 3380 Apud
2138 3325 2454 3371 Haliruidhous

503 3407 714 3465 vigesimo
736 3403 886 3460 quinto
908 3402 977 3443 die
1007 3400 1170 3442 mensis
1192 3398 1446 3442 Decembris
1469 3413 1583 3442 anno
1605 3398 1783 3442 Domini
1815 3401 2046 3445 millesimo
2075 3406 2387 3449 sexcentesimo
2410 3415 2454 3451 et

504 3487 630 3544 regni
650 3483 790 3527 nostri
810 3481 1029 3525 tricesimo
1051 3482 1207 3536 quarto
1241 3508 1252 3519 .
