3016 3958
504 665 576 717 64
1089 666 1379 722 CARTAE
1425 666 1918 722 ORIGINALES.

505 853 630 916 apud
679 853 964 917 Maryntoun
1005 854 1100 902 alia
1141 857 1272 904 curia
1307 858 1423 905 dicti
1461 857 1707 905 reuerendi
1743 856 1894 920 patris
1926 870 2067 919 super
2091 855 2293 903 materia
2316 855 2438 902 infra

509 946 735 991 contenta
776 947 824 990 et
867 944 959 991 duo
999 944 1316 993 instrumenta
1355 946 1531 993 ibidem
1574 946 1633 993 de
1674 944 1813 1007 longo
1854 943 1982 992 lecta
2022 959 2127 991 cum
2169 959 2263 992 una
2302 943 2444 992 litera

506 1030 712 1094 sigillata
751 1031 916 1095 sigillis
956 1033 1131 1080 domini
1171 1033 1204 1079 J
1210 1034 1407 1082 ohannis
1445 1035 1502 1081 de
1539 1033 1707 1097 Ogilvy
1743 1034 1801 1081 de
1840 1033 2140 1096 Luntrethyn
2181 1030 2348 1080 militis
2390 1034 2439 1078 et

510 1119 710 1168 Roberti
747 1119 1052 1170 Fowlertoun
1087 1122 1299 1171 scutiferi
1336 1123 1516 1172 inserta
1551 1123 1609 1170 de
1643 1121 1784 1185 longo
1819 1122 1867 1169 in
1891 1138 1984 1169 uno
2022 1121 2444 1170 instrumentorum

511 1229 602 1275 que
638 1214 731 1261 duo
765 1213 1080 1263 instrumenta
1115 1231 1224 1263 cum
1260 1216 1391 1264 dicta
1423 1215 1567 1264 litera
1601 1215 1781 1264 inserta
1814 1219 1926 1264 sunt
1962 1214 2010 1261 in
2047 1214 2250 1277 quodam
2275 1212 2447 1260 instru-

511 1305 671 1349 mento
695 1302 880 1365 signato
903 1303 1047 1366 signis
1070 1307 1119 1352 et
1142 1304 1567 1369 subscriptionibus
1590 1309 1805 1353 nostrum
1839 1304 2129 1353 notariorum
2154 1301 2447 1366 publicorum

513 1391 571 1437 de
608 1390 738 1439 dIcta
770 1391 994 1440 vicesima
1029 1397 1200 1456 quarta
1236 1393 1312 1441 die
1347 1393 1381 1440 J
1386 1392 1468 1440 ulii
1507 1422 1516 1431 ·
1555 1395 1660 1448 Quo
1685 1393 1761 1441 die
1785 1393 1930 1441 sectis
1953 1391 2135 1440 vocatis
2158 1395 2206 1439 et
2231 1391 2362 1439 curia
2386 1406 2447 1437 ex

512 1484 648 1542 parte
685 1480 808 1543 regis
843 1485 892 1528 et
929 1481 1045 1529 dicti
1080 1481 1290 1545 episcopi
1328 1482 1563 1530 affirmata
1587 1482 1806 1545 exposita
1830 1485 1902 1530 est
1927 1496 2070 1529 causa
2093 1479 2448 1529 conuocationis
2506 1474 2510 1478 ’

512 1569 651 1618 istius
674 1570 803 1617 curie
826 1586 912 1633 per
935 1569 1261 1618 Alexandrum
1288 1570 1483 1619 Cristini
1506 1571 1815 1633 sergeandum
1840 1569 1956 1618 dicti
1980 1569 2190 1633 episcopi
2215 1568 2296 1616 viz.
2325 1568 2447 1631 quod

513 1659 554 1707 si
579 1659 658 1721 qui
683 1662 842 1707 essent
867 1659 946 1722 qui
969 1658 1161 1722 aliquod
1189 1659 1270 1721 jus
1303 1659 1618 1708 assedationis
1651 1659 1988 1722 pretenderent
2021 1662 2148 1706 terre
2174 1658 2232 1704 de
2258 1658 2451 1720 Maryn—

515 1752 634 1796 toun
670 1749 794 1811 quod
829 1748 1003 1797 ibidem
1040 1753 1367 1813 comparerent
1404 1753 1453 1798 et
1489 1749 1645 1798 dictus
1679 1748 1968 1796 reuerendus
2002 1751 2140 1811 pater
2162 1746 2452 1795 ministraret

517 1838 586 1886 eis
619 1837 858 1899 justitiam
894 1874 905 1884 .
943 1838 1009 1886 Et
1051 1838 1164 1902 quia
1204 1838 1441 1887 Patricius
1483 1839 1541 1886 de
1584 1836 1888 1886 Fowlertoun
1926 1835 2048 1884 filius
2084 1840 2132 1883 et
2167 1836 2305 1884 heres
2331 1833 2454 1881 Wil-

518 1927 648 1975 lelmi
690 1928 748 1974 de
789 1926 1095 1976 Fowlertoun
1136 1928 1257 1976 bone
1297 1926 1522 1975 memorie
1562 1931 1611 1974 et
1650 1926 1683 1972 J
1688 1929 1827 1974 onete
1866 1926 1925 1972 de
1961 1924 2130 1987 Ogilvy
2165 1940 2248 1973 sue
2284 1938 2454 1987 sponse

520 2017 674 2064 adhuc
699 2016 902 2065 viuentis
926 2032 1120 2080 presens
1154 2016 1202 2063 in
1238 2016 1369 2064 curia
1402 2015 1492 2063 fuit
1528 2015 1608 2079 qui
1645 2014 1881 2063 Patricius
1916 2017 1968 2061 ut
1994 2013 2242 2061 dicebatur
2265 2016 2455 2075 preten-

522 2106 666 2153 debat
694 2107 775 2167 jus
809 2105 1124 2155 assedationis
1159 2106 1219 2152 ad
1256 2105 1518 2168 predictam
1554 2103 1714 2151 villam
1752 2131 1762 2140 ·
1801 2102 1907 2150 Non
1932 2102 2152 2150 obstante
2191 2102 2317 2164 quod
2352 2115 2457 2163 pre-

527 2195 642 2242 dicti
680 2198 818 2258 pater
853 2198 902 2242 et
935 2198 1089 2242 mater
1122 2193 1296 2256 prefati
1332 2192 1528 2241 Patricii
1552 2194 1873 2255 cognouerunt
1896 2206 1947 2239 se
1970 2189 2148 2238 nullum
2171 2190 2345 2237 habere
2369 2205 2456 2236 nec

523 2284 742 2332 habuisse
759 2284 842 2346 jus
865 2283 1176 2332 assedationis
1215 2283 1278 2330 ad
1312 2282 1488 2329 dictam
1511 2285 1688 2329 terram
1714 2281 1771 2327 de
1798 2279 2088 2342 Maryntoun
2111 2295 2141 2326 a
2165 2294 2456 2341 quocumque

525 2373 747 2436 episcopo
786 2371 1094 2419 Brechinensi
1135 2371 1358 2418 defuncto
1401 2369 1474 2418 vel
1508 2370 1733 2417 moderno
1767 2373 1820 2416 ut
1856 2371 2044 2416 constat
2079 2384 2164 2431 per
2201 2367 2329 2415 dicta
2365 2368 2456 2414 duo

528 2463 844 2510 instrumenta
878 2465 927 2508 et
953 2460 1128 2507 dictam
1161 2459 1347 2507 literam
1383 2459 1431 2506 in
1466 2474 1560 2506 uno
1591 2458 1816 2506 insertam
1842 2461 1890 2505 et
1914 2473 1999 2520 per
2022 2457 2383 2505 instrumentum
2410 2457 2458 2503 in

529 2567 621 2614 quo
645 2551 775 2598 dicta
810 2550 902 2597 duo
938 2549 1254 2597 instrumenta
1290 2552 1338 2595 et
1373 2546 1514 2595 litera
1547 2547 1819 2595 inseruntur
1853 2546 2086 2608 signatum
2112 2546 2330 2594 manibus
2353 2561 2460 2593 nos-

528 2647 654 2690 trum
689 2639 977 2689 notariorum
1014 2637 1420 2701 infrascriptorum
1457 2637 1581 2700 apud
1613 2636 1903 2697 Maryntoun
1939 2636 1997 2681 de
2032 2634 2254 2683 vicesima
2291 2638 2460 2698 quarta

531 2732 607 2778 die
642 2730 816 2778 mensis
849 2728 883 2775 J
889 2727 971 2775 ulii
1006 2742 1129 2774 anno
1164 2726 1521 2789 quadragesimo
1555 2725 1758 2788 septimo
1797 2752 1806 2761 ·
1844 2724 1963 2771 Ideo
1997 2724 2154 2772 dictus
2187 2727 2324 2786 pater
2345 2723 2460 2770 fecit

530 2819 705 2884 perlegi
743 2818 873 2865 dicta
908 2817 1000 2863 duo
1035 2815 1349 2863 instrumenta
1382 2830 1488 2861 cum
1535 2813 1676 2861 litera
1721 2814 1770 2861 in
1817 2813 2054 2876 presentia
2101 2812 2217 2860 dicti
2264 2812 2460 2860 Patricii

533 2910 714 2965 Quibus
737 2905 960 2971 perlectis
983 2909 1032 2952 et
1055 2904 1104 2950 in
1127 2902 1307 2966 vulgari
1331 2902 1563 2967 expositis
1601 2902 1772 2966 petiuit
1811 2902 1967 2950 dictus
2003 2901 2289 2948 reuerendus
2324 2904 2461 2963 pater

530 2998 715 3062 prefato
742 2994 950 3043 Patricio
975 2994 1100 3056 quod
1126 2992 1167 3041 si
1185 2992 1265 3054 jus
1288 2991 1604 3040 assedationis
1636 2991 1951 3054 pretendebat
1987 2991 2049 3038 ad
2086 2990 2262 3037 dictam
2299 2987 2457 3035 villam

531 3088 590 3134 de
628 3086 918 3147 Maryntoun
953 3083 1078 3144 quod
1111 3084 1228 3128 tunc
1261 3080 1532 3129 ostenderet
1568 3084 1617 3127 et
1651 3079 1855 3127 libenter
1894 3079 1983 3128 sibi
2020 3078 2256 3141 justitiam
2302 3077 2461 3125 minis-

529 3177 680 3222 traret
705 3173 860 3220 dictus
885 3169 1123 3218 Patricius
1157 3167 1400 3232 respondit
1437 3168 1562 3231 quod
1600 3167 1746 3214 nichil
1780 3171 1895 3214 tunc
1930 3167 2201 3215 ostenderet
2235 3166 2317 3214 sed
2355 3180 2459 3212 cum

528 3268 718 3325 tempus
741 3263 867 3309 esset
901 3259 1079 3307 faceret
1114 3257 1238 3320 quod
1275 3256 1468 3304 deberet
1506 3283 1516 3293 ·
1554 3256 1803 3304 Predictus
1837 3256 2120 3304 reuerendus
2153 3257 2289 3317 pater
2323 3254 2461 3317 repli-

529 3351 660 3400 cauit
684 3350 810 3414 quod
833 3354 947 3397 tunc
970 3351 1160 3410 tempus
1183 3349 1286 3392 erat
1311 3344 1422 3407 quia
1446 3344 1575 3392 dicta
1598 3342 1709 3392 villa
1733 3349 1835 3392 erat
1859 3359 2031 3392 vacans
2054 3344 2101 3391 in
2126 3342 2341 3391 manibus
2364 3344 2461 3391 suis
