<?xml version="1.0" encoding="UTF-8"?>
<!DOCTYPE html PUBLIC "-//W3C//DTD XHTML 1.0 Transitional//EN"
    "http://www.w3.org/TR/xhtml1/DTD/xhtml1-transitional.dtd">
<html xmlns="http://www.w3.org/1999/xhtml" xml:lang="en" lang="en">
 <head>
  <title>
</title>
<meta http-equiv="Content-Type" content="text/html;charset=utf-8" />
  <meta name='ocr-system' content='tesseract 3.04.00' />
  <meta name='ocr-capabilities' content='ocr_page ocr_carea ocr_par ocr_line ocrx_word'/>
</head>
<body>
  <div class='ocr_page' id='page_1' title='image "./registrumepiscop02brecuoft_0033.png"; bbox 0 0 3022 3964; ppageno 0'>
   <div class='ocr_carea' id='block_1_1' title="bbox 1089 607 2475 666">
    <p class='ocr_par' dir='ltr' id='par_1_1' title="bbox 1089 607 2475 666">
     <span class='ocr_line' id='line_1_1' title="bbox 1089 607 2475 666; baseline 0.004 -5"><span class='ocrx_word' id='word_1_1' title='bbox 1089 607 1382 662; x_wconf 82' lang='lat' dir='ltr'><strong>OARTAE</strong></span> <span class='ocrx_word' id='word_1_2' title='bbox 1426 608 1924 663; x_wconf 83' lang='lat' dir='ltr'><strong>ORIGINALES.</strong></span> <span class='ocrx_word' id='word_1_3' title='bbox 2023 661 2026 664; x_wconf 79' lang='grc'>,</span> <span class='ocrx_word' id='word_1_4' title='bbox 2407 614 2475 666; x_wconf 87' lang='grc'><strong>19</strong></span> 
     </span>
    </p>
   </div>
   <div class='ocr_carea' id='block_1_2' title="bbox 518 789 2466 1037">
    <p class='ocr_par' dir='ltr' id='par_1_2' title="bbox 518 789 2466 1037">
     <span class='ocr_line' id='line_1_2' title="bbox 520 789 2466 862; baseline 0.006 -26"><span class='ocrx_word' id='word_1_5' title='bbox 520 789 766 840; x_wconf 90' lang='lat' dir='ltr'><strong>timonium</strong></span> <span class='ocrx_word' id='word_1_6' title='bbox 805 792 1018 857; x_wconf 86' lang='lat' dir='ltr'><strong>Sigillum</strong></span> <span class='ocrx_word' id='word_1_7' title='bbox 1059 801 1271 846; x_wconf 88' lang='lat' dir='ltr'><strong>nostrum</strong></span> <span class='ocrx_word' id='word_1_8' title='bbox 1309 797 1609 861; x_wconf 78' lang='lat' dir='ltr'><strong>presentibus</strong></span> <span class='ocrx_word' id='word_1_9' title='bbox 1654 797 1828 860; x_wconf 87' lang='lat' dir='ltr'><strong>apponi</strong></span> <span class='ocrx_word' id='word_1_10' title='bbox 1866 797 2066 846; x_wconf 81' lang='lat' dir='ltr'><strong>fecimus</strong></span> <span class='ocrx_word' id='word_1_11' title='bbox 2106 799 2231 862; x_wconf 89' lang='lat' dir='ltr'><strong>apud</strong></span> <span class='ocrx_word' id='word_1_12' title='bbox 2280 799 2466 862; x_wconf 81' lang='lat' dir='ltr'><strong>Abbyr-</strong></span> 
     </span>
     <span class='ocr_line' id='line_1_3' title="bbox 520 882 2465 950; baseline 0.003 -20"><span class='ocrx_word' id='word_1_13' title='bbox 520 882 719 931; x_wconf 90' lang='lat' dir='ltr'><strong>brothoc</strong></span> <span class='ocrx_word' id='word_1_14' title='bbox 745 883 964 932; x_wconf 88' lang='lat' dir='ltr'><strong>vicesimo</strong></span> <span class='ocrx_word' id='word_1_15' title='bbox 1000 884 1076 932; x_wconf 92' lang='lat' dir='ltr'><strong>die</strong></span> <span class='ocrx_word' id='word_1_16' title='bbox 1110 885 1286 935; x_wconf 84' lang='lat' dir='ltr'><strong>mensis</strong></span> <span class='ocrx_word' id='word_1_17' title='bbox 1318 886 1538 934; x_wconf 85' lang='lat' dir='ltr'><strong>Januarii</strong></span> <span class='ocrx_word' id='word_1_18' title='bbox 1575 886 1717 934; x_wconf 91' lang='lat' dir='ltr'><strong>Anno</strong></span> <span class='ocrx_word' id='word_1_19' title='bbox 1754 885 1947 933; x_wconf 90' lang='lat' dir='ltr'><strong>Domini</strong></span> <span class='ocrx_word' id='word_1_20' title='bbox 1972 885 2221 935; x_wconf 89' lang='lat' dir='ltr'><strong>millesimo</strong></span> <span class='ocrx_word' id='word_1_21' title='bbox 2246 888 2465 950; x_wconf 89' lang='lat' dir='ltr'><strong>quadrin-</strong></span> 
     </span>
     <span class='ocr_line' id='line_1_4' title="bbox 518 972 1204 1037; baseline 0.004 -18"><span class='ocrx_word' id='word_1_22' title='bbox 518 972 780 1034; x_wconf 85' lang='lat' dir='ltr'><strong>gentesimo</strong></span> <span class='ocrx_word' id='word_1_23' title='bbox 805 973 1156 1037; x_wconf 85' lang='lat' dir='ltr'><strong>decimoquinto</strong></span> <span class='ocrx_word' id='word_1_24' title='bbox 1195 1004 1204 1012; x_wconf 94' lang='lat'>-</span> 
     </span>
    </p>
   </div>
   <div class='ocr_carea' id='block_1_3' title="bbox 518 1159 2462 1308">
    <p class='ocr_par' dir='ltr' id='par_1_3' title="bbox 518 1159 2462 1308">
     <span class='ocr_line' id='line_1_5' title="bbox 521 1159 2462 1240; baseline 0.002 -21"><span class='ocrx_word' id='word_1_25' title='bbox 521 1172 802 1236; x_wconf 88' lang='lat' dir='ltr'><strong>Preceptum</strong></span> <span class='ocrx_word' id='word_1_26' title='bbox 831 1174 976 1236; x_wconf 85' lang='lat' dir='ltr'><strong>Regis</strong></span> <span class='ocrx_word' id='word_1_27' title='bbox 1000 1175 1059 1222; x_wconf 90' lang='lat' dir='ltr'><strong>de</strong></span> <span class='ocrx_word' id='word_1_28' title='bbox 1082 1175 1252 1223; x_wconf 87' lang='lat' dir='ltr'><strong>annuis</strong></span> <span class='ocrx_word' id='word_1_29' title='bbox 1286 1159 1550 1224; x_wconf 68' lang='lat' dir='ltr'><strong>redditibus</strong></span> <span class='ocrx_word' id='word_1_30' title='bbox 1585 1177 1707 1239; x_wconf 87' lang='lat' dir='ltr'><strong>regis</strong></span> <span class='ocrx_word' id='word_1_31' title='bbox 1744 1205 1754 1215; x_wconf 91' lang='lat'><strong>·</strong></span> <span class='ocrx_word' id='word_1_32' title='bbox 1794 1176 2045 1240; x_wconf 85' lang='lat' dir='ltr'><strong>Delyuerit</strong></span> <span class='ocrx_word' id='word_1_33' title='bbox 2068 1176 2128 1223; x_wconf 91' lang='lat' dir='ltr'><strong>be</strong></span> <span class='ocrx_word' id='word_1_34' title='bbox 2151 1177 2183 1222; x_wconf 82' lang='lat' dir='ltr'><strong>J</strong></span> <span class='ocrx_word' id='word_1_35' title='bbox 2190 1177 2282 1223; x_wconf 91' lang='lat' dir='ltr'><strong>hon</strong></span> <span class='ocrx_word' id='word_1_36' title='bbox 2309 1177 2462 1239; x_wconf 86' lang='lat' dir='ltr'><strong>Lang-</strong></span> 
     </span>
     <span class='ocr_line' id='line_1_6' title="bbox 518 1260 674 1308; baseline -0.013 0"><span class='ocrx_word' id='word_1_37' title='bbox 518 1260 626 1308; x_wconf 90' lang='lat' dir='ltr'><strong>well</strong></span> <span class='ocrx_word' id='word_1_38' title='bbox 665 1290 674 1299; x_wconf 88' lang='lat'>-</span> 
     </span>
    </p>
   </div>
   <div class='ocr_carea' id='block_1_4' title="bbox 343 1384 2462 3349">
    <p class='ocr_par' dir='ltr' id='par_1_4' title="bbox 343 1384 2462 3349">
     <span class='ocr_line' id='line_1_7' title="bbox 343 1384 2462 1479; baseline 0.007 -24"><span class='ocrx_word' id='word_1_39' title='bbox 343 1409 486 1455; x_wconf 89' lang='lat' dir='ltr'>XIV.</span> <span class='ocrx_word' id='word_1_40' title='bbox 522 1384 570 1459; x_wconf 81' lang='lat' dir='ltr'><strong>J</strong></span> <span class='ocrx_word' id='word_1_41' title='bbox 581 1415 757 1464; x_wconf 85' lang='lat' dir='ltr'><strong>aeobus</strong></span> <span class='ocrx_word' id='word_1_42' title='bbox 782 1416 875 1464; x_wconf 91' lang='lat' dir='ltr'><strong>Dei</strong></span> <span class='ocrx_word' id='word_1_43' title='bbox 898 1417 1054 1479; x_wconf 86' lang='lat' dir='ltr'><strong>gratia</strong></span> <span class='ocrx_word' id='word_1_44' title='bbox 1079 1418 1188 1466; x_wconf 68' lang='lat' dir='ltr'><strong>Rex</strong></span> <span class='ocrx_word' id='word_1_45' title='bbox 1215 1419 1465 1467; x_wconf 74' lang='lat' dir='ltr'><strong>Scotorum</strong></span> <span class='ocrx_word' id='word_1_46' title='bbox 1505 1419 1709 1469; x_wconf 87' lang='lat' dir='ltr'><strong>Balliuis</strong></span> <span class='ocrx_word' id='word_1_47' title='bbox 1743 1421 1956 1471; x_wconf 85' lang='lat' dir='ltr'><strong>ciuitatis</strong></span> <span class='ocrx_word' id='word_1_48' title='bbox 1981 1422 2316 1470; x_wconf 87' lang='lat' dir='ltr'><strong>Brechinensis</strong></span> <span class='ocrx_word' id='word_1_49' title='bbox 2341 1422 2462 1469; x_wconf 88' lang='lat' dir='ltr'><strong>Nec-</strong></span> 
     </span>
     <span class='ocr_line' id='line_1_8' title="bbox 514 1503 2460 1574; baseline 0.004 -24"><span class='ocrx_word' id='word_1_50' title='bbox 514 1519 606 1551; x_wconf 91' lang='lat' dir='ltr'><strong>non</strong></span> <span class='ocrx_word' id='word_1_51' title='bbox 658 1503 864 1554; x_wconf 89' lang='lat' dir='ltr'><strong>Dilectis</strong></span> <span class='ocrx_word' id='word_1_52' title='bbox 909 1506 1086 1555; x_wconf 87' lang='lat' dir='ltr'><strong>nostris</strong></span> <span class='ocrx_word' id='word_1_53' title='bbox 1126 1506 1404 1556; x_wconf 83' lang='lat' dir='ltr'><strong>Alexandro</strong></span> <span class='ocrx_word' id='word_1_54' title='bbox 1448 1508 1686 1557; x_wconf 89' lang='lat' dir='ltr'><strong>Meldrum</strong></span> <span class='ocrx_word' id='word_1_55' title='bbox 1735 1511 1793 1557; x_wconf 91' lang='lat' dir='ltr'><strong>de</strong></span> <span class='ocrx_word' id='word_1_56' title='bbox 1842 1511 1967 1574; x_wconf 85' lang='lat' dir='ltr'><strong>Segy</strong></span> <span class='ocrx_word' id='word_1_57' title='bbox 2015 1511 2229 1559; x_wconf 87' lang='lat' dir='ltr'><strong>Roberto</strong></span> <span class='ocrx_word' id='word_1_58' title='bbox 2278 1511 2460 1559; x_wconf 88' lang='lat' dir='ltr'><strong>Litstar</strong></span> 
     </span>
     <span class='ocr_line' id='line_1_9' title="bbox 514 1594 2457 1664; baseline 0.004 -24"><span class='ocrx_word' id='word_1_59' title='bbox 514 1594 658 1642; x_wconf 88' lang='lat' dir='ltr'><strong>Petro</strong></span> <span class='ocrx_word' id='word_1_60' title='bbox 699 1594 841 1644; x_wconf 85' lang='lat' dir='ltr'><strong>Seras</strong></span> <span class='ocrx_word' id='word_1_61' title='bbox 880 1595 1077 1644; x_wconf 84' lang='lat' dir='ltr'><strong>ciuibus</strong></span> <span class='ocrx_word' id='word_1_62' title='bbox 1103 1597 1231 1645; x_wconf 89' lang='lat' dir='ltr'><strong>dicte</strong></span> <span class='ocrx_word' id='word_1_63' title='bbox 1273 1597 1486 1647; x_wconf 86' lang='lat' dir='ltr'><strong>ciuitatis</strong></span> <span class='ocrx_word' id='word_1_64' title='bbox 1527 1603 1576 1646; x_wconf 90' lang='lat' dir='ltr'><strong>et</strong></span> <span class='ocrx_word' id='word_1_65' title='bbox 1620 1599 1802 1647; x_wconf 86' lang='lat' dir='ltr'><strong>Thome</strong></span> <span class='ocrx_word' id='word_1_66' title='bbox 1846 1599 2154 1664; x_wconf 82' lang='lat' dir='ltr'><strong>Monypenny</strong></span> <span class='ocrx_word' id='word_1_67' title='bbox 2196 1615 2253 1647; x_wconf 91' lang='lat' dir='ltr'><strong>ac</strong></span> <span class='ocrx_word' id='word_1_68' title='bbox 2295 1615 2457 1647; x_wconf 92' lang='lat' dir='ltr'><strong>eorum</strong></span> 
     </span>
     <span class='ocr_line' id='line_1_10' title="bbox 511 1682 2455 1751; baseline 0.003 -21"><span class='ocrx_word' id='word_1_69' title='bbox 511 1682 706 1731; x_wconf 78' lang='lat' dir='ltr'><strong>cuilibet</strong></span> <span class='ocrx_word' id='word_1_70' title='bbox 744 1684 1031 1732; x_wconf 89' lang='lat' dir='ltr'><strong>coniunctim</strong></span> <span class='ocrx_word' id='word_1_71' title='bbox 1067 1689 1120 1744; x_wconf 83' lang='lat' dir='ltr'><strong>et</strong></span> <span class='ocrx_word' id='word_1_72' title='bbox 1159 1685 1348 1745; x_wconf 85' lang='lat' dir='ltr'><strong>diuisim</strong></span> <span class='ocrx_word' id='word_1_73' title='bbox 1387 1686 1590 1736; x_wconf 86' lang='lat' dir='ltr'><strong>Balliuis</strong></span> <span class='ocrx_word' id='word_1_74' title='bbox 1612 1687 1788 1736; x_wconf 88' lang='lat' dir='ltr'><strong>nostris</strong></span> <span class='ocrx_word' id='word_1_75' title='bbox 1822 1688 1868 1735; x_wconf 94' lang='lat' dir='ltr'><strong>in</strong></span> <span class='ocrx_word' id='word_1_76' title='bbox 1906 1688 1996 1736; x_wconf 83' lang='lat' dir='ltr'><strong>hac</strong></span> <span class='ocrx_word' id='word_1_77' title='bbox 2031 1692 2166 1751; x_wconf 87' lang='lat' dir='ltr'><strong>parte</strong></span> <span class='ocrx_word' id='word_1_78' title='bbox 2192 1688 2405 1736; x_wconf 82' lang='lat' dir='ltr'><strong>Salutem</strong></span> <span class='ocrx_word' id='word_1_79' title='bbox 2445 1717 2455 1726; x_wconf 91' lang='lat'><strong>·</strong></span> 
     </span>
     <span class='ocr_line' id='line_1_11' title="bbox 512 1772 2454 1837; baseline 0.003 -18"><span class='ocrx_word' id='word_1_80' title='bbox 512 1772 636 1828; x_wconf 82' lang='lat' dir='ltr'><strong>Quia</strong></span> <span class='ocrx_word' id='word_1_81' title='bbox 674 1773 774 1822; x_wconf 91' lang='lat' dir='ltr'><strong>Nos</strong></span> <span class='ocrx_word' id='word_1_82' title='bbox 810 1773 859 1821; x_wconf 91' lang='lat' dir='ltr'><strong>in</strong></span> <span class='ocrx_word' id='word_1_83' title='bbox 896 1776 1328 1837; x_wconf 73' lang='lat' dir='ltr'><strong>augmentationem</strong></span> <span class='ocrx_word' id='word_1_84' title='bbox 1355 1775 1504 1823; x_wconf 90' lang='lat' dir='ltr'><strong>diuini</strong></span> <span class='ocrx_word' id='word_1_85' title='bbox 1540 1776 1697 1825; x_wconf 86' lang='lat' dir='ltr'><strong>cultus</strong></span> <span class='ocrx_word' id='word_1_86' title='bbox 1734 1792 1792 1824; x_wconf 88' lang='lat' dir='ltr'><strong>ac</strong></span> <span class='ocrx_word' id='word_1_87' title='bbox 1829 1777 1877 1824; x_wconf 89' lang='lat' dir='ltr'><strong>in</strong></span> <span class='ocrx_word' id='word_1_88' title='bbox 1915 1776 2102 1826; x_wconf 90' lang='lat' dir='ltr'><strong>laudem</strong></span> <span class='ocrx_word' id='word_1_89' title='bbox 2141 1781 2191 1824; x_wconf 86' lang='lat' dir='ltr'><strong>et</strong></span> <span class='ocrx_word' id='word_1_90' title='bbox 2229 1778 2454 1825; x_wconf 90' lang='lat' dir='ltr'><strong>honorem</strong></span> 
     </span>
     <span class='ocr_line' id='line_1_12' title="bbox 511 1861 2451 1929; baseline 0.003 -21"><span class='ocrx_word' id='word_1_91' title='bbox 511 1861 705 1909; x_wconf 91' lang='lat' dir='ltr'><strong>Domini</strong></span> <span class='ocrx_word' id='word_1_92' title='bbox 745 1863 897 1911; x_wconf 89' lang='lat' dir='ltr'><strong>nostri</strong></span> <span class='ocrx_word' id='word_1_93' title='bbox 935 1863 1090 1912; x_wconf 85' lang='lat' dir='ltr'><strong>Jhesu</strong></span> <span class='ocrx_word' id='word_1_94' title='bbox 1133 1863 1280 1914; x_wconf 88' lang='lat' dir='ltr'><strong>Cristi</strong></span> <span class='ocrx_word' id='word_1_95' title='bbox 1321 1865 1688 1929; x_wconf 86' lang='lat' dir='ltr'><strong>beatissimeque</strong></span> <span class='ocrx_word' id='word_1_96' title='bbox 1729 1866 1921 1929; x_wconf 84' lang='lat' dir='ltr'><strong>virginis</strong></span> <span class='ocrx_word' id='word_1_97' title='bbox 1957 1867 2112 1914; x_wconf 88' lang='lat' dir='ltr'><strong>Marie</strong></span> <span class='ocrx_word' id='word_1_98' title='bbox 2148 1870 2198 1915; x_wconf 88' lang='lat' dir='ltr'><strong>et</strong></span> <span class='ocrx_word' id='word_1_99' title='bbox 2245 1867 2451 1914; x_wconf 91' lang='lat' dir='ltr'><strong>omnium</strong></span> 
     </span>
     <span class='ocr_line' id='line_1_13' title="bbox 509 1950 2452 2019; baseline 0.003 -21"><span class='ocrx_word' id='word_1_100' title='bbox 509 1950 792 1999; x_wconf 81' lang='lat' dir='ltr'><strong>Sanctorum</strong></span> <span class='ocrx_word' id='word_1_101' title='bbox 831 1955 880 2000; x_wconf 91' lang='lat' dir='ltr'><strong>et</strong></span> <span class='ocrx_word' id='word_1_102' title='bbox 917 1968 1003 2016; x_wconf 91' lang='lat' dir='ltr'><strong>pro</strong></span> <span class='ocrx_word' id='word_1_103' title='bbox 1041 1952 1196 2001; x_wconf 88' lang='lat' dir='ltr'><strong>salute</strong></span> <span class='ocrx_word' id='word_1_104' title='bbox 1234 1954 1495 2002; x_wconf 87' lang='lat' dir='ltr'><strong>animarum</strong></span> <span class='ocrx_word' id='word_1_105' title='bbox 1537 1955 1772 2018; x_wconf 90' lang='lat' dir='ltr'><strong>quondam</strong></span> <span class='ocrx_word' id='word_1_106' title='bbox 1797 1955 2192 2004; x_wconf 89' lang='lat' dir='ltr'><strong>nobilissimorum</strong></span> <span class='ocrx_word' id='word_1_107' title='bbox 2217 1957 2368 2019; x_wconf 82' lang='lat' dir='ltr'><strong>patris</strong></span> <span class='ocrx_word' id='word_1_108' title='bbox 2403 1960 2452 2003; x_wconf 86' lang='lat' dir='ltr'><strong>et</strong></span> 
     </span>
     <span class='ocr_line' id='line_1_14' title="bbox 506 2040 2448 2108; baseline 0.002 -20"><span class='ocrx_word' id='word_1_109' title='bbox 506 2040 672 2089; x_wconf 90' lang='lat' dir='ltr'><strong>matris</strong></span> <span class='ocrx_word' id='word_1_110' title='bbox 695 2045 964 2090; x_wconf 89' lang='lat' dir='ltr'><strong>nostrorum</strong></span> <span class='ocrx_word' id='word_1_111' title='bbox 999 2058 1196 2106; x_wconf 88' lang='lat' dir='ltr'><strong>quorum</strong></span> <span class='ocrx_word' id='word_1_112' title='bbox 1232 2043 1479 2092; x_wconf 86' lang='lat' dir='ltr'><strong>animabus</strong></span> <span class='ocrx_word' id='word_1_113' title='bbox 1512 2044 1798 2107; x_wconf 85' lang='lat' dir='ltr'><strong>propitietur</strong></span> <span class='ocrx_word' id='word_1_114' title='bbox 1823 2045 1956 2093; x_wconf 89' lang='lat' dir='ltr'><strong>Deus</strong></span> <span class='ocrx_word' id='word_1_115' title='bbox 1978 2060 2162 2092; x_wconf 91' lang='lat' dir='ltr'><strong>necnon</strong></span> <span class='ocrx_word' id='word_1_116' title='bbox 2185 2061 2271 2108; x_wconf 91' lang='lat' dir='ltr'><strong>pro</strong></span> <span class='ocrx_word' id='word_1_117' title='bbox 2295 2044 2448 2094; x_wconf 88' lang='lat' dir='ltr'><strong>salute</strong></span> 
     </span>
     <span class='ocr_line' id='line_1_15' title="bbox 505 2130 2450 2197; baseline 0.002 -19"><span class='ocrx_word' id='word_1_118' title='bbox 505 2130 660 2178; x_wconf 90' lang='lat' dir='ltr'><strong>anime</strong></span> <span class='ocrx_word' id='word_1_119' title='bbox 683 2134 843 2179; x_wconf 87' lang='lat' dir='ltr'><strong>nostre</strong></span> <span class='ocrx_word' id='word_1_120' title='bbox 868 2131 1102 2180; x_wconf 87' lang='lat' dir='ltr'><strong>Dedimus</strong></span> <span class='ocrx_word' id='word_1_121' title='bbox 1123 2132 1440 2181; x_wconf 85' lang='lat' dir='ltr'><strong>concessimus</strong></span> <span class='ocrx_word' id='word_1_122' title='bbox 1462 2133 1852 2181; x_wconf 87' lang='lat' dir='ltr'><strong>mortificauimus</strong></span> <span class='ocrx_word' id='word_1_123' title='bbox 1869 2137 1918 2181; x_wconf 92' lang='lat' dir='ltr'><strong>et</strong></span> <span class='ocrx_word' id='word_1_124' title='bbox 1937 2149 2022 2197; x_wconf 88' lang='lat' dir='ltr'><strong>pro</strong></span> <span class='ocrx_word' id='word_1_125' title='bbox 2040 2133 2175 2181; x_wconf 89' lang='lat' dir='ltr'><strong>nobis</strong></span> <span class='ocrx_word' id='word_1_126' title='bbox 2194 2138 2242 2181; x_wconf 89' lang='lat' dir='ltr'><strong>et</strong></span> <span class='ocrx_word' id='word_1_127' title='bbox 2264 2149 2450 2182; x_wconf 85' lang='lat' dir='ltr'><strong>succes-</strong></span> 
     </span>
     <span class='ocr_line' id='line_1_16' title="bbox 505 2219 2449 2286; baseline 0.001 -18"><span class='ocrx_word' id='word_1_128' title='bbox 505 2219 688 2268; x_wconf 87' lang='lat' dir='ltr'><strong>soribus</strong></span> <span class='ocrx_word' id='word_1_129' title='bbox 710 2220 886 2270; x_wconf 89' lang='lat' dir='ltr'><strong>nostris</strong></span> <span class='ocrx_word' id='word_1_130' title='bbox 908 2221 968 2269; x_wconf 88' lang='lat' dir='ltr'><strong>ad</strong></span> <span class='ocrx_word' id='word_1_131' title='bbox 994 2237 1183 2269; x_wconf 90' lang='lat' dir='ltr'><strong>manum</strong></span> <span class='ocrx_word' id='word_1_132' title='bbox 1207 2226 1444 2270; x_wconf 87' lang='lat' dir='ltr'><strong>mortuam</strong></span> <span class='ocrx_word' id='word_1_133' title='bbox 1468 2238 1554 2286; x_wconf 94' lang='lat' dir='ltr'><strong>pro</strong></span> <span class='ocrx_word' id='word_1_134' title='bbox 1577 2225 1806 2285; x_wconf 87' lang='lat' dir='ltr'><strong>perpetuo</strong></span> <span class='ocrx_word' id='word_1_135' title='bbox 1841 2221 2220 2270; x_wconf 78' lang='lat' dir='ltr'><strong>confirmauimus</strong></span> <span class='ocrx_word' id='word_1_136' title='bbox 2244 2221 2449 2270; x_wconf 89' lang='lat' dir='ltr'><strong>Dilectis</strong></span> 
     </span>
     <span class='ocr_line' id='line_1_17' title="bbox 504 2309 2449 2378; baseline 0.002 -21"><span class='ocrx_word' id='word_1_137' title='bbox 504 2309 679 2358; x_wconf 89' lang='lat' dir='ltr'><strong>nostris</strong></span> <span class='ocrx_word' id='word_1_138' title='bbox 702 2309 832 2358; x_wconf 84' lang='lat' dir='ltr'><strong>chori</strong></span> <span class='ocrx_word' id='word_1_139' title='bbox 856 2309 1056 2358; x_wconf 88' lang='lat' dir='ltr'><strong>ecclesie</strong></span> <span class='ocrx_word' id='word_1_140' title='bbox 1080 2309 1382 2358; x_wconf 86' lang='lat' dir='ltr'><strong>Cathedralis</strong></span> <span class='ocrx_word' id='word_1_141' title='bbox 1407 2310 1741 2359; x_wconf 89' lang='lat' dir='ltr'><strong>Brechinensis</strong></span> <span class='ocrx_word' id='word_1_142' title='bbox 1777 2310 2048 2374; x_wconf 89' lang='lat' dir='ltr'><strong>Capellanis</strong></span> <span class='ocrx_word' id='word_1_143' title='bbox 2072 2327 2299 2359; x_wconf 88' lang='lat' dir='ltr'><strong>summam</strong></span> <span class='ocrx_word' id='word_1_144' title='bbox 2324 2315 2449 2378; x_wconf 83' lang='lat' dir='ltr'><strong>tres-</strong></span> 
     </span>
     <span class='ocr_line' id='line_1_18' title="bbox 504 2399 2448 2462; baseline 0.001 -16"><span class='ocrx_word' id='word_1_145' title='bbox 504 2399 655 2446; x_wconf 89' lang='lat' dir='ltr'><strong>decim</strong></span> <span class='ocrx_word' id='word_1_146' title='bbox 679 2413 942 2447; x_wconf 85' lang='lat' dir='ltr'><strong>marcarnm</strong></span> <span class='ocrx_word' id='word_1_147' title='bbox 978 2403 1028 2447; x_wconf 89' lang='lat' dir='ltr'><strong>et</strong></span> <span class='ocrx_word' id='word_1_148' title='bbox 1063 2403 1172 2448; x_wconf 84' lang='lat' dir='ltr'><strong>octo</strong></span> <span class='ocrx_word' id='word_1_149' title='bbox 1208 2399 1505 2447; x_wconf 88' lang='lat' dir='ltr'><strong>denariorum</strong></span> <span class='ocrx_word' id='word_1_150' title='bbox 1532 2399 1706 2447; x_wconf 88' lang='lat' dir='ltr'><strong>vsualis</strong></span> <span class='ocrx_word' id='word_1_151' title='bbox 1729 2403 1919 2447; x_wconf 84' lang='lat' dir='ltr'><strong>monete</strong></span> <span class='ocrx_word' id='word_1_152' title='bbox 1944 2400 2073 2462; x_wconf 84' lang='lat' dir='ltr'><strong>regni</strong></span> <span class='ocrx_word' id='word_1_153' title='bbox 2097 2400 2248 2447; x_wconf 85' lang='lat' dir='ltr'><strong>nostri</strong></span> <span class='ocrx_word' id='word_1_154' title='bbox 2271 2416 2448 2448; x_wconf 88' lang='lat' dir='ltr'><strong>annua-</strong></span> 
     </span>
     <span class='ocr_line' id='line_1_19' title="bbox 501 2488 2446 2552; baseline 0 -16"><span class='ocrx_word' id='word_1_155' title='bbox 501 2488 588 2536; x_wconf 91' lang='lat' dir='ltr'><strong>tim</strong></span> <span class='ocrx_word' id='word_1_156' title='bbox 629 2488 879 2537; x_wconf 86' lang='lat' dir='ltr'><strong>leuandam</strong></span> <span class='ocrx_word' id='word_1_157' title='bbox 920 2492 970 2536; x_wconf 91' lang='lat' dir='ltr'><strong>et</strong></span> <span class='ocrx_word' id='word_1_158' title='bbox 1010 2488 1362 2552; x_wconf 86' lang='lat' dir='ltr'><strong>percipiendam</strong></span> <span class='ocrx_word' id='word_1_159' title='bbox 1405 2489 1462 2536; x_wconf 94' lang='lat' dir='ltr'><strong>de</strong></span> <span class='ocrx_word' id='word_1_160' title='bbox 1498 2489 1693 2537; x_wconf 90' lang='lat' dir='ltr'><strong>minutis</strong></span> <span class='ocrx_word' id='word_1_161' title='bbox 1727 2488 1829 2536; x_wconf 90' lang='lat' dir='ltr'><strong>siue</strong></span> <span class='ocrx_word' id='word_1_162' title='bbox 1865 2489 2024 2551; x_wconf 89' lang='lat' dir='ltr'><strong>paruis</strong></span> <span class='ocrx_word' id='word_1_163' title='bbox 2065 2489 2240 2536; x_wconf 89' lang='lat' dir='ltr'><strong>nostris</strong></span> <span class='ocrx_word' id='word_1_164' title='bbox 2278 2489 2446 2537; x_wconf 85' lang='lat' dir='ltr'><strong>annuis</strong></span> 
     </span>
     <span class='ocr_line' id='line_1_20' title="bbox 502 2576 2444 2626; baseline 0 -2"><span class='ocrx_word' id='word_1_165' title='bbox 502 2577 766 2626; x_wconf 86' lang='lat' dir='ltr'><strong>redditibus</strong></span> <span class='ocrx_word' id='word_1_166' title='bbox 801 2576 1013 2625; x_wconf 89' lang='lat' dir='ltr'><strong>ciuitatis</strong></span> <span class='ocrx_word' id='word_1_167' title='bbox 1051 2577 1387 2625; x_wconf 88' lang='lat' dir='ltr'><strong>Brechinensis</strong></span> <span class='ocrx_word' id='word_1_168' title='bbox 1423 2578 1666 2625; x_wconf 89' lang='lat' dir='ltr'><strong>antedicte</strong></span> <span class='ocrx_word' id='word_1_169' title='bbox 1702 2578 1761 2623; x_wconf 88' lang='lat' dir='ltr'><strong>ad</strong></span> <span class='ocrx_word' id='word_1_170' title='bbox 1806 2578 1924 2624; x_wconf 89' lang='lat' dir='ltr'><strong>duos</strong></span> <span class='ocrx_word' id='word_1_171' title='bbox 1946 2577 2057 2624; x_wconf 88' lang='lat' dir='ltr'><strong>anni</strong></span> <span class='ocrx_word' id='word_1_172' title='bbox 2082 2577 2310 2624; x_wconf 86' lang='lat' dir='ltr'><strong>terminos</strong></span> <span class='ocrx_word' id='word_1_173' title='bbox 2334 2593 2444 2624; x_wconf 91' lang='lat' dir='ltr'><strong>con-</strong></span> 
     </span>
     <span class='ocr_line' id='line_1_21' title="bbox 501 2664 2440 2729; baseline -0.001 -15"><span class='ocrx_word' id='word_1_174' title='bbox 501 2671 663 2715; x_wconf 87' lang='lat' dir='ltr'><strong>suetos</strong></span> <span class='ocrx_word' id='word_1_175' title='bbox 697 2682 783 2729; x_wconf 90' lang='lat' dir='ltr'><strong>per</strong></span> <span class='ocrx_word' id='word_1_176' title='bbox 816 2664 1009 2729; x_wconf 88' lang='lat' dir='ltr'><strong>equales</strong></span> <span class='ocrx_word' id='word_1_177' title='bbox 1041 2664 1285 2728; x_wconf 87' lang='lat' dir='ltr'><strong>portiones</strong></span> <span class='ocrx_word' id='word_1_178' title='bbox 1318 2665 1402 2712; x_wconf 84' lang='lat' dir='ltr'><strong>viz.</strong></span> <span class='ocrx_word' id='word_1_179' title='bbox 1439 2665 1516 2712; x_wconf 93' lang='lat' dir='ltr'><strong>De</strong></span> <span class='ocrx_word' id='word_1_180' title='bbox 1550 2665 1692 2713; x_wconf 88' lang='lat' dir='ltr'><strong>terris</strong></span> <span class='ocrx_word' id='word_1_181' title='bbox 1727 2665 1903 2712; x_wconf 90' lang='lat' dir='ltr'><strong>domini</strong></span> <span class='ocrx_word' id='word_1_182' title='bbox 1939 2665 1972 2712; x_wconf 78' lang='lat' dir='ltr'><strong>,J</strong></span> <span class='ocrx_word' id='word_1_183' title='bbox 1976 2665 2174 2713; x_wconf 89' lang='lat' dir='ltr'><strong>ohannis</strong></span> <span class='ocrx_word' id='word_1_184' title='bbox 2199 2665 2440 2728; x_wconf 89' lang='lat' dir='ltr'><strong>Chepman</strong></span> 
     </span>
     <span class='ocr_line' id='line_1_22' title="bbox 501 2752 2440 2819; baseline -0.002 -15"><span class='ocrx_word' id='word_1_185' title='bbox 501 2755 734 2819; x_wconf 89' lang='lat' dir='ltr'><strong>capellani</strong></span> <span class='ocrx_word' id='word_1_186' title='bbox 779 2753 1058 2802; x_wconf 85' lang='lat' dir='ltr'><strong>inhabitatis</strong></span> <span class='ocrx_word' id='word_1_187' title='bbox 1101 2769 1187 2817; x_wconf 91' lang='lat' dir='ltr'><strong>per</strong></span> <span class='ocrx_word' id='word_1_188' title='bbox 1224 2752 1517 2800; x_wconf 91' lang='lat' dir='ltr'><strong>Willelmum</strong></span> <span class='ocrx_word' id='word_1_189' title='bbox 1554 2753 1731 2807; x_wconf 81' lang='lat' dir='ltr'><strong>Quhite</strong></span> <span class='ocrx_word' id='word_1_190' title='bbox 1778 2753 1869 2800; x_wconf 91' lang='lat' dir='ltr'><strong>duo</strong></span> <span class='ocrx_word' id='word_1_191' title='bbox 1904 2769 1940 2800; x_wconf 91' lang='lat' dir='ltr'><strong>s.</strong></span> <span class='ocrx_word' id='word_1_192' title='bbox 1976 2753 2070 2814; x_wconf 87' lang='lat' dir='ltr'><strong>viij.</strong></span> <span class='ocrx_word' id='word_1_193' title='bbox 2107 2754 2151 2799; x_wconf 91' lang='lat' dir='ltr'><strong>d.</strong></span> <span class='ocrx_word' id='word_1_194' title='bbox 2189 2753 2264 2800; x_wconf 91' lang='lat' dir='ltr'><strong>De</strong></span> <span class='ocrx_word' id='word_1_195' title='bbox 2300 2754 2440 2801; x_wconf 87' lang='lat' dir='ltr'><strong>terris</strong></span> 
     </span>
     <span class='ocr_line' id='line_1_23' title="bbox 501 2840 2436 2906; baseline -0.003 -13"><span class='ocrx_word' id='word_1_196' title='bbox 501 2845 617 2894; x_wconf 90' lang='lat' dir='ltr'><strong>dicti</strong></span> <span class='ocrx_word' id='word_1_197' title='bbox 655 2845 690 2892; x_wconf 85' lang='lat' dir='ltr'>J</span> <span class='ocrx_word' id='word_1_198' title='bbox 694 2843 894 2892; x_wconf 86' lang='lat' dir='ltr'><strong>ohannis</strong></span> <span class='ocrx_word' id='word_1_199' title='bbox 933 2841 1178 2906; x_wconf 89' lang='lat' dir='ltr'><strong>occupatis</strong></span> <span class='ocrx_word' id='word_1_200' title='bbox 1218 2857 1303 2905; x_wconf 89' lang='lat' dir='ltr'><strong>per</strong></span> <span class='ocrx_word' id='word_1_201' title='bbox 1343 2840 1601 2889; x_wconf 88' lang='lat' dir='ltr'><strong>Isobellam</strong></span> <span class='ocrx_word' id='word_1_202' title='bbox 1642 2841 1813 2888; x_wconf 89' lang='lat' dir='ltr'><strong>Potter</strong></span> <span class='ocrx_word' id='word_1_203' title='bbox 1851 2841 2013 2888; x_wconf 90' lang='lat' dir='ltr'><strong>decem</strong></span> <span class='ocrx_word' id='word_1_204' title='bbox 2055 2841 2232 2890; x_wconf 88' lang='lat' dir='ltr'><strong>solidos</strong></span> <span class='ocrx_word' id='word_1_205' title='bbox 2268 2841 2344 2888; x_wconf 92' lang='lat' dir='ltr'><strong>De</strong></span> <span class='ocrx_word' id='word_1_206' title='bbox 2391 2841 2436 2888; x_wconf 92' lang='lat' dir='ltr'><strong>le</strong></span> 
     </span>
     <span class='ocr_line' id='line_1_24' title="bbox 500 2928 2438 2983; baseline -0.002 -1"><span class='ocrx_word' id='word_1_207' title='bbox 500 2934 646 2983; x_wconf 86' lang='lat' dir='ltr'><strong>forkit</strong></span> <span class='ocrx_word' id='word_1_208' title='bbox 669 2933 775 2981; x_wconf 87' lang='lat' dir='ltr'><strong>akir</strong></span> <span class='ocrx_word' id='word_1_209' title='bbox 808 2936 858 2980; x_wconf 91' lang='lat' dir='ltr'><strong>et</strong></span> <span class='ocrx_word' id='word_1_210' title='bbox 893 2931 1188 2980; x_wconf 89' lang='lat' dir='ltr'><strong>dimidietate</strong></span> <span class='ocrx_word' id='word_1_211' title='bbox 1224 2929 1318 2978; x_wconf 87' lang='lat' dir='ltr'><strong>orti</strong></span> <span class='ocrx_word' id='word_1_212' title='bbox 1341 2928 1651 2978; x_wconf 89' lang='lat' dir='ltr'><strong>occidentalis</strong></span> <span class='ocrx_word' id='word_1_213' title='bbox 1685 2928 1734 2975; x_wconf 91' lang='lat' dir='ltr'><strong>in</strong></span> <span class='ocrx_word' id='word_1_214' title='bbox 1769 2929 1986 2977; x_wconf 90' lang='lat' dir='ltr'><strong>manibus</strong></span> <span class='ocrx_word' id='word_1_215' title='bbox 2012 2929 2239 2977; x_wconf 80' lang='lat' dir='ltr'><strong>Richardi</strong></span> <span class='ocrx_word' id='word_1_216' title='bbox 2266 2930 2438 2978; x_wconf 89' lang='lat' dir='ltr'><strong>Linde-</strong></span> 
     </span>
     <span class='ocr_line' id='line_1_25' title="bbox 500 3017 2437 3085; baseline -0.002 -14"><span class='ocrx_word' id='word_1_217' title='bbox 500 3039 586 3085; x_wconf 85' lang='lat' dir='ltr'><strong>say</strong></span> <span class='ocrx_word' id='word_1_218' title='bbox 610 3021 926 3070; x_wconf 85' lang='lat' dir='ltr'><strong>existentibus</strong></span> <span class='ocrx_word' id='word_1_219' title='bbox 948 3019 1044 3081; x_wconf 86' lang='lat' dir='ltr'><strong>viij.</strong></span> <span class='ocrx_word' id='word_1_220' title='bbox 1070 3035 1106 3067; x_wconf 91' lang='lat' dir='ltr'><strong>s.</strong></span> <span class='ocrx_word' id='word_1_221' title='bbox 1144 3018 1220 3066; x_wconf 92' lang='lat' dir='ltr'><strong>De</strong></span> <span class='ocrx_word' id='word_1_222' title='bbox 1244 3018 1386 3067; x_wconf 85' lang='lat' dir='ltr'><strong>terris</strong></span> <span class='ocrx_word' id='word_1_223' title='bbox 1412 3017 1626 3080; x_wconf 86' lang='lat' dir='ltr'><strong>magistri</strong></span> <span class='ocrx_word' id='word_1_224' title='bbox 1650 3017 1810 3065; x_wconf 91' lang='lat' dir='ltr'><strong>Dauid</strong></span> <span class='ocrx_word' id='word_1_225' title='bbox 1836 3017 2017 3065; x_wconf 83' lang='lat' dir='ltr'><strong>Gardin</strong></span> <span class='ocrx_word' id='word_1_226' title='bbox 2041 3018 2099 3065; x_wconf 86' lang='lat' dir='ltr'><strong>vi.</strong></span> <span class='ocrx_word' id='word_1_227' title='bbox 2125 3034 2161 3066; x_wconf 87' lang='lat' dir='ltr'><strong>s.</strong></span> <span class='ocrx_word' id='word_1_228' title='bbox 2197 3018 2274 3066; x_wconf 91' lang='lat' dir='ltr'><strong>De</strong></span> <span class='ocrx_word' id='word_1_229' title='bbox 2297 3020 2437 3068; x_wconf 85' lang='lat' dir='ltr'><strong>terris</strong></span> 
     </span>
     <span class='ocr_line' id='line_1_26' title="bbox 499 3106 2432 3170; baseline -0.004 -10"><span class='ocrx_word' id='word_1_230' title='bbox 499 3111 735 3160; x_wconf 89' lang='lat' dir='ltr'><strong>Johannis</strong></span> <span class='ocrx_word' id='word_1_231' title='bbox 770 3109 1035 3158; x_wconf 88' lang='lat' dir='ltr'><strong>Dureward</strong></span> <span class='ocrx_word' id='word_1_232' title='bbox 1073 3108 1132 3170; x_wconf 86' lang='lat' dir='ltr'><strong>vj.</strong></span> <span class='ocrx_word' id='word_1_233' title='bbox 1167 3123 1222 3156; x_wconf 85' lang='lat' dir='ltr'><strong>s..</strong></span> <span class='ocrx_word' id='word_1_234' title='bbox 1242 3108 1319 3155; x_wconf 92' lang='lat' dir='ltr'><strong>De</strong></span> <span class='ocrx_word' id='word_1_235' title='bbox 1353 3106 1494 3155; x_wconf 90' lang='lat' dir='ltr'><strong>terris</strong></span> <span class='ocrx_word' id='word_1_236' title='bbox 1529 3106 1781 3165; x_wconf 87' lang='lat' dir='ltr'><strong>Laurencii</strong></span> <span class='ocrx_word' id='word_1_237' title='bbox 1805 3106 1974 3169; x_wconf 87' lang='lat' dir='ltr'><strong>Smyth</strong></span> <span class='ocrx_word' id='word_1_238' title='bbox 2010 3106 2114 3168; x_wconf 80' lang='lat' dir='ltr'><strong>xiij.</strong></span> <span class='ocrx_word' id='word_1_239' title='bbox 2151 3122 2187 3155; x_wconf 89' lang='lat' dir='ltr'><strong>s.</strong></span> <span class='ocrx_word' id='word_1_240' title='bbox 2227 3107 2354 3169; x_wconf 75' lang='lat' dir='ltr'><strong>iiij.0r</strong></span> <span class='ocrx_word' id='word_1_241' title='bbox 2390 3109 2432 3155; x_wconf 90' lang='lat' dir='ltr'><strong>d.</strong></span> 
     </span>
     <span class='ocr_line' id='line_1_27' title="bbox 502 3183 2439 3257; baseline -0.002 -9"><span class='ocrx_word' id='word_1_242' title='bbox 502 3202 577 3248; x_wconf 92' lang='lat' dir='ltr'><strong>De</strong></span> <span class='ocrx_word' id='word_1_243' title='bbox 600 3199 742 3248; x_wconf 86' lang='lat' dir='ltr'><strong>terris</strong></span> <span class='ocrx_word' id='word_1_244' title='bbox 763 3199 797 3246; x_wconf 87' lang='lat' dir='ltr'><strong>J</strong></span> <span class='ocrx_word' id='word_1_245' title='bbox 801 3197 1000 3246; x_wconf 84' lang='lat' dir='ltr'><strong>ohannis</strong></span> <span class='ocrx_word' id='word_1_246' title='bbox 1025 3197 1210 3244; x_wconf 86' lang='lat' dir='ltr'><strong>Guthre</strong></span> <span class='ocrx_word' id='word_1_247' title='bbox 1235 3183 1360 3244; x_wconf 86' lang='lat' dir='ltr'><strong>inter</strong></span> <span class='ocrx_word' id='word_1_248' title='bbox 1385 3196 1502 3243; x_wconf 89' lang='lat' dir='ltr'><strong>duas</strong></span> <span class='ocrx_word' id='word_1_249' title='bbox 1525 3193 1734 3243; x_wconf 87' lang='lat' dir='ltr'><strong>venellas</strong></span> <span class='ocrx_word' id='word_1_250' title='bbox 1767 3195 1875 3256; x_wconf 35' lang='lat' dir='ltr'><strong>xvjs</strong></span> <span class='ocrx_word' id='word_1_251' title='bbox 1897 3210 1935 3243; x_wconf 88' lang='lat' dir='ltr'><strong>s.</strong></span> <span class='ocrx_word' id='word_1_252' title='bbox 1971 3195 2066 3257; x_wconf 86' lang='lat' dir='ltr'><strong>viij.</strong></span> <span class='ocrx_word' id='word_1_253' title='bbox 2103 3197 2147 3243; x_wconf 88' lang='lat' dir='ltr'><strong>d.</strong></span> <span class='ocrx_word' id='word_1_254' title='bbox 2183 3196 2264 3243; x_wconf 93' lang='lat' dir='ltr'><strong>De</strong></span> <span class='ocrx_word' id='word_1_255' title='bbox 2298 3199 2439 3245; x_wconf 90' lang='lat' dir='ltr'><strong>terris</strong></span> 
     </span>
     <span class='ocr_line' id='line_1_28' title="bbox 499 3281 2439 3349; baseline -0.002 -13"><span class='ocrx_word' id='word_1_256' title='bbox 499 3291 531 3336; x_wconf 86' lang='lat' dir='ltr'><strong>J</strong></span> <span class='ocrx_word' id='word_1_257' title='bbox 537 3288 736 3338; x_wconf 87' lang='lat' dir='ltr'><strong>ohannis</strong></span> <span class='ocrx_word' id='word_1_258' title='bbox 772 3285 991 3335; x_wconf 84' lang='lat' dir='ltr'><strong>Tendaill</strong></span> <span class='ocrx_word' id='word_1_259' title='bbox 1028 3285 1192 3333; x_wconf 90' lang='lat' dir='ltr'><strong>decem</strong></span> <span class='ocrx_word' id='word_1_260' title='bbox 1229 3301 1264 3334; x_wconf 88' lang='lat' dir='ltr'><strong>s.</strong></span> <span class='ocrx_word' id='word_1_261' title='bbox 1307 3284 1383 3332; x_wconf 89' lang='lat' dir='ltr'><strong>De</strong></span> <span class='ocrx_word' id='word_1_262' title='bbox 1421 3283 1563 3332; x_wconf 88' lang='lat' dir='ltr'><strong>terris</strong></span> <span class='ocrx_word' id='word_1_263' title='bbox 1604 3281 1833 3331; x_wconf 90' lang='lat' dir='ltr'><strong>Richardi</strong></span> <span class='ocrx_word' id='word_1_264' title='bbox 1877 3283 2053 3346; x_wconf 87' lang='lat' dir='ltr'><strong>Turing</strong></span> <span class='ocrx_word' id='word_1_265' title='bbox 2087 3285 2331 3348; x_wconf 87' lang='lat' dir='ltr'><strong>occupatis</strong></span> <span class='ocrx_word' id='word_1_266' title='bbox 2352 3301 2439 3349; x_wconf 90' lang='lat' dir='ltr'><strong>per</strong></span> 
     </span>
    </p>
   </div>
  </div>
 </body>
</html>
