3016 3958
556 615 664 668 136
1133 614 1424 669 GARTAE
1468 615 1965 674 ORIGINALES.

553 805 729 853 debens
766 804 963 853 ecclesie
1002 804 1262 852 cathedrali
1303 804 1611 852 Brechineusi
1646 821 1851 852 annuum
1889 806 2122 854 redditum
2163 822 2194 853 x
2231 806 2483 855 solidorum

554 895 675 957 quod
703 894 802 957 ipse
827 887 1087 941 reseruauit
1112 893 1200 941 sibi
1225 893 1315 940 nisi
1341 892 1545 956 quinque
1584 892 1760 941 solidos
1784 894 1926 940 annui
1953 894 2165 943 redditus
2189 895 2246 942 de
2271 896 2435 943 eodem
2474 923 2485 932 ·

556 983 621 1030 Et
646 983 692 1030 in
717 983 881 1031 eadem
921 982 1051 1030 curia
1087 998 1172 1044 per
1210 982 1558 1045 inquisitionem
1583 982 1733 1030 totius
1768 982 1896 1030 curie
1921 987 2210 1046 compertum
2247 983 2338 1032 fuit
2361 985 2484 1047 quod

553 1072 793 1135 predictus
829 1071 989 1119 Dauid
1017 1070 1250 1118 Falconer
1273 1087 1365 1118 non
1389 1071 1479 1118 fuit
1504 1086 1744 1134 possessor
1767 1071 1968 1134 predicti
1992 1072 2253 1121 tenementi
2290 1101 2300 1110 -
2337 1072 2413 1120 De
2436 1076 2486 1120 et

553 1178 693 1224 super
729 1161 899 1225 quibus
937 1160 1154 1208 omnibu's
1194 1146 1242 1208 et
1281 1159 1476 1223 singulis
1513 1188 1522 1197 ·
1562 1187 1573 1198 ·
1615 1188 1624 1197 ·
1662 1161 1947 1208 reuerendus
1971 1161 2018 1207 in
2057 1160 2126 1207 Χ0
2147 1165 2285 1224 pater
2310 1160 2498 1208 Willel-

553 1266 658 1298 mus
681 1251 931 1314 episcopus
956 1249 1291 1296 Brechinensis
1314 1265 1344 1296 a
1369 1264 1442 1296 me
1466 1249 1652 1296 notario
1690 1275 1701 1286 ·
1740 1276 1750 1286 ·
1790 1276 1799 1286 ·
1836 1248 1925 1296 sibi
1965 1249 2064 1296 fieri
2094 1250 2232 1313 petiit
2257 1249 2495 1313 publicum

553 1340 915 1388 instrumentum
956 1367 966 1376 ·
1006 1366 1016 1376 -
1057 1366 1066 1375 -
1105 1339 1230 1385 Acta
1252 1338 1442 1385 fuerunt
1467 1338 1554 1384 hec
1594 1338 1641 1383 in
1682 1338 1813 1384 curia
1850 1342 1899 1385 et
1929 1338 2138 1401 pretorio
2162 1339 2495 1402 suprascriptis

556 1457 565 1465 ·
605 1456 615 1466 ·
654 1456 664 1464 -
703 1427 1007 1475 Presentibus
1048 1426 1221 1474 ibidem
1263 1443 1432 1490 magno
1473 1430 1522 1473 et
1563 1430 1759 1489 potente
1803 1426 2014 1490 principe
2058 1426 2216 1474 Dauid
2260 1427 2395 1475 Duce
2434 1429 2492 1475 de

554 1517 797 1565 Montross
835 1515 1110 1563 Alexandro
1151 1515 1335 1563 Guthre
1374 1515 1434 1562 de
1473 1515 1636 1562 eodem
1678 1514 1828 1562 milite
1867 1515 2092 1578 magistro
2133 1517 2342 1564 Henrico
2370 1517 2491 1564 Mel-

552 1607 684 1653 drum
726 1609 1004 1669 precentore
1047 1603 1357 1652 Brechinensi
1401 1603 1560 1651 Dauid
1606 1605 1763 1667 Rossy
1803 1605 1860 1651 de
1903 1606 2067 1652 eodem
2117 1605 2316 1653 Valtero
2364 1607 2488 1654 Cant

554 1694 799 1748 Willelmo
825 1694 990 1756 Nudry
1015 1693 1174 1740 Dauid
1204 1693 1398 1740 Paniter
1425 1692 1657 1754 Magistro
1686 1693 1893 1741 Patricio
1919 1693 2175 1742 Stratoune
2214 1699 2262 1742 et
2303 1695 2488 1743 Willel-

550 1800 626 1832 1n0
654 1784 798 1831 Pater
822 1783 1050 1831 Seriando
1075 1798 1181 1829 cum
1206 1781 1367 1829 multis
1390 1780 1496 1829 aliis
1534 1809 1543 1819 ·
1583 1809 1594 1818 ·
1633 1810 1642 1819 ·

619 1872 684 1921 Et
710 1873 813 1935 Ego
840 1871 1086 1919 Walterus
1110 1870 1254 1918 Clerk
1279 1870 1521 1918 Presbiter
1545 1870 1877 1919 Brechinensis
1902 1872 2114 1920 dioecesis
2137 1873 2349 1922 notarius
2372 1875 2488 1937 pub-

550 1962 668 2009 licus
692 1959 923 2024 imperiali
949 1966 998 2007 et
1023 1958 1168 2022 regali
1192 1959 1530 2007 autoritatibus
1569 1987 1577 1996 ·
1619 1988 1627 1996 ·
1668 1988 1676 1997 ·

552 2163 695 2211 Aliud
716 2163 1088 2211 Instrumentum
1111 2160 1462 2224 Resignationis
1480 2161 1740 2208 tenementi
1758 2161 1994 2210 Johannis
2014 2162 2216 2225 Tyndall
2235 2168 2283 2211 et
2302 2165 2336 2210 J
2341 2169 2479 2213 onete

551 2252 808 2314 Dempstar
831 2251 931 2299 eius
955 2266 1124 2314 sponse
1163 2278 1173 2289 ·
1212 2279 1222 2288 ·
1262 2279 1272 2288 -

289 2403 522 2448 LXXVI·
558 2377 635 2454 In
682 2407 868 2454 nomine
918 2407 1111 2454 Domini
1149 2435 1158 2444 ·
1198 2435 1208 2444 ·
1248 2434 1258 2444 ·
1293 2411 1459 2470 pateat
1507 2407 1753 2454 euidenter
1798 2409 1923 2470 quod
1969 2424 2093 2454 anno
2136 2408 2484 2456 Incarnationis

550 2496 802 2543 Dominice
843 2495 1092 2543 millesimo
1131 2496 1592 2559 quadringentesimo
1633 2497 1934 2558 nonagesimo
1976 2497 2120 2544 tertio
2161 2497 2334 2545 mensis
2383 2497 2482 2558 Maj

549 2585 624 2632 die
669 2601 780 2632 vero
826 2585 1050 2632 vicesimo
1095 2585 1363 2632 Indictione
1405 2584 1684 2632 duodecima
1726 2585 2036 2633 Pontificatus
2073 2614 2083 2623 -
2124 2614 2133 2624 ·
2173 2615 2182 2623 ·
2221 2585 2483 2634 Alexandri

550 2703 560 2711 ·
600 2702 609 2712 ·
649 2702 658 2711 ·
695 2690 815 2737 pape
856 2674 982 2721 sexti
1022 2689 1146 2721 anno
1187 2674 1395 2721 secundo
1435 2702 1444 2711 -
1484 2702 1493 2710 ·
1534 2701 1543 2710 ·
1583 2673 1901 2722 Personaliter
1942 2675 2191 2723 constituti
2237 2673 2483 2722 Walterus

548 2762 747 2825 Tyndell
772 2768 820 2808 et
842 2762 875 2808 J
880 2767 1022 2809 oneta
1046 2762 1304 2825 Dempstar
1327 2763 1427 2810 eius
1462 2777 1635 2826 sponsa
1677 2791 1686 2799 -
1725 2792 1734 2801 -
1775 2791 1784 2801 ·
1823 2765 2057 2826 quoddam
2082 2779 2215 2811 suum
2239 2768 2481 2811 tenemen-

545 2856 647 2900 tum
685 2867 790 2898 cum
831 2851 1128 2913 pertinentiis
1166 2856 1306 2914 prout
1337 2851 1470 2913 jacet
1508 2851 1555 2899 in
1591 2853 1745 2900 fronte
1771 2857 1819 2899 et
1843 2853 1994 2900 cauda
2029 2853 2152 2899 inter
2178 2856 2332 2900 terras
2359 2850 2480 2896 Wil-

547 2939 656 2987 elmi
682 2940 858 3002 Turing
880 2941 939 2987 ad
965 2940 1258 2988 occidentem
1285 2944 1333 2988 et
1357 2945 1512 2989 terras
1533 2941 1567 2987 J
1571 2941 1770 2989 ohannis
1795 2941 1978 2988 Guthre
2013 2941 2074 2988 ad
2103 2940 2332 2988 orientem
2357 2939 2479 2986 infra

547 3029 806 3077 Ciuitatem
848 3029 1215 3078 Brechinensem
1254 3030 1302 3077 in
1344 3030 1561 3078 manibus
1601 3030 1890 3078 honorabilis
1930 3029 2017 3077 viri
2057 3029 2259 3078 Roberti
2303 3028 2478 3076 Jacobi

544 3118 678 3166 vnius
700 3116 978 3165 balliuorum
1003 3118 1129 3166 dicte
1155 3118 1380 3167 Ciuitatis
1403 3134 1488 3182 per
1509 3119 1685 3167 fustem
1708 3122 1757 3166 et
1781 3118 2000 3166 baculum
2027 3146 2037 3156 ·
2077 3146 2087 3155 ·
2126 3145 2137 3156 ·
2162 3117 2418 3180 resignauit
2458 3146 2467 3154 -

546 3207 926 3254 Reseruauerunt
950 3210 1109 3258 tamen
1134 3207 1302 3270 seipsis
1324 3206 1524 3254 liberum
1546 3210 1867 3254 tenementum
1887 3206 2094 3255 eiusdem
2119 3222 2204 3269 pro
2227 3209 2332 3253 toto
2355 3209 2474 3252 tem-

543 3311 655 3357 pore
690 3294 785 3342 vite
821 3310 982 3341 eorum
1018 3299 1067 3342 et
1102 3294 1353 3343 cuiuslibet
1388 3310 1547 3342 eorum
1574 3294 1752 3342 diutius
1776 3295 1978 3343 viuentis
2002 3295 2124 3343 sicut
2160 3294 2302 3341 etiam
2331 3311 2471 3341 unum
