3016 3958
564 633 672 688 128
1116 633 1408 689 OARTAE
1454 633 1954 690 ORIGINALES.

563 823 893 872 executionem
940 824 1137 873 alterius
1183 841 1275 872 non
1324 825 1553 888 impediat
1593 826 1668 874 vel
1715 826 1927 874 retardet
1959 844 1971 877 t
2002 840 2097 872 non
2131 825 2353 874 obstante
2395 826 2503 887 jure

564 913 752 960 dicendi
787 914 911 977 quod
948 914 1028 962 ubi
1058 914 1289 976 judicium
1314 915 1556 978 inceptum
1592 918 1667 963 est
1702 914 1877 962 ibidem
1906 914 2046 962 finem
2070 914 2286 978 accipere
2310 915 2453 963 debet
2485 936 2496 966 l

564 1007 613 1049 et
651 1002 864 1066 qualibet
900 1002 997 1052 alia
1026 1003 1149 1065 juris
1185 1009 1235 1052 et
1271 1005 1387 1052 facti
1425 1005 1709 1069 exceptione
1746 1004 1795 1052 iu
1830 1004 2120 1052 contrarium
2153 1004 2374 1053 facienda
2409 1021 2505 1053 nou

567 1092 788 1139 obstante
820 1103 832 1136 Ι
866 1092 1190 1141 Renunciavit
1208 1093 1400 1157 insuper
1417 1093 1543 1141 idem
1567 1094 1785 1142 dominus
1812 1092 2059 1142 Walterus
2082 1095 2210 1141 omni
2233 1098 2284 1142 et
2307 1094 2505 1142 cuilibet

566 1183 837 1245 exceptioni
862 1204 873 1235 ι
899 1181 997 1231 doli
1020 1204 1032 1236 Ι
1058 1182 1171 1231 mali
1194 1211 1206 1234 l
1225 1183 1297 1231 vis
1322 1205 1334 1235 Ι
1357 1187 1515 1232 motus
1532 1183 1713 1232 fraudis
1739 1207 1750 1238 ι
1771 1182 1966 1231 lesionis
1990 1213 2001 1239 ,
2029 1186 2079 1230 et
2097 1183 2460 1232 machinationis
2486 1205 2498 1237 ι

565 1273 800 1334 presentis
836 1276 1111 1322 contractus
1149 1289 1242 1320 non
1280 1273 1349 1322 sic
1388 1277 1441 1320 ut
1478 1272 1773 1336 premittitur
1806 1272 1925 1320 facti
1960 1271 2187 1319 celebrati
2226 1276 2276 1320 et
2314 1272 2421 1320 initi
2456 1277 2506 1320 et

565 1361 706 1410 aliter
742 1366 827 1411 aut
863 1362 971 1426 plus
1004 1367 1089 1411 aut
1124 1363 1279 1411 minus
1300 1362 1446 1411 fnisse
1481 1363 1660 1410 factum
1685 1366 1735 1410 et
1758 1361 1931 1410 initum
1955 1377 2096 1425 quam
2120 1362 2373 1409 recitatum
2397 1366 2447 1409 et
2482 1378 2508 1409 e

565 1467 792 1500 converso
824 1471 836 1503 ι
868 1452 1177 1516 omnibusque
1200 1451 1308 1500 aliis
1342 1456 1393 1500 et
1427 1450 1623 1514 singulis
1657 1450 2020 1514 exceptionibus
2042 1449 2422 1499 cavillationibus
2456 1457 2507 1499 et

565 1543 769 1592 cautelis
799 1571 810 1597 Ι
844 1542 1014 1606 quibus
1046 1541 1366 1590 mediantibus
1399 1545 1567 1588 contra
1600 1539 1831 1604 premissa
1864 1539 1939 1586 vel
1974 1555 2136 1587 eorum
2168 1539 2330 1603 aliqua
2360 1564 2372 1597 Ι
2404 1540 2505 1603 ipse

566 1633 784 1681 dominus
808 1631 1056 1680 Walterus
1078 1630 1236 1678 facere
1260 1629 1418 1677 dicere
1442 1630 1601 1677 venire
1871 1629 2178 1692 quovismodo
2211 1633 2372 1692 posset

565 1741 648 1772 seu
686 1726 880 1787 possent
912 1745 924 1778 J
958 1721 1024 1768 Et
1048 1719 1320 1784 specialiter
1349 1719 1447 1782 juri
1479 1718 1657 1766 dicenti
1691 1717 1958 1781 generalem
1983 1718 2387 1766 renunciationem
2413 1735 2507 1766 non

566 1813 722 1861 valere
755 1835 766 1866 ι
798 1811 889 1859 nisi
926 1809 1211 1874 processerit
1253 1806 1473 1872 specialis
1513 1811 1564 1855 et
1604 1822 1831 1870 expressa
1867 1835 1878 1844 ·
1916 1805 1984 1855 Et
2023 1806 2199 1854 ibidem
2245 1809 2407 1857 statim
2456 1814 2506 1856 et

568 1903 919 1951 incontinenter
941 1903 1050 1964 post
1086 1898 1304 1962 predicta
1338 1913 1426 1961 pro
1463 1897 1641 1945 maiore
1679 1895 1870 1944 cautela
1900 1920 1912 1952 Ι
1944 1900 1995 1944 et
2031 1897 2210 1945 tutiore
2247 1899 2506 1946 securitate

564 1992 766 2056 predicti
814 1989 1077 2053 Guasparis
1123 1993 1172 2035 et
1218 2003 1408 2035 suorum
1454 1987 1669 2051 prefatus
1714 1986 1931 2034 dominus
1977 1985 2226 2035 Walterus
2269 1988 2418 2050 gratis
2457 1994 2507 2036 et

564 2087 732 2147 sponte
757 2081 974 2128 omnibus
997 2077 1270 2127 melioribus
1292 2078 1370 2125 via
1393 2078 1533 2124 modo
1560 2077 1671 2139 jure
1694 2080 1745 2124 et
1767 2076 1921 2124 forma
1955 2076 2126 2140 quibus
2147 2076 2317 2125 melius
2339 2082 2390 2126 et
2414 2079 2511 2125 effi-

565 2174 723 2220 cacius
764 2173 822 2218 de
857 2170 964 2232 jure
1005 2168 1162 2232 potuit
1204 2171 1255 2215 et
1294 2166 1460 2214 debuit
1496 2166 1612 2213 fecit
1649 2165 1898 2214 constituit
1938 2165 2119 2213 creavit
2157 2170 2207 2213 et
2246 2165 2507 2214 solenniter

565 2262 804 2310 ordinavit
842 2288 856 2317 s
885 2263 936 2307 et
970 2263 1138 2307 tenore
1169 2256 1406 2320 presentis
1444 2255 1623 2319 publici
1663 2253 1967 2303 instrumenti
2003 2254 2122 2302 facit
2163 2256 2412 2304 constituit
2454 2261 2504 2304 et

563 2352 821 2401 solenniter
857 2352 989 2397 creat
1025 2351 1076 2395 et
1112 2346 1302 2394 ordinat
1338 2361 1449 2394 suos
1484 2360 1621 2393 veros
1656 2348 1814 2392 rectos
1850 2343 2088 2407 legitimos
2124 2347 2175 2392 et
2210 2345 2503 2395 indubitatos

563 2445 894 2506 procuratores
914 2462 927 2490 s
957 2441 1146 2485 actores
1178 2458 1189 2490 ι
1219 2435 1426 2483 factores
1451 2457 1463 2489 t
1494 2439 1544 2482 et
1567 2434 1861 2498 negotiorum
1885 2449 2075 2482 suorum
2098 2434 2505 2499 infrascriptorum

563 2536 774 2595 gestores
805 2551 816 2582 ι
848 2544 906 2576 ac
927 2527 1121 2575 nuntios
1144 2523 1376 2589 speciales
1411 2528 1461 2572 et
1497 2522 1742 2587 generales
1772 2543 1785 2575 Ι
1815 2523 1887 2571 ita
1919 2528 2082 2571 tamen
2105 2525 2233 2587 quod
2262 2526 2506 2588 quantitas

563 2618 853 2685 specialitati
878 2633 970 2664 non
997 2617 1192 2677 deroget
1224 2634 1236 2667 Ι
1266 2629 1420 2677 neque
1455 2629 1483 2660 e
1518 2627 1746 2661 converso
1769 2611 1991 2660 videlicet
2014 2613 2235 2676 providos
2257 2618 2307 2661 et
2330 2615 2505 2663 discre-

563 2716 640 2758 tos
675 2710 801 2756 viros
839 2712 888 2754 et
929 2705 1145 2752 dominos
1185 2703 1435 2750 Barthaim
1474 2703 1533 2749 de
1574 2702 1781 2750 Barthes
1819 2705 2131 2749 mercatorem
2174 2702 2500 2752 Florentinum

563 2801 757 2846 Petrum
782 2794 975 2843 Fellarii
998 2793 1297 2840 Jeronimum
1603 2791 1732 2838 dicte
1754 2791 1884 2839 curie
1908 2806 2094 2838 camere
2118 2792 2395 2855 Apostolice
2418 2811 2502 2842 no·

558 2888 709 2936 tarios
742 2907 752 2937 1
785 2899 1040 2947 omnesque
1064 2881 1185 2930 alios
1208 2885 1258 2929 et
1281 2880 1490 2944 singulos
1514 2881 1730 2929 dominos
1756 2884 2088 2944 procuratores
2112 2885 2163 2929 et
2185 2882 2397 2937 notarios
2418 2885 2499 2947 qui

558 2993 684 3025 nunc
707 2979 817 3024 sunt
841 2978 891 3021 et
915 2988 1000 3036 pro
1022 2975 1237 3034 tempore
1258 2970 1421 3018 futuro
1444 2973 1583 3016 erunt
1607 2969 1656 3016 in
1686 2969 1902 3016 Romana
1925 2968 2057 3016 curia
2084 2985 2284 3032 quorum
2307 2972 2500 3020 nomina

559 3072 609 3114 et
633 3064 911 3128 cognomina
946 3061 1024 3108 hic
1060 3059 1224 3107 haberi
1261 3058 1410 3106 voluit
1440 3074 1526 3121 pro
1550 3058 1790 3120 expressis
1821 3077 1833 3109 l
1869 3056 2110 3105 Absentes
2142 3062 2369 3122 tanquam
2393 3078 2500 3124 pre-

561 3160 721 3205 sentes
743 3158 797 3200 ut
820 3150 1079 3215 quemlibet
1115 3149 1162 3195 in
1197 3147 1351 3196 solido
1379 3159 1391 3192 Ι
1426 3147 1506 3194 Ita
1526 3150 1689 3194 tamen
1713 3146 1838 3210 quod
1862 3161 1956 3193 non
1979 3145 2075 3194 sint
2099 3146 2266 3195 melior
2287 3149 2498 3198 conditio

559 3245 778 3309 primitus
801 3239 1060 3303 occupand.
1096 3253 1185 3285 nec
1220 3236 1429 3285 deterior
1450 3234 1783 3298 subsequentis
1813 3248 1825 3280 Ι
1857 3233 1999 3282 Alter
2020 3250 2179 3282 eorum
2205 3236 2254 3283 id
2278 3242 2496 3303 prosequi

562 3335 769 3382 mediare
791 3328 1048 3379 terminare
1084 3331 1134 3374 et
1167 3326 1301 3373 finire
1336 3329 1387 3372 et
1420 3325 1481 3371 ad
1518 3323 1737 3370 effectum
1763 3324 1813 3370 et
1838 3323 2048 3370 debitum
2078 3323 2215 3371 finem
2242 3329 2502 3388 producere
