3016 3958
1070 602 1361 658 GARTAE
1406 601 1902 658 ORIGINALES.
2392 600 2465 652 45

520 790 608 839 bus
632 791 840 839 unanimi
876 807 1109 841 consensu
1145 796 1194 841 et
1229 809 1425 842 assensu
1459 808 1545 856 pro
1582 795 1813 856 perpetuo
1849 789 2064 839 annectit
2102 793 2152 837 et
2191 788 2461 852 incorporat

518 879 668 928 totius
690 879 887 944 capituli
911 881 971 928 ad
996 881 1086 929 hoc
1110 881 1382 945 specialiter
1405 881 1656 930 conuocati
1680 884 1730 929 et
1754 883 1943 928 matura
1978 877 2320 926 deliberatione
2354 893 2460 941 pre-

502 969 684 1017 'habita
706 970 891 1033 prefato
926 970 1172 1034 capellano
1196 971 1244 1018 in
1270 972 1399 1019 dicto
1434 970 1637 1019 seruicio
1670 969 1998 1018 ministratum
2032 968 2173 1016 modo
2198 983 2290 1031 quo
2316 982 2459 1030 supra

518 1058 735 1107 aduniuit
758 1059 988 1106 annexuit
1013 1063 1062 1107 et
1087 1059 1408 1124 incorporauit
1434 1066 1482 1108 et
1506 1076 1593 1124 per
1614 1063 1860 1124 presentes
1883 1057 2050 1106 adunit
2089 1085 2099 1095 ·
2136 1057 2246 1105 Hac
2270 1056 2460 1104 adiecta

519 1147 790 1196 conditione
824 1149 950 1212 quod
985 1165 1173 1212 semper
1209 1150 1432 1214 episcopo
1473 1150 1554 1214 qui
1589 1165 1676 1213 pro
1711 1152 1926 1212 tempore
1961 1146 2106 1195 fuerit
2140 1146 2305 1195 licebit
2330 1146 2460 1194 dicta

516 1236 742 1285 victualia
764 1237 994 1286 redimere
1019 1253 1123 1285 cum
1149 1243 1356 1302 quatuor
1379 1239 1551 1286 marcis
1575 1238 1624 1285 in
1648 1236 1991 1286 sufficientibus
2026 1235 2292 1284 redditibus
2327 1236 2457 1283 dicto

517 1326 763 1390 capellano
786 1327 985 1374 firmiter
1020 1331 1069 1375 et
1107 1343 1271 1375 secure
1307 1327 1562 1390 assignatis
1599 1355 1610 1364 -
1648 1326 1741 1382 Qui
1779 1325 2055 1390 capellanus
2088 1325 2333 1373 annuatim
2369 1341 2456 1388 pro

515 1419 744 1479 perpetuo
768 1420 817 1464 et
842 1415 987 1464 semel
1025 1417 1072 1463 in
1117 1415 1329 1480 qualibet
1368 1417 1632 1464 ebdomada
1669 1416 1744 1464 die
1782 1415 1892 1463 lune
1927 1414 2148 1463 mercurii
2173 1414 2248 1463 vel
2272 1415 2458 1463 veneris

513 1505 686 1553 feriata
718 1509 880 1553 tamen
904 1505 953 1552 in
979 1505 1108 1553 dicta
1147 1505 1331 1569 capella
1364 1506 1556 1554 missam
1589 1522 1675 1570 pro
1712 1505 1958 1554 animabus
1992 1505 2295 1554 fundatorum
2329 1502 2458 1552 dicte

514 1594 694 1658 capelle
733 1598 1087 1642 antecessorum
1130 1598 1179 1642 et
1221 1609 1545 1642 successorum
1593 1595 1850 1642 eorundem
1891 1594 1940 1641 in
1981 1594 2159 1642 honore
2208 1594 2458 1642 Trinitatis

512 1684 653 1732 beate
695 1683 850 1731 Marie
894 1683 1104 1746 Virginis
1142 1686 1191 1731 et
1227 1683 1367 1731 beate
1409 1683 1564 1730 Marie
1615 1682 1896 1746 Magdalene
1934 1683 1983 1731 in
2018 1699 2222 1747 persona
2267 1683 2458 1748 propria
2539 1695 2546 1702 ’

513 1772 773 1821 celebrabit
797 1771 872 1820 vel
895 1772 1118 1835 expensis
1142 1772 1240 1820 suis
1264 1788 1350 1835 per
1385 1771 1529 1819 alium
1566 1771 1796 1820 celebrari
1830 1772 1990 1828 faciet,
2026 1773 2066 1821 si
2104 1773 2342 1837 Episcopo
2378 1775 2455 1820 de-

513 1878 631 1911 cano
656 1866 706 1910 et
730 1861 939 1926 capitulo
958 1861 1177 1909 videatur
1199 1862 1289 1909 hoc
1313 1862 1572 1924 expediens
1596 1864 1645 1909 et
1669 1862 1987 1910 necessarium
2025 1890 2036 1899 ·
2073 1862 2284 1910 Predicti
2309 1862 2453 1910 etiam

513 1953 719 2000 decanus
745 1955 794 1999 et
818 1950 1078 2015 capitulum
1103 1950 1262 1997 vinum
1288 1954 1336 1998 et
1360 1966 1530 2014 panem
1555 1951 1615 1998 ad
1640 1950 1881 2014 predictas
1903 1950 2074 2000 missas
2104 1951 2454 2008 ministrabunt,

511 2040 777 2090 oblationes
800 2044 850 2088 et
875 2039 1146 2087 elimosinas
1171 2039 1436 2087 cotidianas
1460 2039 1588 2087 dicte
1626 2038 1808 2103 capelle
1846 2039 2076 2103 recipient
2112 2045 2161 2089 et
2198 2041 2453 2090 seruabunt

512 2134 562 2179 et
607 2146 696 2195 pro
736 2128 1117 2194 reparationibus
1154 2128 1281 2176 dicte
1318 2127 1500 2192 capelle
1535 2133 1636 2176 tam
1672 2128 1799 2176 intra
1840 2145 1980 2192 quam
2017 2134 2158 2178 extra
2191 2146 2296 2179 cum
2335 2147 2453 2194 opus

510 2219 654 2267 fuerit
678 2218 1014 2268 ministrabunt
1056 2245 1065 2255 ·
1105 2217 1259 2282 Super
1297 2218 1470 2281 quibus
1507 2217 1725 2267 omnibus
1748 2222 1798 2267 et
1821 2217 2018 2282 singulis
2041 2219 2258 2268 dominus
2284 2221 2453 2268 Ricar-

513 2310 600 2357 dus
640 2308 770 2356 Dote
808 2305 1082 2371 capellanus
1123 2306 1250 2354 dicte
1285 2305 1467 2370 capelle
1502 2323 1533 2354 a
1565 2323 1640 2354 me
1676 2307 1864 2355 notario
1900 2334 1911 2344 ·
1951 2336 1963 2346 ·
2006 2336 2015 2346 ·
2052 2308 2142 2356 sibi
2175 2309 2276 2356 fieri
2312 2310 2452 2374 petiit

511 2397 750 2461 publicum
786 2396 1154 2446 instrumentum
1192 2397 1320 2444 Acta
1353 2395 1546 2444 fuerunt
1582 2396 1670 2444 hec
1706 2396 1754 2443 in
1796 2396 2008 2460 capitulo
2049 2397 2249 2446 ecclesie
2290 2400 2451 2447 cathe-

513 2486 657 2536 dralis
705 2484 1040 2534 Brechinensis
1086 2483 1316 2548 predicte,
1363 2485 1504 2532 Anno
1543 2512 1553 2522 ·
1593 2512 1604 2522 ·
1649 2513 1659 2522 ·
1702 2485 1871 2548 quibus
1917 2501 2059 2549 supra
2097 2514 2108 2523 ·
2146 2486 2451 2536 Presentibus

513 2575 714 2625 dominis
752 2576 811 2622 de
849 2573 1059 2638 capitulo
1094 2572 1392 2636 supradictis,
1431 2573 1621 2621 domino
1661 2573 1904 2622 Willelmo
1945 2574 2170 2623 Hei-wart
2194 2576 2368 2624 vicario
2393 2579 2451 2624 de

513 2663 720 2713 Fernual
761 2661 1096 2711 Brechinensis
1143 2661 1358 2709 dioecesis
1403 2665 1453 2709 et
1500 2661 1690 2709 domino
1739 2661 1949 2710 Patricio
1998 2663 2217 2711 Nicholai
2263 2667 2449 2713 notario

511 2754 700 2820 publico
723 2768 830 2801 cum
854 2749 1018 2799 multis
1041 2749 1149 2799 aliis
1186 2777 1196 2787 ·
1236 2777 1246 2788 ·
1285 2777 1296 2787 ·
1333 2749 1400 2798 Et
1424 2750 1486 2797 ad
1510 2749 1712 2813 amplius
1742 2750 2066 2798 testimonium
2103 2752 2259 2801 dictus
2294 2769 2449 2802 reuer—

512 2845 662 2893 endus
683 2845 822 2907 pater
845 2856 981 2889 suum
1017 2838 1218 2902 sigillum
1260 2838 1553 2887 autenticum
1593 2842 1643 2887 et
1677 2839 1912 2902 prefatum
1951 2840 2208 2904 capitulum
2245 2843 2446 2905 sigillum

513 2947 760 2983 commune
788 2929 1090 2995 presentibus
1113 2928 1319 2992 appendi
1353 2927 1568 2976 fecerunt
1603 2927 1653 2975 in
1688 2927 1831 2976 robur
1865 2932 1915 2976 et
1949 2929 2219 2978 firmitatem
2244 2932 2448 2980 omnium

512 3021 878 3088 prescriptorum
917 3056 926 3066 .

581 3112 648 3159 Et
673 3125 759 3173 ego
781 3109 815 3156 J
820 3109 1030 3156 ohannes
1055 3106 1169 3154 Idill
1193 3105 1393 3155 clericus
1417 3105 1759 3155 Sanctiandree
1795 3106 2010 3156 dioecesis
2033 3107 2248 3171 publicus
2272 3112 2448 3159 autori-

513 3205 616 3251 tate
638 3197 873 3265 imperiali
897 3196 1111 3246 notarius
1149 3224 1158 3234 ·
1199 3224 1208 3233 ·
1249 3224 1258 3234 ·
