3016 3958
191 1463 443 1511 XXXIX.

1026 637 1318 693 CARTAE
1363 637 1862 693 ORIGINALES.
2356 637 2428 695 73

473 827 810 876 subscribendo
835 831 884 876 et
908 828 1091 891 signum
1117 844 1271 876 meum
1296 827 1489 877 solitum
1515 832 1564 876 et
1589 832 1870 876 consuetum
1895 843 2095 875 unacum
2133 828 2420 891 appensione

472 915 613 979 sigilli
651 917 914 965 communis
950 918 1232 981 apponendo
1270 917 1570 980 presentibus
1605 917 1780 964 ibidem
1819 916 1950 964 dicto
1976 916 2260 964 Reuerendo
2285 921 2419 979 patre

472 1007 652 1054 decano
688 1007 954 1070 ceterisque
990 1006 1231 1054 canonicis
1266 1006 1553 1070 supradictis
1576 1006 1624 1053 in
1649 1006 1788 1053 fidem
1815 1009 1865 1053 et
1889 1005 2214 1053 testimonium
2240 1006 2422 1068 predic-

469 1099 626 1143 torum
650 1095 924 1160 specialiter
947 1094 1128 1143 vocatis
1155 1098 1204 1143 et
1230 1095 1408 1157 rogatis
1445 1123 1454 1132 ·

471 1297 547 1344 De
574 1298 888 1345 Procuratore
914 1295 1163 1343 Communi
1191 1295 1406 1358 Capituli
1446 1324 1456 1333 ·

477 1420 558 1501 In
595 1453 689 1501 Dei
724 1453 912 1502 nomine
951 1453 1106 1501 Amen
1146 1481 1155 1490 ·
1198 1480 1209 1491 ·
1249 1481 1259 1490 ·
1298 1453 1472 1501 Pateat
1497 1452 1746 1501 euidenter
1768 1455 1894 1517 quod
1919 1470 2044 1503 anno
2068 1456 2419 1504 Incarnationis

469 1547 720 1597 Dominice
744 1546 995 1595 millesimo
1020 1546 1490 1611 quadringentesimo
1513 1547 1876 1611 quadragesimo
1911 1552 2085 1597 octauo
2108 1549 2283 1598 mensis
2306 1565 2417 1597 vero

469 1638 671 1702 Augusti
714 1637 791 1684 die
832 1636 1058 1685 vicesima
1100 1635 1374 1684 Indictione
1416 1636 1668 1684 undecima
1704 1636 2009 1699 pontificatus
2047 1666 2057 1675 —
2097 1666 2107 1675 ·
2147 1666 2156 1676 ·
2196 1638 2415 1686 Nicholai

470 1757 480 1766 ·
520 1757 530 1766 ·
570 1757 579 1767 -
616 1743 738 1791 pape
780 1726 934 1790 quinti
974 1742 1099 1774 anno
1141 1726 1349 1774 secundo
1388 1753 1397 1763 ·
1438 1753 1448 1763 ·
1489 1753 1498 1763 ·
1535 1725 1813 1788 Comparuit
1855 1726 1904 1773 in
1941 1726 2166 1791 Capitulo
2206 1726 2416 1789 generali

468 1817 779 1867 Brechinensi
825 1816 1114 1865 sufficienter
1167 1815 1343 1863 abante
1390 1818 1562 1862 vocato
1608 1815 1897 1863 reuerendus
1943 1815 1990 1862 in
2040 1815 2231 1864 Christo
2279 1819 2417 1879 pater

467 1908 684 1956 dominus
719 1907 754 1954 J
757 1906 967 1955 ohannes
1005 1934 1014 1943 ·
1055 1934 1065 1943 ·
1106 1933 1115 1943 ·
1154 1905 1423 1968 Episcopus
1461 1903 1672 1952 eiusdem
1712 1919 1819 1951 cum
1859 1905 2057 1953 Decano
2082 1909 2131 1952 et
2157 1905 2413 1953 Canonicis

466 1998 661 2046 inferius
698 1995 996 2044 nominandis
1033 2010 1175 2059 super
1212 1994 1413 2042 diuersis
1447 1994 1674 2041 honorem
1702 1997 1752 2041 et
1775 1992 2032 2042 utilitatem
2061 1994 2177 2042 dicti
2203 1992 2413 2057 Capituli

466 2085 874 2140 concernentibus,
914 2084 1040 2132 inter
1077 2099 1168 2146 que
1207 2083 1453 2147 proposuit
1492 2082 1649 2130 dictus
1683 2082 1974 2130 reuerendus
1998 2086 2137 2145 pater
2170 2098 2231 2130 an
2268 2098 2412 2146 expe-

466 2175 589 2224 diret
627 2191 713 2239 pro
751 2175 875 2222 bono
915 2173 1032 2221 dicti
1072 2171 1284 2236 Capituli
1323 2171 1602 2220 continuare
1640 2170 1924 2234 Magistrum
1959 2172 1993 2218 J
1997 2171 2230 2219 ohannem
2257 2172 2411 2234 Lych-

464 2269 582 2313 toun
623 2264 872 2312 Decanum
917 2261 1287 2309 Brechinensem
1328 2264 1597 2324 presentem
1634 2259 1682 2307 in
1717 2263 2073 2323 procuratorem
2116 2276 2410 2308 communem

465 2354 582 2402 dicti
607 2351 818 2417 Capituli
843 2351 967 2400 sicut
1004 2351 1179 2398 abante
1203 2349 1294 2397 fuit
1330 2348 1406 2396 vel
1440 2348 1614 2412 eligere
1638 2347 1783 2396 alium
1811 2349 2104 2396 Canonicum
2134 2350 2194 2396 ad
2231 2349 2410 2397 intran-

466 2445 574 2491 dum
611 2441 815 2490 officium
851 2439 1016 2489 statim
1052 2443 1161 2503 post
1196 2438 1465 2502 proximum
1501 2441 1774 2501 compotum
1811 2438 2015 2485 dandum
2042 2442 2256 2501 tempore
2299 2454 2411 2486 con-

464 2537 614 2588 sueto,
654 2529 901 2595 proposuit
939 2527 1066 2576 ultra
1105 2528 1229 2591 quod
1267 2542 1362 2574 non
1398 2525 1489 2574 fuit
1524 2526 1812 2574 conueniens
1846 2530 1899 2574 ut
1936 2526 2186 2574 videbatur
2208 2528 2407 2574 eundem

464 2620 740 2670 canonicum
779 2633 882 2666 esse
922 2617 1170 2664 Decanum
1207 2631 1264 2663 ac
1301 2614 1609 2662 Communem
1647 2615 2010 2663 Procuratorem
2047 2614 2256 2680 Capituli
2298 2616 2409 2679 quia
2483 2627 2485 2629 ·

465 2710 633 2759 decani
657 2707 861 2757 officium
886 2709 959 2754 est
983 2705 1147 2753 audire
1171 2707 1442 2768 compotum
1469 2703 1730 2752 communis
1764 2704 2084 2767 procuratoris
2118 2709 2168 2753 et
2203 2706 2405 2754 officium

463 2797 784 2863 procuratoris
819 2799 892 2844 est
929 2795 1041 2842 dare
1077 2797 1348 2856 compotum
1386 2793 1446 2840 de
1481 2792 1753 2855 receptione
1789 2796 1838 2840 et
1863 2792 2161 2855 expositione
2200 2809 2407 2842 commu-

463 2888 592 2935 nium
617 2887 845 2935 bonorum
871 2877 1081 2947 Capituli
1120 2910 1130 2919 ·
1169 2882 1454 2944 Suspectum
1478 2881 1587 2928 ideo
1623 2885 1676 2928 ut
1712 2881 1903 2929 dicebat
1939 2882 2095 2931 dictus
2118 2885 2405 2932 reuerendus

464 2981 602 3041 pater
639 2975 888 3024 videbatur
925 2973 1051 3036 quod
1089 2974 1360 3034 compotum
1394 2971 1512 3017 dans
1549 2969 1782 3033 recipiens
1816 2973 1865 3017 et
1900 2969 2110 3019 allocans
2134 2972 2230 3020 sint
2264 2972 2403 3027 idem,

464 3067 571 3114 ideo
599 3079 867 3128 nuncquam
906 3062 1055 3110 visum
1091 3063 1165 3108 est
1201 3059 1248 3106 in
1285 3057 1508 3122 Capitulo
1534 3058 1843 3107 Brechinensi
1879 3061 2003 3123 quod
2041 3060 2265 3108 Decanus
2299 3067 2403 3110 erat

463 3158 742 3219 procurator
765 3150 1038 3205 communis,
1064 3153 1282 3213 preterea
1317 3151 1369 3195 ut
1405 3148 1561 3195 dictus
1596 3148 1882 3196 reuerendus
1916 3152 2055 3211 pater
2078 3149 2280 3206 dicebat,
2306 3151 2403 3198 dic-

465 3247 544 3292 tus
566 3242 791 3291 Decanus
813 3256 907 3289 non
929 3239 1051 3287 bene
1075 3236 1378 3285 ministrabat
1414 3236 1461 3282 in
1495 3235 1652 3309 officio
1675 3237 1996 3299 procuratoris
2029 3242 2083 3286 ut
2118 3240 2402 3288 ostendebat

465 3348 550 3394 per
591 3330 742 3379 multa
782 3327 1000 3391 exempla
1036 3326 1146 3390 quia
1181 3329 1234 3372 ut
1272 3325 1462 3372 dicebat
1498 3341 1560 3371 ex
1596 3340 1688 3387 quo
1724 3325 1949 3374 Decanus
1972 3330 2076 3374 erat
2119 3327 2405 3375 Procurator

1438 3412 1470 3459 lc
