3016 3958
444 2092 579 2140 XCI.

1172 635 1464 691 CARTAE
1509 636 2011 695 ORIGINALES.
2466 648 2573 704 153

615 824 722 887 fyve
748 824 983 872 hundreth
1008 827 1101 873 and
1127 841 1215 874 sax
1250 827 1370 875 zeris
1406 827 1690 890 Quiquidem
1716 827 1879 876 balliui
1903 829 2170 879 huiusmodi
2193 839 2467 897 preceptum
2493 854 2564 885 re.-

614 918 835 963 uerenter
869 916 930 962 ad
966 931 1135 964 manus
1159 920 1442 980 receperunt
1477 920 1527 964 et
1564 932 1650 980 per
1683 933 1759 964 me
1794 918 2034 966 notarium
2064 919 2306 983 publicum
2330 924 2563 990 subscrip-

613 1007 715 1071 tum
756 1004 934 1068 perlegi
974 1005 1189 1053 fecerunt
1228 1033 1238 1043 ·
1276 1005 1382 1060 Quo
1423 1005 1634 1069 perlecto
1676 1006 1800 1053 idem
1836 1006 2003 1056 balliui
2039 1013 2216 1058 statum
2254 1013 2474 1062 saisinam
2511 1021 2560 1065 et

610 1098 948 1147 hereditariam
986 1099 1331 1162 possessionem
1364 1099 1481 1147 dicti
1518 1101 1780 1148 tenementi
1817 1102 2016 1164 prefatis
2051 1103 2084 1149 J
2089 1104 2263 1153 ohanni
2300 1111 2347 1155 et
2382 1108 2416 1154 J
2421 1114 2559 1157 onete

613 1215 623 1224 ·
661 1215 673 1225 «-
713 1216 722 1225 -
760 1189 992 1236 dederunt
1031 1216 1040 1225 -
1080 1217 1090 1226 ·
1131 1216 1140 1225 ·
1179 1190 1306 1236 Acta
1329 1192 1466 1236 erant
1493 1189 1581 1236 hec
1619 1205 1761 1253 super
1783 1191 1980 1239 fundum
2006 1193 2123 1242 dicti
2148 1198 2409 1245 tenementi
2448 1227 2458 1236 ·
2498 1228 2508 1237 ·
2548 1228 2557 1237 ·

608 1277 908 1341 presentibus
943 1278 1117 1325 ibidem
1147 1277 1508 1327 honorabilibus
1543 1278 1656 1327 viris
1692 1279 1903 1328 Patricio
1940 1282 2144 1330 Annand
2183 1284 2429 1335 Willelmo
2474 1288 2557 1335 Ri-

609 1368 740 1415 cardi
764 1367 1046 1415 Alexandro
1071 1367 1356 1417 Crawmond
1394 1371 1443 1414 et
1480 1366 1687 1430 Symone
1726 1367 1924 1417 Walcar
1947 1373 2205 1434 sergeando
2229 1389 2335 1422 cum
2360 1375 2557 1426 diuersis

609 1457 716 1505 aliis
754 1486 764 1494 ·
803 1484 813 1496 ·
854 1485 864 1494 ·

678 1546 751 1602 Et,
777 1562 864 1609 ego
896 1545 1145 1594 Walterus
1181 1545 1324 1593 Clerk
1348 1545 1584 1609 presbiter
1609 1546 1945 1597 Brechinensis
1981 1549 2078 1597 dioc
2101 1551 2316 1610 publicus
2351 1556 2556 1602 auctori-

606 1636 789 1685 tatibus
812 1635 1076 1699 apostolica
1101 1640 1149 1683 et
1175 1634 1321 1698 regali
1348 1635 1563 1683 notarius
1600 1664 1610 1673 ·
1651 1663 1660 1673 ·
1701 1664 1710 1673 ·

608 1840 985 1889 Instrumentum
1027 1838 1183 1887 sasine
1225 1838 1274 1885 in
1314 1838 1523 1886 favorem
1564 1838 1598 1884 J
1602 1838 1801 1887 ohannis
1844 1839 2047 1902 Rugline
2089 1842 2276 1890 heredis
2320 1844 2548 1892 Willelmi

609 1930 924 1994 Mychelsoun
948 1922 1168 1977 avunculi
1191 1928 1265 1977 sui
1303 1956 1313 1966 ·

615 2053 697 2135 In
735 2087 830 2135 Dei
866 2087 1055 2135 nomine
1081 2086 1236 2132 Amen
1275 2112 1286 2124 ·
1325 2112 1335 2123 ·
1375 2113 1384 2121 ·
1421 2088 1590 2147 pateat
1615 2083 1862 2132 euidenter
1896 2088 1945 2131 et
1979 2085 2043 2133 sit
2078 2089 2241 2133 notum
2279 2088 2402 2149 quod
2427 2104 2548 2136 anno

606 2176 957 2226 Incarnationis
1004 2174 1260 2223 Dominice
1308 2172 1558 2221 millesimo
1605 2173 1981 2236 quingentesimo
2029 2178 2168 2222 sexto
2214 2176 2388 2224 mensis
2441 2193 2549 2225 vero

607 2267 781 2315 Marcii
817 2266 894 2316 die
931 2281 1057 2313 nono
1095 2293 1105 2302 ·
1146 2293 1155 2301 ·
1196 2292 1206 2301 ·
1242 2261 1557 2327 personaliter
1591 2262 1881 2311 constitutus
1915 2263 1949 2310 ,J
1953 2264 2162 2312 ohannes
2189 2265 2404 2327 Ruglene
2429 2266 2547 2314 alias

607 2358 844 2405 Tomsoun
867 2355 1048 2402 habens
1072 2358 1121 2401 et
1145 2358 1314 2401 tenens
1348 2353 1397 2399 in
1432 2352 1649 2399 manibus
1684 2352 1781 2400 suis
1816 2353 2054 2415 quoddam
2089 2359 2363 2417 preceptum
2389 2371 2545 2403 reuer-

605 2447 714 2495 endi
749 2446 798 2493 in
835 2444 1026 2493 Christo
1050 2442 1201 2506 patris
1238 2470 1247 2479 ·
1288 2469 1298 2479 ·
1338 2470 1348 2478 ·
1386 2440 1563 2489 domini
1590 2439 1822 2487 Willelmi
1860 2468 1870 2478 ·
1912 2469 1921 2477 ·
1961 2469 1971 2477 ·
2008 2442 2216 2505 episcopi
2258 2444 2544 2491 Brechinen-

603 2538 669 2585 sis
706 2534 909 2583 accessit
946 2534 1006 2580 ad
1044 2531 1281 2595 quoddam
1316 2533 1640 2578 tenementum
1677 2530 1914 2592 quondam
1953 2529 2183 2577 Willelmi
2232 2532 2543 2594 Mychelsoun

595 2628 763 2688 jacens
800 2640 862 2672 ex
899 2627 1034 2686 parte
1072 2619 1291 2668 orientali
1329 2618 1556 2666 Ciuitatis
1595 2617 1930 2666 Brechinensis
1964 2619 2088 2666 inter
2121 2623 2274 2668 terras
2307 2621 2340 2666 J
2345 2621 2542 2669 ohannis

604 2716 788 2764 Guthre
824 2714 886 2761 ad
920 2715 1133 2760 austrum
1170 2713 1219 2756 et
1253 2712 1406 2756 terras
1432 2707 1593 2754 Dauid
1618 2707 1828 2755 Baxster
1861 2707 1922 2754 ad
1957 2708 2147 2755 boream
2183 2712 2232 2755 et
2267 2712 2420 2758 terras
2443 2726 2541 2757 ma-

601 2805 736 2869 gistri
762 2802 968 2851 Walteri
994 2799 1122 2849 Scall
1145 2800 1206 2846 ad
1230 2798 1463 2846 orientem
1487 2799 1536 2843 et
1562 2810 1858 2842 communem
1894 2795 2017 2843 viam
2041 2796 2216 2860 regiam
2240 2798 2301 2844 ad
2325 2798 2541 2846 occiden-

601 2900 700 2943 tem
737 2891 1066 2954 Quodquidem
1100 2891 1377 2952 preceptum
1413 2885 1587 2932 ibidem
1626 2911 1636 2921 ·
1676 2912 1685 2921 ·
1725 2911 1735 2921 ·
1771 2883 2035 2932 honorabili
2074 2886 2174 2933 viro
2215 2887 2359 2934 Petro
2402 2888 2540 2936 Seres

603 2985 684 3032 uni
719 2982 1002 3031 balliuorum
1039 2978 1165 3025 dicte
1199 2974 1425 3023 Ciuitatis
1461 2972 1620 3020 debite
1657 2971 1927 3019 executioni
1967 2973 2166 3021 tradidit
2203 2975 2492 3025 demandans
2530 3005 2539 3014 ·

604 3072 934 3136 Quodquidem
975 3070 1249 3133 preceptum
1294 3064 1418 3111 idem
1461 3063 1632 3110 Petrus
1669 3088 1680 3098 ·
1719 3088 1729 3098 ·
1769 3088 1779 3098 ·
1815 3061 1930 3108 mihi
1970 3062 2155 3110 notario
2195 3063 2386 3126 publico
2431 3066 2539 3113 sub-

602 3164 780 3226 scripto
821 3154 1020 3208 tradidit
1062 3154 1394 3220 perlegendum
1436 3149 1701 3198 huiusmodi
1742 3149 1827 3198 sub
1868 3153 2033 3197 tenore
2078 3150 2320 3200 Williame
2361 3154 2419 3200 be
2456 3154 2537 3201 the

602 3267 761 3314 mercy
796 3250 864 3298 off
900 3248 1007 3296 God
1042 3245 1238 3308 bischop
1274 3243 1342 3290 off
1379 3240 1584 3289 Brechin
1618 3243 1671 3286 to
1705 3255 1792 3286 our
1824 3238 2006 3287 lovittis
2031 3239 2213 3288 Robert
2240 3241 2421 3289 Litster
2444 3244 2536 3289 and

604 3342 736 3390 Petir
760 3341 901 3388 Seres
922 3336 1115 3385 bailzeis
1139 3334 1206 3383 off
1236 3349 1321 3381 our
1354 3331 1471 3380 citte
1496 3329 1564 3378 off
1593 3328 1796 3376 Brechin
1820 3328 2004 3391 greting
2028 3330 2332 3378 Forsamekle
2357 3346 2410 3379 as
2433 3331 2471 3378 it
2496 3332 2535 3380 is

1575 3434 1606 3464 u
