3016 3958
295 2009 541 2055 XXXIV.

554 657 626 709 60
1110 657 1401 712 CARTAE
1445 655 1947 711 ORIGINALES.

553 846 752 894 sationis
789 852 838 895 et
876 848 1073 896 honeste
1112 851 1267 895 vestre
1291 846 1571 911 paternitati
1606 849 1934 909 presentamus
1970 860 2055 908 per
2091 849 2335 908 presentes
2360 846 2493 894 vobis

553 934 813 983 humillime
832 940 881 984 et
899 937 1155 986 affectuose
1174 936 1496 1000 supplicantes
1519 939 1755 998 quatenus
1776 934 2042 998 predictum
2069 934 2306 982 dominum
2331 934 2494 982 Dauid

553 1028 608 1071 ut
632 1025 926 1088 premittitur
962 1042 1047 1089 per
1083 1042 1170 1074 nos
1206 1028 1530 1088 presentatum
1555 1027 1663 1087 post
1687 1023 1835 1087 ipsius
1859 1023 2069 1070 debitam
2094 1023 2492 1071 examinationem

555 1115 616 1161 ad
654 1114 830 1161 dictam
869 1114 1179 1178 capellaniam
1216 1114 1470 1162 admittere
1509 1111 1667 1160 velitis
1702 1111 1879 1160 intuitu
1918 1111 2136 1160 caritatis
2169 1112 2261 1160 sibi
2296 1113 2494 1159 eandem

557 1203 856 1251 conferentes
895 1203 1240 1266 seruiciumque
1281 1201 1370 1250 sibi
1419 1205 1699 1264 perpetuum
1740 1203 1881 1263 prout
1924 1200 1972 1247 in
2013 1200 2160 1248 cartis
2204 1201 2496 1248 fundationis

559 1292 768 1340 eiusdem
804 1292 1075 1340 continetur
1097 1291 1294 1339 firmiter
1321 1290 1606 1353 iniungendo
1645 1317 1655 1326 ·
1694 1290 1752 1336 In
1787 1289 1922 1337 cuius
1956 1289 2326 1352 presentationis
2359 1290 2496 1337 testi-

559 1381 768 1428 monium
814 1381 1017 1444 sigillum
1063 1397 1217 1428 meum
1266 1379 1564 1443 presentibus
1610 1382 1684 1426 est
1739 1393 1999 1441 appensum
2051 1378 2176 1441 apud
2229 1378 2495 1425 Brechinen

561 1469 745 1517 decimo
784 1470 860 1516 die
897 1470 1071 1518 mensis
1108 1469 1313 1531 Augusti
1351 1484 1474 1516 anno
1513 1467 1710 1515 Domini
1745 1466 1994 1515 millesimo
2035 1467 2496 1530 quadringentesimo

561 1558 920 1622 quadragesimo
945 1559 1154 1606 secundo
1193 1586 1203 1595 -

566 1759 848 1822 Resignatio
873 1762 931 1808 de
958 1760 1218 1822 Marytoun
1253 1775 1338 1821 per
1375 1757 1666 1806 Willelmum
1705 1756 1966 1827 Folartoun
1989 1761 2172 1819 patrem
2197 1761 2246 1804 et
2269 1758 2303 1804 J
2307 1762 2495 1806 onetam

565 1849 747 1912 Ogylvy
779 1853 979 1897 matrem
1016 1877 1026 1886 ·

574 1972 654 2054 In
701 2005 889 2053 nomine
937 2004 1131 2052 Domini
1169 2032 1179 2042 ·
1220 2031 1232 2042 ·
1271 2032 1282 2042 ·
1319 2005 1492 2052 Pateat
1533 2003 1779 2051 euidenter
1819 2004 1944 2066 quod
1985 2019 2109 2051 anno
2150 2003 2499 2051 Incarnationis

567 2094 818 2143 Dominice
869 2092 1120 2141 millesimo
1167 2092 1629 2156 quadringentesimo
1675 2092 2033 2155 quadragesimo
2077 2092 2280 2155 septimo
2326 2093 2501 2142 mensis

567 2201 677 2232 vero
722 2185 756 2230 J
761 2183 844 2230 ulii
890 2182 968 2230 die
1015 2182 1240 2230 vicesima
1286 2184 1458 2244 quarta
1506 2180 1766 2228 indictione
1818 2181 2000 2228 decima
2050 2181 2352 2244 pontificatus
2387 2207 2400 2220 e
2439 2209 2450 2218 ·
2489 2210 2499 2218 -

570 2273 789 2321 Nicholai
812 2288 933 2336 pape
958 2271 1110 2335 quinti
1134 2286 1258 2318 anno
1292 2270 1444 2334 primo
1480 2270 1540 2317 In
1574 2274 1787 2318 nostrum
1821 2269 2111 2317 notariorum
2136 2270 2427 2332 publicorum
2453 2275 2502 2319 et

568 2363 763 2411 testium
789 2360 1193 2423 infrascriptorum
1217 2359 1457 2422 presentia
1480 2361 1616 2406 tenta
1649 2358 1740 2405 fuit
1776 2359 1907 2406 curia
1940 2360 2067 2422 apud
2105 2359 2395 2421 Maryntoun
2419 2376 2504 2423 per

570 2451 877 2499 reuerendum
916 2449 965 2495 in
1004 2449 1085 2495 X0¹
1124 2452 1308 2511 patrem
1348 2446 1586 2494 dominum
1619 2447 1654 2493 J
1658 2447 1890 2494 ohannem
1928 2475 1938 2484 ·
1977 2475 1987 2484 ·
2027 2476 2037 2485 -
2075 2448 2362 2512 Episcopum
2388 2449 2505 2496 Bre-

570 2540 841 2587 chinensem
867 2542 916 2585 et
941 2537 1046 2585 eius
1070 2536 1297 2584 balliuum
1321 2535 1480 2583 David
1517 2535 1778 2599 Dempstar
1801 2537 1859 2583 de
1885 2536 2138 2599 Ochtyrles
2173 2553 2234 2584 ex
2269 2537 2505 2601 premuni-

568 2628 699 2676 tione
724 2630 773 2674 et
798 2626 1138 2674 conuocatione
1174 2625 1442 2688 quindecim
1478 2625 1659 2672 dierum
1697 2625 1870 2673 abante
1909 2641 1994 2688 per
2031 2625 2354 2673 Alexandrum
2381 2626 2508 2675 Cris-

565 2716 655 2763 tini
681 2715 953 2763 seriandum
978 2713 1094 2762 dicti
1118 2714 1367 2761 reuerendi
1400 2713 1552 2777 patris
1586 2718 1635 2761 et
1671 2729 1733 2761 ex
1768 2713 1872 2762 eius
1895 2715 2119 2762 mandato
2144 2731 2285 2778 super
2307 2715 2506 2762 materia

566 2803 870 2866 infrascripta
895 2807 947 2850 ut
971 2801 1157 2865 plenius
1180 2802 1303 2849 infra
1327 2802 1502 2849 dicitur
1539 2830 1548 2839 -
1587 2803 1693 2858 Quo
1727 2803 1803 2851 die
1839 2803 1984 2852 sectis
2011 2804 2194 2852 uocatis
2217 2808 2266 2852 et
2291 2804 2421 2851 curia
2443 2819 2505 2850 ex

566 2897 703 2956 parte
745 2892 868 2954 regis
911 2895 960 2939 et
1003 2891 1119 2939 dicti
1160 2891 1368 2954 episcopi
1409 2891 1643 2939 affirmata
1683 2895 1880 2940 vocatus
1919 2896 1993 2940 est
2034 2892 2190 2940 dictus
2231 2891 2506 2939 Alexander

569 2980 765 3028 Cristini
789 2980 849 3027 ad
874 2980 1139 3027 faciendam
1173 2995 1307 3027 suam
1332 2979 1624 3035 relationem,
1649 2979 1730 3042 qui
1754 2980 1802 3027 in
1824 2980 1946 3028 facie
1970 2979 2098 3027 curie
2122 2980 2332 3027 narrauit
2357 2979 2506 3043 quali-

568 3073 644 3116 ter
683 3068 859 3115 dictam
898 3067 1076 3115 curiam
1114 3068 1306 3116 uocauit
1344 3072 1398 3116 ut
1435 3069 1614 3116 dictum
1653 3072 1727 3116 est
1767 3069 2072 3116 conuocando
2104 3083 2267 3116 omnes
2313 3072 2361 3115 et
2407 3084 2506 3115 mo-

571 3158 727 3205 nendo
765 3160 818 3203 ut
857 3157 995 3204 decet
1031 3157 1157 3220 quod
1194 3157 1235 3205 si
1271 3156 1418 3220 aliqui
1453 3157 1790 3220 cuiuscumque
1814 3159 1969 3205 status
2002 3159 2086 3203 aut
2115 3156 2398 3204 conditionis
2422 3171 2504 3204 seu

574 3261 716 3294 sexus
755 3245 1017 3293 existerent
1055 3245 1135 3308 qui
1172 3247 1508 3308 pretenderent
1532 3243 1723 3308 aliquod
1761 3244 1834 3293 ius
1870 3244 2185 3292 assedationis
2221 3260 2307 3307 per
2344 3260 2504 3307 quem-

573 3350 770 3397 cumque
795 3333 1119 3396 episcoporum
1145 3333 1498 3397 precedentium
1523 3333 1623 3381 siue
1645 3333 1679 3379 J
1683 3332 1914 3381 ohannem
1933 3332 2204 3395 episcopum
2229 3333 2503 3380 modernum
